1780 3132
279 143 387 191 >374
601 123 856 194 BANDUnn
906 154 1395 199 AmmnvssnsloNEs

301 262 415 302 huius
444 264 485 302 in
514 264 695 304 adeunda
723 266 925 306 civitatum
951 279 999 306 ac
1022 267 1250 319 oppidorum
1267 271 1516 320 possessione
1544 273 1585 312 iu
1616 276 1700 313 tur-

299 316 408 355 ribus
436 317 586 356 vexilla
623 319 822 369 erigendi,
848 320 890 359 in
918 321 1050 371 adepti
1087 321 1246 360 dominii
1271 329 1554 376 argumentum,
1581 329 1702 366 moris

302 371 522 421 exemplum
551 371 668 410 etiam
696 371 864 412 habetur
893 375 994 424 apud
1024 379 1222 414 auctorem
1242 375 1427 416 chronici
1439 378 1702 420 Alexandrini

299 423 340 462 in
369 423 532 462 loviano
559 437 596 474 p.
627 429 718 475 299,
747 425 815 469 ubi
841 427 890 466 de
915 428 1123 479 metropoli
1148 429 1428 469 Nesibenorum
1455 432 1586 472 Persis
1609 435 1700 473 red-

298 477 393 515 dita.
449 477 498 514 de
525 477 659 518 eadem
686 491 731 518 re
749 479 806 518 sic
824 485 864 519 et
879 480 1131 521 Ammianus:
1162 482 1370 533 postridie
1387 481 1566 526 Bineses
1593 498 1699 527 unus

298 541 357 569 ex
385 527 556 580 Persis,
595 543 714 584 quem
743 535 855 573 inter
883 533 994 575 alios
1021 534 1242 576 excellere
1276 536 1475 588 diximus,
1503 540 1700 581 mandata

300 584 416 634 regis
458 583 670 636 complere
706 585 923 637 festinans
962 591 1174 640 promissa
1210 587 1427 641 floyitabat
1463 594 1700 642 instanter,-

299 640 342 676 et
369 638 564 689 principe
599 642 865 691 permittente
894 639 1079 682 Romano
1121 645 1334 683 civitatem
1359 647 1578 696 ingressus
1601 660 1701 699 yen-

299 692 357 729 iis
386 702 490 730 suae
530 693 690 744 signum
718 693 770 733 ab
794 706 897 734 arce
916 696 1086 746 extulit,
1111 695 1477 749 submiyrationem
1504 712 1530 739 e
1556 703 1701 752 patria

297 743 460 784 civibus
477 748 675 786 nuntians
702 746 951 788 luctuosam.

402 813 495 857 211,
515 814 578 850 13.
637 807 710 861 τὴν
737 808 938 861 τούρμαν]
966 809 1122 862 τούρμα
1147 814 1210 854 bic
1239 827 1312 866 pro
1340 818 1532 868 reyione3
1559 818 1701 870 quippe

296 863 587 913 provinciarum
620 866 894 916 praefecturae
932 867 1277 918 distinguebantur
1309 869 1350 908 in
1392 866 1585 921 τούρμας,
1610 875 1700 912 tur-

295 927 387 955 mae
415 929 510 955 vero
538 916 596 962 εἰς
632 914 762 966 βάνδα
789 932 858 959 seu
895 919 1194 970 τοποτηρησιάς.
1251 922 1307 960 sic
1334 927 1462 963 autem
1490 929 1701 976 propterea

296 970 545 1021 appellatae,
593 972 698 1022 quod
748 973 936 1012 eiusmodi
986 975 1177 1014 militares
1216 979 1367 1015 turmae
1413 977 1455 1016 in
1489 979 1699 1028 praesidiis

295 1028 425 1062 essent
448 1024 490 1063 in
519 1025 634 1064 statis
661 1027 890 1077 regionibus
917 1027 1217 1078 provinciarum.
1249 1033 1288 1067 et
1315 1030 1468 1080 quidem
1494 1031 1592 1071 haec
1619 1045 1699 1073 vox

295 1077 465 1116 occurrit
505 1091 583 1117 non
620 1081 742 1119 semel
779 1081 914 1119 eodem
950 1081 1173 1132 significatu
1218 1082 1321 1133 apud
1357 1083 1589 1136 scriptorem
1625 1098 1698 1126 no-

293 1135 428 1171 strum.

334 1228 337 1233 .
400 1189 493 1236 212,
519 1190 558 1226 8.
615 1182 753 1236 ἐπειὸἡ
793 1183 901 1236 ἔχειν
928 1183 1087 1236 ἔχομεν]
1124 1189 1318 1229 Meursius
1352 1190 1450 1230 haec
1485 1191 1543 1231 ita
1571 1192 1694 1232 inter-

293 1242 485 1290 pretatur,
512 1239 838 1294 quandoquidem
853 1241 1036 1294 praeliis
1066 1255 1159 1283 cum
1174 1241 1377 1284 Romanis
1390 1244 1590 1296 yerendis
1616 1257 1693 1300 pa-

291 1304 366 1333 res
393 1304 553 1334 sumas.

394 1350 487 1396 214,
515 1351 579 1387 13.
636 1345 826 1398 Κύπριος
855 1341 919 1399 ἦν]
949 1350 1051 1402 quod
1078 1350 1214 1390 scribit
1241 1350 1303 1390 hic
1329 1350 1692 1404 porphyrogenitus

287 1399 338 1438 de
362 1401 493 1452 patria
518 1401 724 1442 Iustiniani
751 1402 1014 1455 Rhinotmeti,
1041 1415 1174 1454 nemo,
1211 1404 1313 1456 quod
1341 1406 1485 1454 sciam,
1513 1417 1564 1447 ex
1593 1407 1691 1447 scri-

287 1454 466 1504 ptoribus
494 1455 637 1506 prodit.
693 1460 808 1496 sexta
838 1461 967 1496 autem
1013 1457 1186 1506 synodus
1236 1462 1375 1499 contra
1412 1459 1692 1501 monothelitas

290 1507 548 1548 Constantino
580 1513 695 1560 patre
721 1510 849 1549 adhuc
874 1511 1032 1550 vivente
1057 1511 1194 1551 habita
1219 1511 1305 1551 fuit.

395 1574 487 1622 215,
517 1576 582 1613 14.
637 1569 711 1617 τὰς
737 1571 1011 1624 βαρβαρικάς]
1050 1575 1106 1615 sic
1134 1576 1176 1615 in
1217 1575 1351 1616 eodem
1377 1588 1552 1626 canone3
1590 1578 1694 1629 apud

288 1626 670 1678 Porphyrogenitum
699 1639 796 1666 vero
823 1627 897 1665 τοῦ
917 1629 1185 1679 βαρβαρικοῦ.

390 1689 498 1731 Ibid.
530 1695 599 1731 19.
656 1690 1007 1742 διαφυλαχθῆναι]
1050 1705 1257 1745 perperam
1306 1694 1455 1746 legitur
1499 1694 1538 1734 in
1577 1694 1695 1734 editis

285 1741 533 1794 διαχθῆναις
560 1744 630 1785 sed
655 1745 798 1797 optime
828 1745 1023 1786 Meursius
1052 1748 1243 1788 emendat.
1305 1747 1346 1787 in
1370 1760 1521 1788 canone
1544 1748 1694 1800 legitur

285 1796 595 1848 ὃιατηρηθῆναι.
1655 1823 1659 1827 ’

391 1856 483 1901 216,
516 1856 554 1891 1.
609 1849 682 1903 τήν
724 1851 819 1890 νέαν
842 1848 1264 1901 Ἱουστινιανούπολιν]
1303 1854 1459 1907 Cyprus
1492 1853 1564 1893 νέα
1587 1852 1692 1894 Ἰου-

283 1901 611 1951 στινιανούπολις
638 1912 678 1946 et
706 1905 875 1955 δευτέρα
898 1902 1164 1945 Ἰουστινιάνα
1192 1907 1410 1948 dicebatur.
1465 1913 1580 1949 erant
1596 1921 1694 1948 vero

283 1959 614 2010 Iustinianopoles
650 1961 734 2000 sive
770 1961 1009 2000 Iustinianae
1037 1966 1140 2009 tres,
1168 1961 1297 2011 prima
1323 1962 1490 2011 Amris,
1519 1963 1692 2024 scfuuda

285 2012 451 2063 cyprus,
479 2014 598 2054 tertia
616 2013 855 2054 Chalcedon.
911 2014 1107 2054 Codiuus:
1136 2010 1240 2051 α’λλά
1271 2011 1319 2066 δὴ
1348 2012 1419 2053 καί
1442 2015 1519 2054 τοῦ
1546 2027 1693 2065 αρχιε-

278 2063 476 2103 πισκόπου
502 2064 666 2117 πρώτης
692 2066 995 2118 Ἰουστινιανῆς,
1024 2066 1223 2117 Ἀχρίδος,
1254 2067 1324 2106 καί
1348 2063 1478 2120 πάσης
1504 2068 1694 2118 Βουλγα-

277 2119 382 2170 (κάς,
410 2116 502 2160 ἐπεὶ
530 2119 704 2170 δευτέρα
739 2118 999 2171 'lovennam'
1031 2117 1136 2159 ἐστιν
1175 2117 1199 2170 ἡ
1230 2118 1400 2173 Κύπρος
1427 2120 1499 2160 καί
1523 2119 1690 2173 τρίτηῆ

279 2170 532 2223 Καρχηδιόν.
560 2175 711 2216 Mssuns.

383 2235 491 2277 Ibid.
560 2239 633 2288 τῆς
662 2238 977 2277 Κωνσταντίνου
1007 2236 1159 2284 πόλεως
1197 2240 1346 2291 legitur
1390 2243 1430 2279 et
1468 2240 1511 2280 in
1554 2240 1689 2280 eodem

277 2303 440 2330 canone.
497 2304 634 2332 verum
659 2293 902 2344 Beveregius
926 2293 967 2332 in
995 2294 1129 2333 codice
1155 2293 1471 2333 Amerbachiano
1499 2294 1687 2345 seriptum

276 2345 393 2384 etiam
422 2346 571 2395 reperit
596 2345 667 2396 τῆς
695 2345 775 2384 τῶν
797 2346 1137 2384 Κωνσταντινέων
1163 2342 1330 2397 πόλεως,
1359 2351 1400 2386 et
1423 2346 1530 2387 hanc
1552 2359 1688 2388 veram

278 2410 328 2436 ac
358 2399 571 2449 genuinam
606 2400 814 2440 lectionem
845 2412 932 2439 esse
973 2401 1227 2440 demonstrat.
1297 2400 1389 2439 vide
1419 2401 1620 2440 Zonaram
1650 2407 1689 2440 et

275 2450 561 2503 Balsamonem‚
590 2459 630 2493 et
651 2466 751 2506 quae
777 2454 833 2493 ibi
860 2454 1028 2494 adnotat
1054 2454 1238 2494 laudatus
1265 2452 1508 2505 Beveregius
1535 2467 1573 2505 p.
1595 2456 1687 2494 154.

386 2514 492 2557 Ibid.
511 2520 576 2556 20.
635 2512 880 2562 Καλλίνικός
906 2517 981 2569 τις]
1012 2519 1061 2557 de
1086 2518 1180 2570 igue
1193 2518 1347 2557 Graeco
1376 2518 1549 2570 loquitur
1575 2517 1691 2558 etiam

280 2581 402 2620 supra
430 2583 463 2608 c.
499 2574 551 2609 13
577 2572 750 2621 scriptor
774 2576 936 2619 noster;
976 2573 1045 2611 sed
1074 2573 1164 2611 vide
1192 2584 1293 2624 quae
1320 2571 1375 2610 ibi
1402 2572 1689 2613 adnotavimus.

275 2623 367 2662 vide
394 2624 486 2664 item
517 2623 734 2664 cedrenum
762 2631 801 2664 et
830 2626 1030 2665 Zonaram
1070 2625 1111 2665 in
1141 2627 1276 2665 eodem
1305 2625 1522 2677 Pogonato.
