1780 3132
272 193 343 232 DE
380 190 827 234 AnmlleTRANDo
869 193 1092 234 lMPEmo
1132 189 1249 234 CAP.
1284 193 1351 235 51.
1453 182 1545 233 241

114 286 141 346 ἢ
167 284 457 344 κανδιδᾶτοςῆ
479 292 667 346 στρὰτωρ
689 289 717 346 ἢ
742 291 788 333 τό
818 290 922 332 πολὺ
942 289 1191 345 σπαθάριος.
1246 291 1319 332 έπί
1345 290 1391 331 δὲ
1420 291 1555 332 Λέον-

113 372 181 406 τος
218 358 296 398 τοῦ
335 357 530 408 αόιδίμου
575 360 647 398 καί
700 356 947 413 σοφωτάτου
981 357 1187 410 βασιλέως
1223 350 1343 406 οὗτος
1370 356 1498 409 μόνος
1536 353 1557 395 ὃ

113 419 294 476 Μιχαὴλ
334 421 515 476 ἐτιμήθη
549 420 784 476 σπαθιὲριος
813 423 885 463 καί
910 420 1018 474 μετὰ
1057 425 1190 464 ταῦτα
1221 423 1557 478 σπαθαροκανδι-

113 487 248 536 darec.
306 486 376 528 διὰ
417 489 464 528 δὲ
498 487 543 530 τό
585 486 827 543 ἀδιάκριτον
870 490 948 528 τοῦ
988 488 1209 540 πατρικίου
1238 488 1556 529 Κωνσταντίνου

77 558 102 591 ’5
115 555 490 607 παρακοιμωμένου
516 551 728 607 γεγόνασιν
754 551 793 594 οἱ
817 553 1133 607 πρωτοκάραβοι
1160 554 1559 607 σπαθαροκανδιδᾶ-

111 631 176 658 τοι
203 619 276 659 καί
305 614 425 667 οὗτος
454 617 476 659 ό
508 619 692 672 Μιχαὴλ
734 617 1125 673 πρωτοσπαθάριος.
1179 620 1254 660 τοῦ
1280 620 1326 659 δὲ
1352 619 1558 671 βασιλέως

111 684 191 724 τοῦ
216 684 347 738 κυροῦ
369 684 586 736 Ῥωμανοῦ
629 682 874 733 ἀνελθόντος
907 686 951 726 έν
978 686 1035 740 τῷ
1062 686 1249 740 παλατίῳ
1281 686 1351 725 καί
1381 687 1455 738 τῆς
1480 687 1594 737 βαι-Ρ
1611 694 1676 728 143

112 748 271 797 σιλείας
311 749 388 790 οὐκ
425 745 503 791 οἶδ’
552 747 664 798 ὅπως
699 751 830 791 εἰπεῖν
864 751 1086 804 ἐγκρατοῦς
1113 749 1351 802 γενομένου,
1379 747 1451 791 τόν
1479 752 1558 802 μὲν

116 811 320 856 Θεόδοτον
347 814 418 856 διὰ
447 814 524 869 τῆν
551 813 656 870 πρὸς
670 818 986 857 Κωνσταντῖνον
1015 814 1085 856 τὸν
1106 815 1381 870 φιλόχριστον
1408 813 1559 856 δεσπό-

60 885 188 933 Ῑθτην
242 878 316 921 κατ’
349 883 525 933 βασιλέα
570 875 736 922 εὔνοιαν
783 880 832 921 οὐ
884 879 1012 933 μόνον
1059 882 1291 935 διεδέξατο,
1342 880 1446 922 α’λλὰ
1489 883 1564 922 καί

111 943 185 998 τήν
225 944 296 986 διὰ
345 947 510 999 δαρμοῦ
550 945 623 987 καί
669 947 823 1000 κουρᾶς
873 946 1079 1000 ὑπεξῆλθε
1128 947 1355 1001 τιμωρίαν,
1397 946 1470 987 καί
1516 949 1562 988 ἐν

111 1012 298 1066 διηνεκεῖ
330 1014 597 1066 παρέπεμπεν
624 1012 791 1067 ἑξορίᾳ,
830 1012 875 1053 έν
914 1005 943 1067 ᾗ
983 1013 1056 1052 καί
1090 1011 1147 1067 τῷ
1189 1014 1300 1052 τέλει
1344 1011 1421 1053 τοῦ
1462 1013 1561 1065 βίου

111 1076 347 1131 ἐχρήσατο,
391 1075 521 1125 εἰέσας
550 1075 622 1118 τὸν
660 1076 738 1118 σὺν
779 1078 894 1133 αὐτῷ
932 1077 1259 1130 πρωτοκάραβον
1291 1079 1560 1118 Κωνσταντῖ-

110 1136 180 1184 νον
208 1143 362 1184 ἐκεῖνον
387 1142 460 1183 τὸν
493 1140 738 1196 Λωρικάτον
767 1141 839 1183 διὰ
886 1140 933 1182 τό
967 1142 1037 1182 διὰ
1070 1140 1207 1197 φόβου
1240 1141 1434 1191 εὐνοϊκῶς
1464 1135 1561 1183 δια.

58 1211 100 1245 15
112 1210 278 1249 κεῖσθαι
307 1205 413 1261 πρός
443 1205 593 1261 αὐτόν,
619 1209 691 1249 καί
715 1205 823 1263 ὅρκῳ
868 1208 1077 1264 ἴδιοχείρῳ
1116 1205 1448 1262 ἐξαρνησᾰμενον
1488 1206 1562 1262 τὴν

110 1272 215 1327 πρὸς
255 1270 328 1314 τὸν
367 1275 546 1324 βασιλέα
585 1275 902 1314 Κωνσταντῐνον
938 1268 1104 1314 εὔνοιαν
1140 1272 1214 1314 καί
1255 1271 1435 1327 α’γάπην·
1508 1271 1564 1321 ὂν

109 1340 277 1391 πρῶτον
321 1340 399 1389 μὲν
437 1339 883 1390 σπαθαροκανδιδᾶτον
923 1340 1116 1393 ἐτίμησε,
1154 1341 1227 1380 καί
1257 1340 1418 1392 πρῶτον
1445 1355 1562 1392 πρω-

109 1402 342 1457 τοκάραβον
359 1403 546 1457 ποιήσας,
576 1404 647 1444 καί
675 1401 1053 1458 πρωτοσπαθάριον
1070 1406 1142 1457 τῆς
1171 1403 1324 1459 φιάλης
1352 1401 1562 1457 προβαλό-

107 1483 229 1520 μενος
255 1467 361 1521 pest&
393 1465 531 1522 όλίγον
556 1468 629 1510 καί
654 1468 1050 1523 πρωτοσπαθάριον“
1073 1467 1280 1522 ἐτίμησεν.
1338 1463 1458 1516 οὗτος
1488 1464 1562 1510 οὖν

53 1540 98 1574 20
112 1536 166 1576 δι’
193 1534 461 1588 ὑπομνήσεως
501 1536 576 1575 τοῦ
604 1536 802 1590 κληρικοῦ
825 1534 1020 1576 Ἰωάννου
1063 1536 1137 1576 καί
1161 1533 1263 1576 κατὰ
1294 1532 1561 1589 συγχώρησιν

109 1600 216 1641 θεοῦ
243 1599 476 1655 ῥαίκτωρος
515 1599 724 1654 γεγονότος
761 1600 940 1641 ὑπέθετο
975 1601 1032 1657 τῷ
1058 1601 1269 1656 μακαρίτῃ
1299 1602 1356 1656 τῷ
1391 1602 1564 1652 βασιλεῖ

109 1667 222 1723 κυρῷ
246 1665 446 1722 Ῥωμανῷ
492 1663 554 1707 ὅτι
591 1663 612 1706 ὁ
659 1664 1039 1720 πρωτοσπαθὰριος
1069 1663 1360 1720 Θεοφύλακτος
1391 1664 1460 1706 καὶ
1487 1667 1559 1718 τῆς

107 1732 311 1786 τραπέζης
348 1733 419 1786 τῆς
455 1730 725 1786 Αὕγούστης,
768 1730 861 1772 ἐπεὶ
897 1729 1080 1786 προβολὴ
1127 1733 1196 1772 καὶ
1226 1731 1445 1786 ἀντίληψις
1485 1732 1559 1785 τῆς

197 1868 223 1902 8
250 1867 328 1904 οἶδε
353 1867 434 1907 πῶς
452 1867 490 1902 Μ
589 1868 630 1901 11
661 1862 724 1902 διὰ
748 1867 818 1901 add
842 1870 867 1902 B

105 2010 202 2043 solua
227 2009 286 2043 hic
312 2008 467 2043 Michael
494 2009 693 2055 spatharius
717 2008 844 2054 primo,
870 2019 950 2040 mox
978 2008 1063 2041 item
1087 2006 1469 2052 spatharocandidatos
1495 2008 1549 2041 fa-

105 2063 183 2090 etus
209 2063 273 2097 est,
321 2057 440 2101 igitur,
469 2062 509 2089 ut
535 2057 634 2096 dixi,
671 2061 817 2101 propter
841 2056 1062 2100 imperatoris
1088 2055 1276 2100 pueritiam
1303 2061 1341 2087 et
1372 2054 1550 2088 Constan-

103 2104 172 2136 tini
197 2103 336 2148 patricii
370 2103 658 2148 accubitorisque
692 2103 893 2135 fatuitatem
932 2101 1159 2146 protocarabi
1194 2101 1548 2146 spatharocandidati

103 2150 188 2183 facti
227 2155 311 2182 sunt
347 2156 385 2184 et
418 2150 476 2182 hic
509 2149 664 2183 Michael
688 2149 1007 2194 protospatharius.
1058 2159 1136 2180 cum
1162 2154 1281 2180 autem
1312 2148 1350 2180 in
1374 2148 1546 2193 palatium

101 2197 259 2230 venisset
284 2196 448 2230 dominus
477 2198 654 2229 Romanus
689 2197 883 2241 imperator
910 2200 947 2227 et
986 2194 1135 2238 imperio
1171 2195 1291 2227 nescio
1330 2206 1402 2239 quo
1440 2201 1545 2240 pacto

101 2243 235 2287 potitus
259 2248 372 2283 esset,
397 2242 627 2277 Theodotum
655 2249 800 2287 propter
824 2241 1112 2274 benevolentiam
1139 2252 1219 2285 erga
1244 2241 1427 2274 dominum
1449 2242 1544 2275 Con-

101 2290 296 2322 stantinum
331 2289 462 2323 Christi
498 2290 778 2322 amantissimum
804 2289 1052 2334 imperatorem
1077 2299 1149 2320 non
1178 2288 1290 2320 solnm
1317 2289 1354 2320 in
1382 2288 1544 2322 ordinem

102 2335 249 2378 redegit,
273 2335 336 2368 sed
355 2348 493 2369 caesum
511 2343 722 2381 tonsumque
742 2341 917 2380 perpetuo
941 2335 1050 2367 exilio
1070 2334 1261 2375 damnavit,
1285 2335 1322 2366 in
1342 2346 1413 2379 quo
1434 2335 1543 2368 etiam

98 2389 257 2416 mortuus
287 2388 362 2423 est,
408 2383 532 2417 relicto
568 2383 792 2427 protocarabi
826 2393 971 2414 munere
1006 2382 1240 2414 Constantino
1276 2381 1332 2413 ilii
1365 2382 1542 2421 Lon-icato,

97 2429 161 2474 qui
185 2440 264 2462 cum
294 2430 371 2474 ipso
397 2435 491 2470 erat,
523 2431 609 2474 quia
636 2440 700 2475 per
724 2434 857 2462 metum
883 2429 975 2461 bene
1011 2438 1092 2471 erga
1121 2427 1236 2471 ipsum
1259 2428 1421 2462 adfectus
1448 2435 1541 2462 esset

97 2481 134 2509 et
159 2476 384 2509 Constantini
409 2477 629 2521 imperatoris
661 2477 853 2508 amicitiam
878 2477 1059 2513 einr-asset,
1084 2473 1282 2518 syngrapha
1308 2474 1352 2507 ad
1382 2474 1419 2507 id
1444 2474 1539 2514 data,

97 2533 200 2566 quam
220 2533 283 2555 sua
309 2534 412 2555 manu
438 2523 726 2567 subsignaverat;
761 2533 864 2567 quem
887 2522 992 2555 initio
1018 2520 1163 2566 quidem
1195 2521 1538 2566 spatharocandida-

95 2580 172 2601 tum
202 2570 358 2609 creavit,
390 2580 471 2602 mox
507 2576 625 2603 antem
663 2571 858 2614 principem
883 2567 1166 2613 protocarabum‚
1195 2568 1324 2601 deinde
1350 2575 1538 2614 protospa-

94 2613 248 2648 tharium
274 2615 415 2649 Phiaiae
433 2641 442 2656 ,
477 2622 514 2649 et
539 2617 648 2661 paulo
674 2622 754 2661 post
778 2614 1054 2661 protospatharii
1077 2613 1213 2647 honore
1247 2616 1358 2648 auxit.
1408 2621 1444 2648 et
1478 2615 1536 2648 hie

95 2661 239 2706 quidem
264 2673 328 2707 per
350 2664 519 2696 Ioannem
544 2663 731 2703 clericum,
764 2663 826 2708 qui
854 2662 920 2695 deo
945 2662 1174 2707 permittente
1207 2668 1324 2695 rector
1347 2661 1439 2702 fuit,
1466 2661 1537 2693 do-

94 2709 192 2741 mino
228 2710 384 2742 Romano
420 2711 626 2754 imperatori
651 2710 822 2743 defuncto
848 2710 1039 2753 suggessit.
1063 2708 1386 2753 protospatharium
1413 2707 1536 2742 Theo-

93 2753 299 2800 phyiactum
322 2763 357 2789 et
379 2767 520 2790 mensae
547 2757 728 2802 Augustae
754 2756 999 2797 domesticum,
1024 2754 1319 2802 quandoquidem
1346 2755 1391 2789 ad
1414 2760 1534 2801 partes

179 2817 300 2852 Const.
327 2819 457 2865 Por-plz-
1252 2817 1296 2851 16
