1780 3132
208 181 296 225 186
475 188 804 229 CONSTANTIN
808 192 823 228 1
870 191 937 230 ΡΟ
944 192 1340 236 RPHYROGENITI

75 289 101 322 P
131 285 328 324 116πάλιν
368 283 567 325 εἰσελθεῖν
607 283 677 324 καί
714 283 763 325 τά
796 287 872 325 τοῦ
896 285 1029 339 γάμου
1067 288 1394 341 ἀπαρτίσασθαι·
1450 289 1537 344 ἅμα
1567 295 1614 334 δὲ

203 349 261 403 τῷ
286 349 343 395 εἰς
371 347 444 400 τῆν
472 350 624 389 οἰκείαν
638 345 781 400 χώραν
812 351 1070 405 διασωθῆναι
1094 355 1180 403 μετ’
1199 352 1339 406 ὀλίγας
1366 354 1522 409 ἡμέρας
1549 360 1611 398 τέ-

202 416 264 452 λει
290 413 360 452 τοῦ
402 414 496 463 βίου
530 410 746 465 ἐχρήσατο.
815 413 836 453 ὅ
878 416 923 455 δὲ
958 415 1106 458 τούτου
1145 417 1323 472 ἀδελφὸς
1353 421 1612 472 Κρικορίκιος

202 475 271 516 διά
311 476 559 529 γραμμάτων
591 473 724 516 αὐτοῦ
762 476 986 533 ἐξῃτήσατο
1013 481 1278 534 εἶσέρχεσθαι
1309 484 1367 530 εἰς
1392 481 1465 536 τῆν
1491 488 1611 537 βασι·

201 539 400 580 λεύουσαν
437 539 508 579 καί
541 539 652 593 παρὰ
692 543 772 582 τῶν
796 546 949 597 χειρῶν
974 545 1045 585 τοῦ
1077 545 1194 598 ἁγίου
1221 547 1424 597 βασιλέως
1452 547 1644 601 λαμβά-5

202 617 285 643 νειν
311 601 380 654 τὴν
407 604 621 657 διδομένην
659 602 786 659 ρόγαν
827 607 955 648 αὐτοῦ
998 608 1067 648 καί
1103 608 1172 650 ἐπὶ
1195 610 1344 661 χρόνον
1371 610 1461 652 τινὰ
1492 613 1535 652 ἐν
1561 613 1615 666 τῇ

202 667 471 723 θεοφυλάκτῳ
514 669 739 720 διατρίβειν
782 670 918 725 πόλει,
956 672 1026 713 καί
1053 674 1124 714 ὲπί
1148 674 1275 730 τούτῳ
1301 675 1372 715 τὸν
1397 676 1455 729 τῷ
1481 677 1613 732 οἰκείῳ

203 731 366 786 ἀδελφῷ
394 747 471 784 προ
475 735 731 785 χωρισθέντα
760 731 867 776 οἶκον
906 738 964 783 εἷς
991 738 1224 791 κατοίκησιν
1249 741 1387 790 λαβεῖν
1411 740 1540 792 η’ξιόυ,
1566 738 1614 780 ὃν

202 797 273 835 καί
297 797 538 838 ἐπιδέδωκεν
574 799 686 853 αὐτῷ
725 797 746 838 ὅ
773 800 975 852 μακάριος
1000 800 1195 852 βασιλεὺς
1225 802 1293 842 διά
1321 818 1366 843 τε
1393 802 1437 844 τὸ
1469 802 1614 845 νεωστὶ

202 859 451 912 ὑποταγῆναι
487 862 557 902 καί
596 862 665 902 διὰ
708 860 751 903 τὸ
793 863 866 904 καί
897 859 1045 912 ἄλλους
1085 859 1285 917 ἄρχοντας
1312 868 1382 920 τῆς
1411 867 1668 918 άνατολῆςΙθ

202 923 301 975 πρὸς
328 925 399 965 τὸν
430 921 571 976 ὅμοιον
601 928 720 980 ζῆλον
746 929 819 981 τῆς
845 927 1203 981 πρόςιΡωμαίους
1220 930 1422 984 ὑποταγῆς
1451 934 1614 974 ἐκκαλέ-

200 992 379 1029 σασθαι·
445 987 652 1045 ἔγγραφον
689 993 734 1032 δὲ
767 994 1089 1046 χρυσοβούλλιον
1126 994 1286 1046 δωρεάν
1324 998 1399 1036 τοῦ
1424 994 1612 1036 τοιούτου

202 1051 315 1093 οἴκου
356 1053 456 1105 πρὸς
502 1053 625 1096 αὐτὸν
664 1056 739 1096 οὐκ
777 1057 952 1108 ἐποίησε.
1015 1058 1117 1109 μετά
1153 1060 1198 1098 δὲ
1235 1057 1410 1112 χρόνους
1439 1059 1614 1115 ἱκανούς,

195 1109 420 1168 (Ρωμανοῦ
456 1121 530 1158 τοῦ
565 1123 771 1173 μακαρίου
810 1124 1012 1173 βασιλέως
1046 1124 1127 1164 τῶν
1155 1120 1367 1175 σκήπτρων
1395 1125 1466 1177 τῆς
1492 1127 1615 1176 βασι-

200 1184 313 1230 λείας
334 1182 557 1233 “Ρωμαίων
586 1185 892 1240 ἑπειλημμένου,
922 1186 1121 1240 ἀνήγαγεν
1141 1187 1172 1240 ,ὃ
1202 1183 1323 1235 αὐτός
1352 1189 1614 1241 Κρικορίκιος
1629 1198 1672 1232 15

199 1245 255 1299 μή
286 1246 446 1299 ἰσχύειν
482 1255 645 1300 κρατεῖν
672 1249 742 1290 τόν
779 1253 852 1291 τοῦ
887 1250 1099 1303 βαρβάρου
1149 1247 1258 1293 οἶκον
1286 1252 1373 1293 ἀλλ’
1403 1253 1515 1306 η’ξίου
1540 1256 1615 1293 λα·-

199 1313 287 1362 βεῖν
314 1313 401 1351 ἄντ’
429 1313 561 1352 αὐτοῦ
589 1313 830 1367 προάστειον
853 1317 896 1355 ὲν
927 1317 1153 1371 Κελτζηνῇ,
1179 1315 1258 1357 εἴτε
1284 1318 1359 1358 τοῦ
1388 1317 1614 1367 Πατζάτου

200 1375 282 1416 εἴτε
320 1371 441 1416 ἄλλον
482 1373 564 1418 οἷον
599 1378 757 1418 κελεύοι
799 1379 820 1419 ὁ
850 1378 1066 1433 βασιλεύς,
1104 1382 1172 1421 ἵνα
1203 1377 1270 1421 ὅτε
1296 1380 1507 1435 ’ἐπιδρομή
1533 1383 1614 1422 τῶν

196 1439 428 1493 Ἀγαρηνιόν
454 1440 555 1482 κατά
585 1445 657 1495 τῆς
682 1442 824 1496 χώρας
852 1441 985 1486 αὐτοῦ
1003 1447 1178 1499 γένηται,
1206 1447 1464 1487 ἀποστέλλειν
1488 1448 1616 1487 ἐκεῖσε

199 1501 273 1558 ἔχῃ
302 1504 377 1558 τήν
416 1507 568 1546 οἰκείαν
607 1511 843 1560 συγγένειαν
881 1511 952 1550 καί
986 1507 1223 1550 ὑπόστασιν.
1287 1509 1307 1551 ὃ
1347 1513 1392 1551 δὲ
1420 1508 1671 1562 βασιλεύςΩΟ

197 1566 271 1620 τὴν
303 1570 452 1623 α’κριβῆ
478 1573 628 1622 γνῶσιν
670 1573 751 1612 τῶν
777 1573 1027 1626 πραγμάτων
1065 1573 1120 1627 μῆ
1166 1576 1414 1627 κεκτημένος,
1442 1576 1614 1624 ἐλπίζων

200 1633 245 1673 δὲ
275 1633 354 1673 α’πὸ
385 1637 601 1686 βασιλικοῦ
613 1639 938 1690 χρυσοβουλλίου
967 1639 1041 1678 τοῦ
1067 1640 1278 1691 μακαρίου
1292 1641 1476 1685 Λέοντος
1502 1636 1615 1690 ἔχειν

201 1697 268 1737 τὸν
316 1699 550 1752 Ταρωνίτην
596 1699 666 1741 τὸν
708 1703 784 1741 τοῦ
811 1703 1029 1755 βαρβάρου
1073 1697 1193 1755 οἶκον,
1230 1704 1403 1742 δέδωκεν
1433 1702 1542 1758 αὐτῷ
1571 1701 1615 1743 τὸ

202 1760 445 1816 προάστειον
488 1767 560 1805 τοῦ
588 1767 626 1805 Γ
625 1768 779 1820 ρηγορᾶ
821 1768 863 1807 ἐν
895 1769 1102 1822 Κελτζηνῇ
1116 1801 1127 1821 ,
1169 1769 1238 1807 καί
1262 1766 1332 1807 τὸν
1360 1762 1466 1808 οἶκον
1491 1768 1615 1820 δῆθεν

296 1891 318 1925 8
342 1895 666 1938 προχειρισθένταὲ
771 1896 812 1929 17
836 1895 1007 1936 τατζάτου
1032 1898 1055 1929 Β

207 2008 515 2037 consummaturus.
552 2011 588 2038 at
601 2005 741 2038 domum
767 2016 843 2038 cum
867 2006 1037 2046 rediisset,
1063 2008 1182 2050 paucis
1204 2011 1285 2051 post
1310 2005 1433 2039 diebus
1458 2007 1529 2039 vita
1550 2005 1616 2039 de-

207 2049 345 2082 functus
373 2055 433 2083 est.
480 2051 587 2083 frater
608 2063 688 2084 vero
715 2053 788 2084 eius
813 2052 1017 2084 Cricoricius
1049 2063 1110 2096 per
1141 2053 1261 2085 literas
1286 2052 1391 2096 petiit
1418 2053 1468 2085 uti
1497 2053 1534 2084 in
1557 2063 1616 2084 ur-

206 2095 287 2127 bem
313 2096 431 2128 venire
458 2096 525 2128 sibi
548 2104 762 2141 acceptoque
787 2098 829 2129 ab
861 2098 1071 2142 imperatore
1107 2097 1285 2142 stipendio
1314 2098 1516 2130 commorari
1541 2097 1616 2130 illic

208 2141 414 2184 aliquandiu
450 2142 594 2183 liceret,
634 2149 742 2188 utque
771 2143 860 2176 hanc
883 2144 920 2176 in
944 2154 1015 2176 rem
1049 2144 1152 2176 aedes
1179 2143 1277 2176 fratri
1301 2145 1394 2188 prius
1419 2143 1617 2176 destinatae

207 2186 272 2218 sibi
300 2187 344 2218 ad
379 2188 608 2221 habitandum
642 2189 924 2222 concederentur.
980 2195 1016 2222 et
1037 2200 1119 2222 sane
1157 2189 1193 2221 id
1221 2201 1240 2221 a
1276 2190 1382 2222 beato
1407 2190 1616 2233 imperatore

207 2233 426 2275 impetravit,
457 2246 533 2267 cum
565 2235 648 2279 quia
681 2247 753 2268 non
777 2237 824 2268 ita
849 2235 983 2279 pridem
1013 2246 1088 2268 sese
1115 2235 1341 2275 subiecisset,
1365 2241 1439 2268 tum
1465 2240 1505 2267 ut
1527 2235 1618 2267 alios

208 2289 348 2322 quoque
375 2279 518 2313 orientis
539 2282 714 2325 principes
738 2281 782 2313 ad
806 2281 950 2313 similem
975 2281 1137 2314 Romanis
1164 2287 1274 2314 semet
1299 2280 1530 2314 submittendi
1558 2291 1616 2312 ze-

208 2324 278 2355 lum
307 2331 529 2367 provocaret:
553 2327 614 2359 sed
638 2327 862 2360 donationem
885 2327 973 2359 hanc
994 2328 1121 2371 scripta
1146 2326 1244 2359 bulla
1270 2337 1374 2359 aurea
1395 2338 1466 2360 non
1489 2326 1618 2359 confir-

208 2370 324 2401 mavit.
372 2377 452 2414 post
477 2383 587 2405 annos
611 2385 693 2405 vero
717 2374 845 2406 multos
864 2373 967 2405 heato
991 2373 1198 2416 imperatore
1224 2374 1376 2406 Romano
1401 2373 1617 2416 principatus

208 2417 440 2448 Romanorum
474 2424 608 2462 sceptra
646 2424 809 2459 tenente,
846 2420 907 2451 iile
945 2419 1019 2462 ipse
1044 2418 1246 2451 Cricoricius
1273 2418 1427 2451 ostendit
1452 2419 1489 2450 in
1513 2417 1617 2450 domo

207 2460 344 2494 barbari
372 2461 532 2496 habitare
564 2475 600 2496 se
627 2477 698 2497 non
724 2476 848 2508 posse,
886 2470 920 2497 et
951 2476 1012 2508 pro
1041 2475 1080 2496 ea
1106 2465 1212 2508 petiit
1234 2465 1291 2497 vel
1318 2463 1552 2497 suburbanum
1578 2462 1617 2495 in

207 2507 371 2540 Celtzene
386 2509 441 2541 vel
459 2511 599 2549 Patzati,
628 2511 684 2543 vel
704 2511 802 2543 aliud
818 2510 1054 2555 quodcunque
1072 2511 1258 2555 imperator
1282 2511 1433 2547 iusserit,
1459 2515 1498 2542 ut
1523 2509 1617 2540 facta

208 2554 441 2595 Agarenorum
466 2556 502 2587 in
528 2557 702 2599 regionem
730 2569 825 2589 suam
851 2557 1053 2589 excursione
1069 2557 1341 2599 consanguineos
1367 2566 1449 2588 suos
1467 2554 1616 2586 faculta-

209 2605 329 2643 tesque
354 2602 585 2634 transmittere
610 2603 696 2634 illuc
724 2607 853 2647 posset.
902 2603 1092 2645 imperator
1116 2607 1232 2634 autem
1258 2613 1368 2634 rerum
1396 2611 1468 2633 non
1493 2599 1615 2632 admo-

209 2644 290 2677 dum
315 2646 469 2690 peritus,
501 2653 538 2680 et
575 2649 778 2681 Taronitem
812 2649 891 2680 illas
914 2648 1050 2680 barbari
1089 2647 1192 2679 aedes
1221 2658 1240 2679 a
1268 2647 1371 2679 beato
1396 2646 1512 2678 Leone
1537 2655 1616 2677 cum

207 2690 304 2724 bulla
331 2703 434 2725 autea
459 2692 587 2727 habere
613 2694 772 2735 credens,
793 2693 1027 2728 suburbanum
1052 2694 1083 2726 ei
1100 2694 1274 2738 Gregorae
1298 2693 1336 2726 in
1358 2691 1526 2725 Celtzene
1548 2691 1616 2724 do-
