1780 3132
235 181 328 225 222
515 183 863 226 CONSTANTINI
900 179 1369 222 PORPHYROGENJTI

204 325 206 327 ,
234 283 293 338 τῷ
317 281 430 338 αὐτῷ
446 283 597 333 θέματι
622 280 795 332 ἀνήγαγε
815 275 919 330 πρὸς
944 275 1013 317 τὸν
1042 276 1167 317 αὐτὸν
1190 280 1305 331 κῢριν
1323 279 1530 332 Ῥωμανὸν
1545 286 1645 336 περί

233 361 276 386 τε
305 347 387 386 τῶν
416 346 637 397 Μιληγγῶν
667 344 736 382 καί
761 344 841 382 τῶν
867 342 1084 394 Ἐζεριταῖν,
1115 337 1173 381 ὅτι
1212 343 1568 398 ἄποστατήσαιτες,
1591 346 1638 386 οὐ

235 409 448 450 πείθονται
475 403 567 447 οἷίτε
595 408 652 460 τῷ
678 407 888 460 στρατηγῷ
913 401 1004 445 οὔτε
1027 406 1218 459 βασιλικῇ
1242 407 1423 448 κελεύσει
1449 408 1641 450 ὖπείκου-

233 488 311 527 σιν,
340 473 427 512 ἀλλ’
456 472 557 510 εἰσίν
596 467 729 522 ὥσπερ
770 468 993 521 αύτόνομοι
1042 470 1110 509 καί
1138 469 1423 512 αύτοδέσποτοι
1449 472 1520 512 καὶ
1547 467 1641 513 οὔτε

233 535 345 589 παρὰ
383 537 457 575 τοῦ
497 535 729 587 στρατηγοῦ
771 535 956 586 δέχονται
995 528 1175 587 ἄρχοντα
1218 529 1312 574 οὔτε
1340 533 1676 584 συνταξιδεύειν5

233 600 345 656 αὐτῷ
371 599 607 639 ὑπείκουσιν
646 594 740 638 οὔτε
771 593 895 651 ἄλλην
931 599 1006 638 τοῦ
1035 599 1230 651 δημοσίου
1260 599 1448 639 δουλείαν
1473 599 1645 640 ἐκτελεῖν

231 666 452 704 πείθονται.
508 664 579 703 καί
603 663 727 715 μέχρι
747 663 822 702 τοῦ
858 662 1045 702 α’νελθεῖν
1072 660 1147 714 την
1178 660 1389 716 ἀναφορὰν
1416 662 1544 703 affro&
1569 678 1643 704 σω

232 730 328 781 νέβη
356 728 640 780 προβληθῆναι
677 725 747 767 τὸν
789 725 1157 780 πρωτοσπαθάριον
1187 727 1384 780 Κρινίτην
1420 726 1495 768 τὸν
1521 727 1642 779 Ἀρο-·

229 793 331 845 τριῖν
356 790 576 844 στρατηγὸν
606 793 649 832 έν
664 790 984 846 Πελοποννήσῳ·
1021 793 1091 843 τῆς
1128 792 1172 831 δὲ
1202 791 1412 845 α’ναφορᾶς
1438 793 1512 832 τοῦ
1533 806 1646 844 πρω-

229 857 511 908 τοσπαθαριόυ
536 856 726 897 Ἰωάννου
753 855 822 895 καί
843 858 1075 908 στρατηγοῦ
1092 853 1406 908 Πελοποννήσου
1439 857 1511 895 τοῦ
1530 871 1644 910 πρω-
1659 870 1699 902 10

230 920 414 967 τεύοντος
437 919 743 972 καταλαβούσης
766 918 838 959 καί
856 921 940 959 κατ’
962 917 1130 959 ἐνώπιον
1155 920 1229 959 τοῦ
1255 919 1454 970 βασιλέως
1479 922 1554 960 τοῦ
1569 936 1645 961 κυ-

119 997 143 1029 Ρ
158 995 221 1028 134
233 986 309 1039 ροῦ
325 984 539 1035 Ῥωμανοῦ
559 982 899 1037 ἀναγνωσθείσης,
920 985 990 1023 καί
1012 983 1280 1036 περιεχούσης
1299 982 1371 1036 τὴν
1391 983 1645 1025 οἶποστασίαν

232 1049 314 1090 τῶν
350 1049 666 1101 προρρηθέντων
695 1046 890 1099 Σκλοίβων
915 1049 985 1087 καί
1017 1046 1118 1101 πρὸς
1158 1046 1228 1094 τὰς
1261 1046 1480 1099 βασιλικὰς
1519 1063 1645 1100 προσ-

231 1111 364 1163 τάξεις
403 1111 669 1152 δυσπείθειαν
708 1109 736 1164 ἢ
772 1113 927 1162 μᾶλλον
970 1107 1205 1162 ἀπείθειαν,
1254 1113 1418 1159 ἐδέξατο
1445 1110 1481 1151 ’ὁ
1529 1110 1647 1159 αὐτὸς

231 1179 600 1230 πρωτοσπαθαριος
618 1178 814 1228 Κρινίτης
841 1178 920 1229 ἵνα,
936 1177 1025 1216 ἑπεί
1038 1177 1095 1222 εἰς
1110 1173 1306 1227 τοσαύτην
1335 1170 1490 1228 ἤλασαν
1519 1177 1700 1218 cinon-15

231 1239 376 1282 τασιάν
417 1242 487 1280 καί
522 1239 760 1291 ἀπείθειαν,
789 1238 1061 1294 ἑκστρατεύσῃ
1090 1244 1176 1279 κατ’
1207 1240 1341 1279 αὐτῶν
1368 1240 1439 1278 καί
1465 1253 1646 1279 καταπο-

231 1305 384 1360 λεμήσῃ
413 1307 483 1345 καί
509 1302 684 1358 ὑποτάξῃ
708 1306 777 1344 καί
792 1302 1067 1358 ἐξολοθρούσῃ
1096 1300 1259 1350 αύτούς.
1316 1303 1541 1356 ἀρξάμενος
1571 1298 1645 1344 οὖν

231 1373 421 1420 πολεμεῖν
461 1367 611 1415 αύτούς
651 1366 730 1408 ἀπὸ
765 1367 891 1422 μηνὸς
920 1369 1140 1420 Μαρτίου,
1176 1370 1247 1408 καί
1287 1367 1550 1414 κατακαύσας
1590 1370 1642 1407 τὰ

230 1435 335 1486 θέρη
368 1433 500 1473 αὐτῶν
529 1432 599 1472 καί
625 1432 864 1486 ληϊσάμενος
890 1434 1027 1472 πᾶσαν
1046 1431 1118 1484 την
1138 1433 1210 1485 γῆν
1231 1428 1382 1485 αὐτῶν,
1414 1431 1533 1483 ἔσχεν
1565 1430 1645 1471 αὖ..

231 1498 326 1545 τούς
357 1496 680 1547 ἀνθισταμένους
710 1497 780 1536 καί
808 1497 1046 1547 ἀντέχοντας
1073 1497 1195 1547 μέχρι
1232 1494 1358 1548 μηνὸς
1384 1493 1699 1547 Νοεμβριί)υ·20

229 1562 311 1601 ἀπὸ
343 1560 430 1602 τότε
459 1562 503 1601 δὲ
542 1562 694 1608 ἰδόντες
726 1561 797 1612 την
829 1557 987 1600 ἑαυτῶν
1032 1558 1314 1613 ἐξολόθρευσιν
1342 1559 1539 1614 ᾐτήσαντο
1570 1560 1642 1600 λό-

231 1640 300 1678 γον
327 1627 403 1666 τοῦ
430 1625 682 1677 ὑποταγῆναι
724 1621 866 1672 αὐτοῖς
894 1623 965 1663 καὶ
991 1628 1131 1675 τυχεῖν
1158 1626 1420 1672 συμπαθείας
1453 1623 1554 1676 ὑπὲρ
1583 1617 1640 1665 ὧν

822 1686 834 1700 ξ

233 1689 374 1745 πρώην
413 1691 738 1744 ἐπλημμέλησαν.
814 1705 833 1727 ο
883 1683 954 1729 οὖν
983 1689 1231 1741 προρρηθείς
1274 1686 1642 1743 πρωτοσπαθάριος

327 1820 369 1853 18
393 1815 501 1858 αὐτὸς
524 1820 560 1852 Μ

234 1942 366 1974 tharius
392 1941 547 1974 eiusdem
584 1941 747 1974 thematis
770 1947 909 1985 praetor
942 1941 986 1973 ad
1016 1942 1256 1985 imperatorem
1282 1950 1343 1983 per
1367 1939 1485 1971 literas
1511 1939 1646 1972 rettulit

234 1988 407 2031 Milengos
429 1993 465 2020 et
488 1988 640 2021 Ezeritas
667 1988 848 2026 defecisse,
874 1998 990 2030 neque
1007 1993 1066 2019 aut
1090 1987 1240 2030 praetori
1265 1990 1324 2017 aut
1351 1984 1520 2028 imperiali
1545 1995 1645 2016 man-

234 2033 317 2065 dato
345 2033 582 2066 obedientiam
608 2033 698 2065 ultra
726 2033 903 2072 exhibere,
929 2033 989 2064 sed
1015 2034 1113 2077 quasi
1139 2032 1241 2063 liberi
1267 2041 1306 2062 ac
1330 2031 1381 2062 sui
1409 2030 1492 2061 iuris
1517 2035 1644 2069 essent,

233 2090 348 2123 neque
372 2081 564 2123 principem
583 2090 602 2110 a
626 2084 785 2123 praetore
809 2079 964 2124 accipere
998 2089 1114 2122 neque
1143 2089 1216 2109 cum
1243 2087 1284 2108 eo
1309 2075 1352 2107 ad
1377 2076 1512 2108 bellum
1538 2076 1647 2119 profi-

233 2126 317 2157 cisci
345 2131 406 2157 aut
428 2125 578 2157 officium
604 2124 757 2169 (lenique
783 2125 893 2156 ullum
919 2125 1033 2156 fiscale
1073 2129 1249 2168 praestare
1276 2122 1375 2155 velle.
1425 2120 1504 2153 dum
1529 2126 1646 2153 autem

234 2170 299 2202 hae
326 2171 447 2203 literae
463 2172 500 2203 in
517 2171 644 2204 itinere
661 2176 752 2210 sunt,
777 2170 923 2214 contigit
946 2175 984 2202 ut
999 2169 1229 2213 Peloponnesi
1252 2173 1392 2211 praetor
1411 2166 1647 2199 destinaretur

234 2217 533 2260 protospatharius
552 2217 701 2249 Crinites
720 2218 881 2257 Arotras;
906 2226 1054 2259 cumque
1076 2216 1203 2247 allatae
1231 2218 1346 2246 esseut
1374 2211 1645 2256 protospatharii

234 2263 372 2294 Ioannis
391 2268 426 2294 et
450 2263 680 2307 Peloponnesi
704 2263 874 2306 praetoris
905 2262 1025 2293 literae
1047 2266 1083 2293 et
1115 2271 1227 2294 coram
1250 2261 1456 2302 imperatore
1491 2259 1644 2290 Romano

236 2308 358 2346 lectae,
385 2309 674 2353 intellectumque
702 2314 792 2340 esset
816 2307 1011 2351 praedictos
1039 2307 1176 2339 sclavos
1202 2305 1372 2337 defecisse
1397 2303 1646 2346 etimperiali-

235 2353 298 2385 bus
328 2354 498 2387 mandatis
522 2359 582 2386 aut
605 2365 706 2397 aegre
731 2360 791 2386 aut
810 2354 950 2385 omnino
969 2363 1038 2384 non
1058 2362 1189 2396 parere,
1215 2352 1406 2383 iniunctum
1426 2349 1536 2382 eidem
1563 2359 1644 2393 pro·

235 2399 451 2443 tospathario
477 2400 630 2433 Crinitae
658 2401 725 2432 suit
750 2406 786 2432 ut
815 2398 1099 2443 quandoquidem
1134 2397 1357 2430 descivissent
1384 2401 1488 2439 atque
1515 2393 1559 2426 ad
1586 2394 1643 2426 in-

234 2445 471 2477 obedientiam
495 2445 736 2484 devenissent,
762 2457 855 2477 ariua
883 2450 1002 2476 contra
1029 2455 1088 2476 eos
1116 2449 1278 2482 sumeret,
1304 2445 1534 2485 oppugnaret,
1557 2439 1644 2472 sub-

235 2491 368 2533 iugaret
392 2492 682 2536 exstirparetque.
745 2492 878 2523 bellum
911 2491 1015 2533 igitur
1037 2490 1235 2532 auspicatus
1264 2498 1379 2520 mense
1408 2487 1544 2524 Martio,
1569 2485 1644 2517 fru-

233 2536 334 2578 gibus
362 2537 492 2570 exustis
530 2543 566 2570 et
597 2539 684 2580 agris
719 2549 838 2569 eorum
865 2536 1025 2569 omnibus
1055 2535 1221 2574 vastatis,
1265 2537 1495 2577 repugnantes
1521 2529 1644 2562 habuit

234 2593 342 2626 usque
378 2582 422 2614 ad
462 2594 612 2615 mensem
640 2583 886 2615 Novembrem:
921 2581 981 2614 sed
1016 2592 1058 2613 ex
1086 2591 1127 2612 eo
1153 2580 1340 2623 perniciem
1365 2588 1460 2610 suam
1483 2576 1642 2609 videntes

233 2628 276 2659 de
303 2628 520 2661 subiectione
545 2630 727 2662 convenire
761 2629 968 2666 voluerunt,
992 2632 1027 2659 et
1060 2626 1326 2671 praeteritorum
1353 2623 1557 2656 delictorum
1580 2631 1641 2654 ve-

231 2674 325 2706 niam
351 2675 585 2719 postuiarunt.
635 2675 754 2719 itaque
776 2674 971 2719 praedictus
990 2671 1290 2717 protospatharius
1309 2670 1457 2702 Crinites
1482 2673 1516 2700 et
1540 2676 1656 2712 prae-¹
