1780 3132
264 149 357 194 526
780 154 1124 194 WESSELINGll

262 266 416 305 Atticus
447 265 653 316 episcopus
681 262 857 303 Aradiae
877 263 1138 304 Constantine
1163 265 1464 316 provincialium
1492 268 1543 308 ad
1573 269 1674 308 Leo-

261 334 348 360 nem
376 322 653 371 imperatorem
692 317 885 368 epistolae
924 323 1016 358 tom.
1039 322 1075 358 Δ9
1099 318 1250 360 Concil.
1290 333 1328 372 p.
1349 325 1434 362 312
1455 323 1676 373 subscribit,

264 380 307 414 ut
333 375 411 414 iam
440 377 532 412 ante
563 371 746 410 diximus.
1240 384 1242 386 v
1559 392 1563 396 ,

368 441 462 486 398,
493 439 556 475 13.
616 434 834 483 Πογωνᾶς]
863 435 988 475 codex
1012 437 1215 477 Leidensis
1242 426 1468 488 Πωᾷκωνάς,
1493 452 1570 492 quo
1598 454 1676 493 ego

263 492 419 532 nomine
444 490 626 541 oppidum
654 490 693 528 in
714 490 789 529 hac
815 501 888 529 ora
917 490 1077 542 ignoro.
1133 492 1167 531 si
1195 497 1342 532 rectum
1367 497 1440 542 est,
1469 495 1598 545 potuit
1625 507 1677 537 ex

263 546 379 586 simili
420 556 561 583 caussa
601 545 712 582 locus
755 543 831 583 dici
874 556 950 596 quo
976 550 1116 596 portus
1155 547 1398 586 Troezenius
1426 543 1600 599 Πώγων,
1626 550 1677 588 de

263 613 340 652 qno
355 599 514 638 Snidas.
570 599 744 636 fortasse
771 601 902 637 tamen
918 598 1055 638 Saltus
1078 599 1307 650 Gonaticus,
1335 612 1448 652 quem
1473 602 1579 641 aliae
1597 603 1676 641 No-

263 654 375 692 titiae
402 653 442 691 in
473 652 547 691 hac
575 651 784 703 provincia
813 657 1046 702 agnoscunt,
1078 657 1118 692 et
1145 654 1253 693 cuius
1271 655 1560 704 possessionum
1584 656 1675 707 imp.

263 709 373 747 Zeno
389 708 416 746 l.
434 711 459 745 2
475 719 507 746 c.
530 706 578 745 de
596 705 736 744 Praed.
757 706 933 745 Tamiac.
953 707 1137 757 meminit,
1165 708 1236 747 sub
1264 709 1446 748 vocabuli
1472 709 1678 749 involucro

263 764 374 802 latet.
404 761 493 800 vide
523 761 600 800 lac.
628 759 860 798 Rhenferdii
889 759 983 800 diss.
1009 761 1059 799 de
1084 761 1244 813 Angulo
1267 761 1389 802 Arab.
1418 775 1456 814 p.
1485 765 1578 813 821,
1605 775 1679 803 nec

263 816 383 855 crede
409 820 540 854 tamen
568 815 713 853 saltum
737 814 971 853 Gonaticum
1005 826 1092 854 esse
1120 816 1307 868 angulum
1331 816 1442 856 illum
1462 828 1602 856 cavum
1627 829 1679 857 ex

262 881 460 909 concursu
481 869 623 908 Libani
654 873 694 906 et
708 867 928 907 Antilibani
960 872 1100 918 ortum,
1132 869 1182 908 de
1209 881 1287 921 qua
1302 869 1450 910 Strabo
1479 876 1590 922 agat,
1619 873 1678 911 uti

262 925 342 964 ait:
371 923 468 962 nihil
499 923 602 961 enim
629 922 743 960 buius
771 921 813 960 in
832 921 1032 961 Strabone
1060 923 1248 974 reperies.
1303 923 1424 964 babet
1449 936 1547 964 sane
1571 925 1678 965 Bon-

263 978 410 1017 frerius
434 977 485 1015 ad
514 976 783 1015 Antilibanum
814 976 1063 1026 Hieronymi,
1105 981 1223 1029 atque
1252 989 1303 1017 ex
1332 990 1378 1016 eo
1401 978 1679 1028 Rhenferdius,

264 1032 363 1071 haec
393 1031 608 1070 Strabonis
638 1042 660 1068 e
689 1030 716 1069 l.
749 1034 823 1069 16:
851 1029 932 1069 duo
962 1034 1062 1071 sunt
1080 1034 1254 1080 montes,
1285 1033 1355 1085 qni
1382 1043 1474 1072 eum
1498 1030 1679 1083 faciunt,

261 1098 370 1179 guae
400 1083 625 1125 Com-avus
653 1080 844 1135 Anyulus
864 1083 1036 1135 dicitur,
1071 1087 1194 1138 quasi
1223 1087 1335 1125 inter
1363 1097 1414 1126 se
1442 1097 1574 1138 pares
1594 1083 1677 1127 Li-
1733 1122 1736 1126 ,

290 1151 396 1179 anus
437 1143 480 1179 et
506 1136 778 1183 Antilibanus
794 1169 805 1188 ,
845 1137 992 1190 paullo
1029 1138 1145 1179 ultra
1171 1150 1288 1179 mare
1315 1141 1580 1192 incipientes.
1635 1144 1679 1180 at

261 1195 296 1233 si
326 1195 353 1234 l.
384 1198 436 1233 16
465 1207 501 1245 p.
518 1196 598 1232 754
637 1193 881 1244 inspexeris,
921 1205 1060 1232 cavam
1091 1193 1245 1246 quidem
1273 1193 1457 1245 Syriam,
1486 1205 1678 1247 nusquam

262 1261 349 1288 cum
376 1249 581 1300 angulum,
608 1247 799 1287 invenies.

370 1321 476 1363 lbid.
533 1318 736 1369 Πανειιὶς]
765 1321 908 1362 vitiose
937 1317 1118 1366 Σπανιάς
1144 1321 1186 1363 iu
1202 1322 1297 1361 Vita
1313 1322 1356 1363 S.
1387 1322 1534 1372 Sabae,
1562 1334 1677 1377 quam

262 1390 288 1417 a
315 1377 468 1426 Cyrillo
506 1377 769 1427 conscriptam
804 1375 1025 1425 Cotelerius
1060 1380 1152 1416 tom.
1192 1379 1220 1416 3
1247 1376 1353 1416 Mon.
1398 1377 1469 1417 Gr.
1498 1377 1677 1427 inseruit,

261 1444 300 1482 p.
317 1434 410 1471 252.
464 1432 586 1470 multo
613 1431 724 1481 peius
754 1430 795 1469 in
809 1431 917 1469 Actis
945 1430 1139 1481 Procopii,
1167 1442 1238 1469 seu
1260 1431 1399 1471 fabula
1421 1430 1563 1482 potius,
1591 1444 1677 1471 cnm

263 1486 466 1526 Caesarea
493 1485 746 1524 Palaestinae
774 1483 985 1535 metropoli
1030 1484 1117 1523 sive
1145 1484 1347 1523 Stratonis
1373 1489 1484 1524 turre
1513 1486 1677 1525 confun-

262 1541 369 1580 ditur
396 1552 428 1578 c.
459 1543 508 1578 3:
552 1536 812 1587 Καισάρειαν
847 1537 892 1575 δὲ
928 1534 1080 1587 ταύτην
1118 1536 1255 1588 φαμὲν
1296 1532 1346 1588 ἢν
1372 1536 1441 1576 καί
1467 1538 1675 1576 Φιλίππου

262 1596 399 1631 καλεῖν
437 1590 656 1639 εἰώθαμεν.
721 1586 826 1642 αὕτη
866 1590 911 1628 δὲ
945 1588 1016 1628 καί
1044 1587 1278 1638 Στράτωνος
1319 1590 1396 1639 μὲν
1431 1587 1584 1641 πύργος
1632 1588 1677 1629 τὸ

263 1643 458 1695 πρότερον
496 1646 706 1683 ἐκαλεῖτο·
777 1643 962 1689 Φοίνικες
1003 1643 1047 1682 δὲ
1081 1641 1280 1682 Πανεάδα
1321 1645 1678 1696 κατονομάζουσιν,

262 1697 342 1738 α’πὸ
373 1700 447 1738 τοῦ
470 1697 647 1749 γείτονος
674 1696 780 1751 αὐτῇ
810 1692 931 1748 ὅρους
949 1695 1119 1735 Πανέου
1140 1694 1212 1746 τήν
1229 1697 1467 1747 ἐπωνυμίαν
1494 1698 1676 1748 θέμενοι.

262 1767 375 1807 quem
408 1754 571 1794 eundem
601 1764 778 1792 errorem
806 1753 977 1803 scriptor
1005 1752 1121 1791 Vitae
1150 1752 1362 1803 Epiphanii
1391 1753 1553 1801 erravit,
1584 1753 1676 1794 dum

262 1823 298 1847 e.
329 1812 382 1848 44
423 1821 473 1848 ex
502 1808 635 1859 Cypro
673 1819 717 1846 se
747 1808 843 1846 navi
873 1807 1112 1846 Caesaream
1136 1806 1307 1858 Philippi
1349 1806 1553 1846 traiecisse
1581 1819 1676 1846 nar-

262 1868 350 1904 rat:
379 1857 612 1913 ἀπάραντες
639 1859 684 1898 δ“ὲ
713 1857 792 1898 α’πό
825 1857 1004 1911 Κύπρου
1033 1857 1348 1906 ἀπεπλεύσαμεν
1374 1859 1416 1898 ἐν
1443 1859 1678 1913 Καισαρείᾳ

262 1917 313 1969 τῇ
342 1915 565 1955 Φιλίππου.
622 1927 748 1967 neque
776 1915 880 1955 enim
894 1915 1115 1954 Paneadem
1138 1914 1224 1954 sive
1251 1913 1489 1955 Caesaream
1505 1914 1677 1966 Philippi

261 1972 466 2023 appellere
492 1969 634 2022 potuit.

370 2045 475 2088 Ibid.
492 2049 554 2086 14.
614 2043 805 2095 Φοινίκης
830 2042 1106 2092 Λιβανησιάς]
1137 2044 1211 2083 fuit
1225 2044 1430 2096 provincia
1454 2043 1553 2083 haec
1578 2055 1676 2082 con-

262 2102 396 2142 iuncta
428 2101 639 2152 superiori,
669 2100 794 2138 donec
824 2098 1084 2139 aTlieodosio
1097 2098 1150 2137 M.
1182 2099 1472 2137 distraheretur
1500 2102 1540 2136 et
1564 2109 1675 2136 suum

263 2156 338 2195 sibi
369 2156 591 2206 praesidem
619 2155 830 2205 acciperet.
902 2153 1002 2191 vidit
1028 2152 1101 2190 hoc
1128 2152 1175 2190 H.
1203 2153 1381 2191 Norisius
1411 2164 1462 2191 ex
1489 2151 1677 2190 concilio-

263 2222 349 2248 rum
383 2210 495 2249 Actis
527 2209 684 2248 dissert.
716 2210 742 2246 4
770 2209 818 2246 de
839 2206 1010 2258 Epochis
1039 2219 1075 2257 p.
1091 2209 1193 2252 356,
1221 2206 1377 2246 tametsi
1403 2218 1475 2257 per
1501 2216 1676 2244 errorem

264 2264 437 2303 Arcadio
453 2264 648 2316 originem
663 2262 777 2301 huius
801 2261 1032 2313 provinciae
1051 2260 1256 2299 tribuerit:
1286 2260 1548 2300 Theodosium
1575 2259 1678 2297 enim

262 2321 462 2358 auctorem
494 2329 580 2356 esse
609 2318 664 2356 Io.
693 2317 846 2355 Malala
875 2319 967 2354 tom.
996 2318 1022 2353 2
1051 2327 1087 2365 p.
1105 2318 1160 2353 39
1185 2314 1390 2366 perspicue
1419 2314 1545 2353 docet.
1574 2310 1595 2348 ὄ
1627 2311 1674 2349 δὲ

263 2369 398 2421 αὐτός,
426 2372 570 2423 inquit,
600 2366 797 2420 βασιλεύς
835 2366 1056 2417 ἀπεμέρισε
1085 2365 1155 2405 καί
1183 2365 1254 2418 τήν
1279 2367 1471 2418 Φοινίκην
1500 2366 1678 2414 Λιβανι-

261 2425 357 2463 σίαν
379 2421 457 2462 α’πό
497 2425 569 2475 τῆς
597 2419 818 2473 Παράλου,
845 2421 917 2460 καί
945 2419 1132 2471 ἐποίησεν
1170 2419 1386 2472 ἐπαρχίαν,
1412 2417 1509 2465 douc,-
1537 2419 1679 2457 δίκαια

261 2474 546 2529 μητροπόλεως
572 2478 644 2516 καί
670 2474 848 2526 ἄρχοντα
878 2473 1112 2525 ὀρδινάριον
1134 2469 1303 2527 Ἐμέσσῃ
1319 2475 1367 2527 τῇ
1384 2470 1511 2512 πόλει.
1541 2485 1676 2526 quam-

194 2571 195 2574 ,
263 2545 379 2585 quam
408 2545 509 2585 quae
537 2533 587 2571 de
616 2533 779 2571 Emessa
810 2531 933 2581 addit,
962 2543 988 2570 a
1017 2541 1113 2569 vero
1142 2530 1307 2569 abeunt:
1345 2541 1470 2581 neque
1497 2540 1546 2567 ea
1573 2527 1675 2566 enim

262 2588 493 2639 metropolis
518 2587 760 2638 provinciae,
787 2585 856 2624 sed
885 2585 1101 2624 Damascus
1128 2585 1217 2623 fuit.
1269 2596 1343 2622 nec
1370 2593 1576 2622 succurres
1603 2580 1675 2619 ho-

263 2642 377 2693 mini,
406 2642 441 2682 si
468 2642 624 2683 civilem
651 2640 888 2692 metropolin
915 2650 1000 2678 eam
1037 2638 1172 2678 urbem
1213 2639 1359 2678 factam
1386 2636 1549 2685 dixeris,
1578 2646 1674 2686 quo-
