1780 3132
259 138 351 186 514
782 144 1127 185 WESSEUNGu

255 259 350 299 lium
363 257 599 310 Spyridonis
623 256 827 307 aequalem
855 268 903 296 ea
931 256 1062 295 omnia
1089 255 1324 303 convenire,
1352 259 1469 308 atque
1496 257 1658 297 eandem

256 323 419 364 pmrsus
453 325 540 351 esse
578 311 795 349 Ledroi-um
835 309 1155 349 Callinicensium
1191 315 1231 347 et
1261 311 1474 349 Leucosiae
1500 313 1660 357 urbem,

258 368 334 407 imo
363 378 459 406 vero
487 367 527 404 in
557 364 782 412 Hieronymi
813 364 997 416 catalogo
1025 377 1104 404 nou
1123 363 1362 408 Λευτεῶνος
1386 365 1458 403 sed
1485 364 1660 403 Λευκῶν

255 420 364 458 θεῶν
391 425 538 458 rectum
567 430 665 457 esse.

361 498 455 540 397,
486 498 548 534 19.
618 488 696 529 ὑπὸ
738 489 931 543 ἡγεμόνα]
961 492 1181 544 praesidem
1217 491 1463 532 Diocletiano
1488 492 1661 544 impera-

254 553 340 587 tore
358 548 550 587 Isauriam
578 547 764 586 habuisse
788 547 1021 586 Theodorus
1048 546 1262 586 iconiensis
1290 547 1331 585 in
1360 547 1540 597 epistula,
1559 558 1660 598 quae

253 608 344 641 tom.
373 606 400 641 3
426 603 496 640 lul.
529 602 580 641 ab
618 601 986 652 Autwerpiensibus
1030 605 1091 640 est
1127 602 1295 651 vulgata
1322 613 1359 652 p.
1379 604 1445 650 26,
1474 601 1657 640 ostendit.

253 657 401 696 Notitia
428 656 522 707 imp.
556 655 706 694 Orient.
735 667 821 694 eum
847 667 925 693 non
952 655 1093 703 habet,
1122 655 1191 693 sed
1221 653 1398 693 comitem
1422 654 1481 693 rei
1511 654 1659 694 milita-

253 710 310 750 ris
338 710 530 757 Isauriae,
559 709 668 748 cuius
699 710 817 748 etiam
832 709 1060 748 Ammianus
1086 711 1139 747 14
1162 712 1188 747 2
1221 712 1260 746 et
1287 712 1339 747 19
1359 711 1411 747 13
1438 708 1659 747 commemi-

251 764 321 803 nit.
377 768 470 814 puto
497 768 536 802 et
567 763 790 814 praesidem
821 767 860 801 et
887 764 1065 802 comitem
1100 761 1295 808 habuisse,
1323 773 1485 813 quorum
1513 762 1576 801 hic
1601 761 1660 800 rei

251 817 435 856 militaris
463 829 598 856 curam
626 821 786 868 gereret
827 821 866 855 et
894 818 1118 856 Isaurorum
1143 816 1356 855 latrocinia
1384 819 1660 866 compesceret,

251 873 321 910 ille
349 883 446 910 vero
472 884 556 910 rem
600 872 757 910 civilem
797 875 966 910 curaret.
1032 870 1268 909 Iustinianus
1295 869 1386 909 dein
1412 870 1580 909 Novella
1606 872 1662 908 28

251 932 458 977 utramque
503 925 888 965 administrationem
927 924 1132 964 coniunxit
1171 928 1211 963 et
1254 923 1322 963 uni
1370 923 1502 963 comiti
1549 935 1661 963 man-

250 980 374 1019 davit.

358 1041 465 1084 lbid.
522 1039 756 1091 Σελεύκεια]
786 1043 1016 1095 provinciae
1042 1041 1282 1094 metropolin
1310 1041 1585 1081 Theodoretus
1613 1040 1659 1080 11.

251 1098 298 1137 E.
326 1101 353 1136 2
380 1102 434 1137 26
464 1098 584 1146 facit,
617 1102 656 1136 et
694 1099 865 1137 maxime
892 1097 1062 1137 Basilius
1088 1095 1350 1137 Seleuciensis
1379 1099 1555 1134 extremo
1587 1095 1615 1134 l.
1638 1097 1660 1133 1
1722 1130 1725 1133 .

250 1151 465 1191 devitas.
484 1152 682 1191 Theclae:
711 1147 827 1195 πόλις
858 1150 903 1188 δέ
930 1150 1041 1188 ἐστιν
1070 1146 1172 1201 αὕτη
1201 1149 1280 1187 ταῖν
1311 1147 1381 1198 τῆς
1407 1143 1511 1202 ἑῴας
1539 1143 1663 1196 ὅρι’ων

251 1207 295 1245 ἐν
321 1204 523 1258 προοιμιίρ
564 1204 750 1255 κειμένη,
793 1201 1098 1255 προεδρεύουσα
1138 1203 1184 1241 δὲ
1221 1200 1292 1241 καί
1329 1199 1663 1254 προκαθεζομένη

249 1258 382 1310 πάσης
403 1253 634 1307 Ἰσοιυρίόὀς
676 1255 854 1309 πόλεως,
892 1254 1106 1308 πρόσοικος
1138 1253 1343 1309 θαλάττῃ,
1372 1255 1556 1304 ποταμοῦ
1581 1253 1665 1304 γεί-

249 1327 343 1351 των.
412 1308 629 1358 Κάλυδνος
670 1305 799 1360 ὄνομα
841 1312 898 1365 τῷ
925 1311 1113 1364 ποταμῷ,
1150 1310 1357 1363 ἐρχομένῳ
1389 1309 1466 1358 μὲν
1505 1302 1664 1346 ἄνωθεν

250 1363 331 1405 nimi
361 1366 442 1405 τῶν
481 1367 551 1416 τῆς
578 1362 759 1415 Κήτιιῖος
799 1363 1064 1416 μυχαιτάτων
1091 1366 1268 1415 χωρίων.
1325 1377 1426 1416 quae
1453 1368 1493 1403 et
1518 1367 1664 1416 metro-

249 1422 360 1473 polin
390 1420 511 1459 fuisse
533 1425 571 1459 et
599 1421 836 1460 maritimam
866 1433 914 1460 ac
937 1417 1179 1468 Calyc'adno‚
1209 1430 1320 1471 quem
1337 1419 1558 1468 Calydnum
1588 1429 1663 1468 ap-

247 1477 394 1527 pellat,
435 1475 475 1513 id
501 1475 622 1526 -quod
651 1475 877 1526 Stephanus
914 1475 955 1514 in
974 1472 1090 1523 Ὑρία
1120 1474 1253 1524 prodit
1278 1473 1452 1520 firmans,
1481 1470 1662 1511 vicinam.

250 1530 361 1569 addit
390 1529 481 1567 deiu
517 1533 630 1567 tanto
667 1529 879 1579 splendore
915 1533 1034 1580 atque
1070 1527 1308 1567 amoenitate
1337 1538 1423 1565 esse
1450 1529 1495 1564 ut
1519 1525 1666 1564 multas

250 1587 461 1634 exsuperet
500 1587 539 1621 et
568 1583 797 1634 quibusdam
825 1586 1090 1634 exaequetur,
1131 1594 1216 1620 cum
1243 1581 1372 1619 Tarso
1406 1583 1556 1629 autem,
1585 1579 1666 1617 ele-

255 1637 493 1688 gantissima
520 1637 631 1685 urbe,
661 1637 871 1686 montibus,
901 1636 990 1686 situ,
1019 1635 1124 1674 aeris
1143 1635 1346 1685 temperie,
1375 1635 1571 1673 fructuum
1599 1645 1666 1671 co-

253 1692 320 1742 pia
353 1696 392 1730 et
421 1702 552 1730 rerum
583 1690 782 1729 venalium
810 1689 1054 1730 abundantia
1080 1689 1247 1741 aliisque
1277 1688 1328 1727 ad
1357 1688 1600 1739 elegantiam
1628 1690 1668 1725 et

252 1746 462 1785 utilitatem
490 1744 610 1784 rebus
640 1745 689 1783 de
717 1745 850 1795 palma
881 1748 1017 1783 certet.
1084 1742 1281 1782 celebrari
1307 1743 1350 1781 in
1376 1743 1474 1781 urhe
1501 1745 1669 1793 quotan-

254 1801 314 1839 nis
335 1800 452 1839 varia
474 1799 655 1838 ludorum
679 1810 840 1850 genera,
860 1809 960 1850 quae
974 1797 1155 1848 Olympia
1183 1797 1397 1848 appellent,
1427 1799 1467 1835 et
1496 1795 1538 1834 in
1567 1805 1669 1847 quae

254 1866 333 1893 non
356 1853 549 1892 immerito
594 1857 696 1892 orat.
726 1857 779 1891 27
805 1866 843 1904 p.
862 1855 942 1892 148
979 1853 1189 1892 invehitur.
1247 1850 1429 1890 Zosimus
1455 1853 1478 1888 1
1514 1852 1568 1888 27
1597 1846 1670 1884 Σε-

255 1904 442 1944 λεύκειαν
477 1903 549 1956 τήν
589 1902 689 1955 μετὰ
720 1906 915 1944 Κιλικίαν
953 1910 1095 1954 vocat,
1124 1911 1163 1945 et
1190 1904 1389 1956 Apollinis
1418 1901 1670 1955 Sarpedonii,

257 1962 296 2001 in
329 1973 404 2014 quo
443 1961 607 2000 oracula
643 1960 928 2010 redderentur,
961 1961 1108 2011 templo
1154 1959 1351 2010 insignem
1384 1957 1532 2008 fuisse,
1560 1955 1671 1995 cuius

256 2020 297 2054 et
325 2014 497 2055 Basilius
524 2015 641 2054 Vitae
670 2014 845 2054 Theclae
874 2018 896 2053 1
943 2027 981 2065 p.
1002 2016 1082 2053 275
1111 2017 1151 2053 et
1177 2014 1226 2052 de
1255 2013 1393 2052 Mirac.
1422 2010 1559 2051 Thecl.
1587 2013 1614 2048 2
1643 2013 1672 2049 2

257 2074 296 2108 et
322 2073 376 2108 26
403 2069 640 2109 mentionem
666 2068 770 2108 fecit.
826 2080 1035 2120 perperam
1063 2062 1278 2104 Σελεύκεια
1310 2063 1334 2115 ἦ
1363 2065 1406 2104 ἐν
1436 2062 1673 2115 Καισαρείᾳ

257 2125 298 2163 in
326 2124 533 2172 Symeonis
562 2123 738 2172 Stylitae
769 2121 875 2162 Actis
899 2135 932 2162 c.
961 2124 1015 2162 25
1042 2126 1133 2161 tom.
1163 2123 1191 2160 5
1216 2120 1313 2160 Maii
1341 2133 1380 2172 p.
1399 2122 1493 2160 384.
1523 2116 1671 2158 rectius

259 2178 443 2218 Seleucia
482 2178 665 2226 Τραχεΐα
692 2177 808 2227 aliis,
851 2176 954 2228 quod
997 2176 1039 2216 in
1074 2175 1228 2215 Isauria
1273 2172 1475 2228 Tpaygst'cgo,
1519 2172 1568 2211 de
1594 2183 1673 2224 qua

261 2231 464 2271 Candidus
493 2231 599 2283 apud
624 2231 805 2271 Photium
833 2231 921 2270 cod.
953 2234 1019 2281 ³79,
1047 2234 1160 2269 esset.

369 2305 477 2347 Ibid.
502 2310 567 2346 20.
624 2305 882 2356 Κελεσθέρη]
915 2305 1160 2354 Κελένδερις
1203 2308 1284 2355 est,
1326 2315 1428 2357 quae
1468 2300 1677 2343 Celendris

261 2361 414 2410 Melae,
453 2372 686 2412 quamquam
716 2360 944 2400 Citandaris
980 2373 1038 2399 ms
1074 2358 1319 2399 D'Orviliani
1355 2359 1406 2398 ad
1436 2355 1675 2397 Celenderin

262 2415 425 2466 propior
451 2419 522 2453 est.
579 2415 740 2455 condita
777 2420 838 2455 est
862 2427 888 2454 a
918 2414 1103 2454 Sandoco
1147 2414 1232 2453 sive
1260 2412 1459 2461 Sandaco,
1487 2410 1523 2450 si
1550 2409 1674 2461 Apol-

262 2470 425 2508 lodorus
453 2468 553 2508 Bibl.
592 2473 620 2509 3
656 2482 694 2520 p.
717 2472 797 2509 193
836 2468 951 2508 fidem
979 2473 1175 2515 meretur,
1207 2471 1320 2518 patre
1348 2466 1534 2515 Cinyrae,
1560 2474 1675 2515 quem

264 2535 316 2562 ex
342 2523 559 2571 Pharnace,
590 2535 705 2574 quam
736 2523 1006 2574 Apollodorus
1028 2517 1217 2571 Θανάκην
1248 2524 1377 2570 vocat,
1406 2519 1552 2571 genuit.
1583 2516 1675 2568 vide

264 2577 497 2626 Hesychium
525 2577 567 2616 in
582 2573 768 2625 Κινύρας
797 2582 836 2615 et
854 2576 1017 2617 Suidam
1050 2576 1090 2616 in
1120 2570 1453 2626 Καταγηγάσαις,
1483 2571 1550 2612 ubi
1577 2571 1676 2628 mal-

264 2631 341 2672 lem
367 2631 466 2671 nihil
493 2644 519 2672 a
546 2631 716 2673 Kustero
744 2635 944 2671 mutatum.
