1780 3132
246 142 302 181 IN
331 136 689 181 CONSTANTINI
714 137 911 180 PORPH.
939 138 1038 178 Liss.
1064 137 1135 178 DE
1160 134 1292 177 ADM.
1321 137 1428 176 IMP.
1470 131 1561 176 331

128 251 301 305 (luiphus
331 252 476 293 ltaliae
503 265 672 306 regnum
699 252 807 292 hand
833 252 902 292 diu
927 250 1114 292 retinuit:
1154 250 1301 304 quippe
1328 249 1569 302 populorum

130 307 427 360 conspiratione
454 309 616 361 Hugoni
634 307 866 348 Arelatensi
892 319 963 347 seu
981 306 1220 347 Provinciae
1237 305 1371 346 comiti
1399 317 1569 357 regnum

132 362 315 402 defertur
341 375 380 403 a.
416 362 511 404 Chr.
539 367 635 404 926.

239 432 334 477 117,
362 433 429 470 20.
504 423 822 478 τελευτήσαντος
867 419 1022 475 αὕτοῦ]
1057 427 1227 467 moritur
1264 425 1500 477 Rodulphus
1531 438 1571 465 a.

127 481 224 523 chr.
256 487 363 536 9:3⁷,
394 497 443 525 ac
471 484 621 537 primus
652 482 910 535 Burgundiae
937 494 1013 523 rex
1038 483 1126 529 fuit,
1157 486 1201 521 ut
1230 482 1288 522 ait
1317 481 1569 533 &geben-tus,

123 538 216 633 ziizg
237 539 427 633 slgiigriitsis
452 552 501 580 ac
528 537 762 591 Cisalpinae
790 538 973 588 Galliae,
1013 542 1057 577 ut
1083 537 1338 577 Flodoardus
1367 536 1410 576 in
1440 535 1569 576 Chro-

242 657 350 701 Ibid.
382 662 447 700 23.
506 659 618 699 Hanc
645 658 858 698 Adelesam
886 657 1088 710 Rodulphi
1115 657 1251 705 filiam,
1282 669 1386 710 quae
1415 655 1570 696 Lotha-

127 712 190 754 rio
217 714 370 767 Ugouis
409 714 493 754 filio
535 717 750 767 nupserat,
790 713 1023 753 Adeleidem
1067 713 1286 765 scriptores
1323 711 1458 753 Latini
1500 724 1570 763 ap-

123 815 126 818 .
155 779 295 820 ellant.

126 791 152 832 P
239 837 334 884 118,
362 838 401 874 1.
458 833 516 889 τῷ
553 832 647 872 νυνί
673 825 759 873 ὄντι
784 831 962 879 Ἰταλίας
1003 827 1118 886 ῥηγί]
1161 832 1378 874 [aotharius
1415 831 1571 884 Ugonis

126 887 235 929 filius
264 901 431 930 consors
461 891 507 929 fit
536 890 656 943 regni
686 889 845 942 paterni
873 903 912 931 a.
947 888 1042 930 Chr.
1074 892 1168 929 932.
1236 901 1366 940 regno
1405 887 1571 940 privan-

125 946 193 984 tur
228 944 345 984 ambo
380 956 407 984 a
435 944 685 997 Berengario
727 945 900 985 secundo
937 958 974 985 a.
1002 946 1109 994 945,
1147 944 1224 984 hae
1263 943 1497 982 condicione
1526 946 1572 981 ut

127 998 251 1051 Ilugo
292 1011 380 1039 cum
421 1000 505 1040 filio
547 1000 743 1040 Lothario
797 1000 907 1053 regis
956 999 1154 1039 vocabulo
1203 1003 1412 1038 contentus
1452 997 1572 1049 regui

130 1066 246 1106 usum
275 1066 326 1094 ac
353 1065 492 1094 rerum
520 1067 711 1095 summam
738 1055 988 1107 Berengario
1014 1054 1275 1107 permitteret.
1334 1053 1392 1093 sic
1418 1052 1571 1093 Lotha-

126 1109 191 1148 rio
218 1108 302 1148 filio
333 1109 376 1149 in
400 1110 522 1150 ltalia
556 1110 698 1150 relicto
736 1111 777 1150 in
809 1109 1062 1150 Provinciam
1101 1110 1218 1161 Hugo
1255 1108 1376 1148 rediit
1404 1121 1442 1148 a.
1473 1110 1568 1147 947.

127 1162 290 1204 biennio
317 1175 416 1204 vero
443 1168 536 1217 post
562 1165 731 1204 moritur
749 1165 979 1214 Lotharius,
1010 1168 1051 1203 et
1077 1164 1189 1217 regis
1218 1163 1375 1203 titulum
1403 1162 1572 1217 assumit

125 1217 403 1271 Berengarius
431 1232 510 1260 una
540 1232 627 1260 cum
655 1220 877 1260 Adalberto
907 1219 1003 1270 filio,
1033 1232 1070 1259 a.
1102 1222 1198 1260 950.
1256 1219 1349 1258 hinc
1378 1230 1478 1271 ergo
1505 1219 1570 1258 fa-

125 1273 206 1314 cile
233 1277 295 1313 est
323 1286 571 1327 cognoscere
601 1275 760 1328 quando
789 1275 889 1315 haec
917 1274 1288 1327 porphyrogenitus
1318 1272 1540 1326 scripserit.

236 1337 345 1380 Ibid.
375 1342 413 1380 4.
471 1340 623 1382 Bertha
654 1341 767 1392 haec,
797 1353 899 1394 quae
914 1341 1095 1381 Romano
1116 1340 1457 1392 Porphyrogeniti
1485 1339 1569 1379 filio

122 1394 270 1448 nupsit,
296 1394 479 1447 lingonis
511 1396 670 1449 quidem
697 1396 842 1437 ltaliae
883 1397 998 1448 regis
1035 1400 1124 1436 erat
1149 1396 1247 1446 filia,
1276 1396 1345 1435 sed
1375 1395 1501 1435 notha
1529 1399 1570 1434 et

122 1449 349 1503 illegitima,
377 1462 494 1503 quam
531 1451 618 1503 ipse
646 1464 699 1493 ex
739 1452 921 1491 Baezola
957 1452 1181 1491 concubina
1219 1450 1405 1502 suscepit.
1476 1450 1570 1490 vide

122 1505 278 1558 Luitpr.
307 1508 334 1544 4
357 1509 396 1556 6,
420 1508 450 1544 5
475 1507 504 1545 5
533 1510 573 1546 et
606 1512 645 1548 9.
700 1507 771 1546 sed
803 1507 980 1559 pudebat
1006 1507 1148 1558 procul
1183 1506 1304 1545 dubio
1334 1505 1567 1546 Constanti-

121 1572 216 1600 num
244 1559 349 1600 hanc
374 1572 471 1600 suae
509 1561 687 1602 familiae
720 1561 1029 1613 ignominiosam
1063 1567 1203 1602 notam
1242 1561 1394 1613 scripto
1435 1561 1566 1600 consi-

121 1626 265 1667 gnare.
295 1620 468 1655 ceterum
489 1615 641 1658 Bertha
665 1631 691 1658 a
710 1617 920 1670 Sigefrido
936 1617 1146 1656 Parmensi
1175 1617 1362 1669 episcopo
1393 1616 1566 1655 deducta

122 1669 200 1710 fuit
225 1668 381 1722 Cpolim
409 1671 481 1711 sub
512 1684 658 1712 annum
688 1675 783 1722 943,
809 1672 950 1712 Indict.
969 1676 1008 1723 2,
1035 1673 1218 1712 Romano
1247 1672 1462 1722 Lacapeno
1494 1672 1566 1710 im-

122 1724 226 1776 perii
256 1725 415 1765 clavum
444 1726 575 1766 adhuc
592 1728 822 1775 obtinente;
854 1727 1019 1779 nuptiae
1050 1727 1280 1766 celebratae
1309 1731 1401 1765 sunt
1430 1738 1566 1765 mense

120 1779 374 1832 Septembri,
412 1793 500 1822 cum
538 1783 713 1823 nondum
758 1782 904 1822 aetatis
953 1794 1100 1822 annum
1139 1784 1194 1822 14
1234 1781 1441 1834 attigisset
1482 1782 1565 1821 Ro-

116 1846 270 1875 manus,

226 1887 337 1930 lbid.
370 1892 409 1931 ⁸7.
475 1885 560 1943 ἔτη]
603 1903 791 1931 numerus
821 1903 1016 1932 annorum
1057 1892 1198 1944 quibus
1228 1891 1384 1943 Magna
1411 1890 1563 1931 Bertha

114 1947 208 1996 post
236 1944 447 1985 Adelberti
475 1945 661 1999 coniugis
701 1947 851 1987 obitum
879 1947 1081 2000 regnavit,
1125 1947 1380 1987 desideratur
1408 1958 1495 1986 cum
1520 1946 1563 1986 in
1629 1998 1632 2002 ι

114 1998 234 2039 editis
259 2003 342 2040 tum
371 2000 414 2040 in
442 2012 536 2041 mss.

226 2063 337 2106 Ibid.
393 2064 720 2119 μετωνομάσθη]
752 2067 929 2107 Berthae
955 2080 1099 2107 nomen
1119 2068 1161 2108 in
1189 2069 1407 2109 Eudociam
1433 2070 1563 2109 muta-

112 2120 197 2160 tum
227 2120 304 2160 fuit
330 2132 357 2161 a
385 2120 555 2162 Graecis
582 2122 624 2161 in
651 2123 768 2162 aviae
790 2126 829 2162 et
860 2123 1016 2163 sororis
1033 2123 1289 2164 Constantini
1315 2124 1561 2173 memoriam,

113 2179 159 2214 ut
189 2174 276 2227 ipse
307 2175 460 2216 scribit..
517 2177 588 2216 sed
620 2189 646 2217 a
677 2189 850 2230 quanam
880 2190 1021 2226 uxore,
1050 2191 1137 2218 cum
1165 2185 1355 2232 quattuor
1375 2179 1562 2220 habuerit

112 2227 209 2279 Leo,
235 2230 360 2270 filiam
389 2230 610 2272 Eudociam
638 2233 882 2284 susceperit,
911 2233 1095 2285 pluribus
1137 2234 1309 2274 diximus
1337 2234 1558 2274 Comment.

112 2283 156 2323 in
184 2284 320 2337 Antiq.
349 2285 422 2337 Cp.
454 2286 484 2326 l.
513 2291 541 2326 6
582 2300 621 2327 n.
650 2289 745 2328 350.
812 2288 918 2326 unde
945 2300 996 2327 ne
1024 2292 1157 2328 actum
1186 2301 1312 2341 agere
1340 2289 1483 2329 videar
1510 2301 1559 2328 eo

111 2338 304 2378 lectorem
332 2340 457 2381 mitto.
533 2341 638 2382 hanc
677 2346 811 2382 autem
841 2343 1065 2383 Eudoxiam
1100 2356 1175 2395 pro
1205 2345 1387 2385 Eudocia
1413 2357 1559 2397 perpe-

108 2402 198 2433 ram
227 2395 408 2446 appellat
438 2395 592 2448 Luitpr.
622 2398 651 2436 5
678 2401 717 2437 9.
787 2398 892 2438 vixit
930 2410 1029 2437 vero
1059 2399 1241 2440 Eudocia
1271 2413 1359 2440 cum
1388 2401 1559 2452 coniuge

107 2459 184 2541 per
213 2460 342 2488 annos
370 2450 554 2503 quinque,
584 2451 760 2505 obiitque
790 2453 945 2493 intacta
973 2465 1022 2494 ac
1041 2455 1184 2507 virgo,
1215 2460 1260 2495 ut
1287 2456 1429 2495 scribit
1456 2455 1559 2505 Scy-

128 2508 246 2542 ntzes.

218 2561 314 2607 119,
342 2561 380 2599 1.
456 2558 637 2611 Εἰρήνης
663 2560 739 2611 τῆς
770 2558 1006 2616 βασιλίδος]
1036 2565 1094 2604 sic
1123 2563 1294 2606 habetur
1324 2571 1364 2605 ct
1393 2566 1434 2605 in
1463 2578 1557 2605 mss.

105 2615 150 2674 at
178 2614 362 2653 mendum
392 2614 458 2655 hic
475 2627 564 2655 esse
585 2616 806 2657 oscitanter
829 2619 1094 2659 exscribentis
1111 2621 1270 2661 librarii
1290 2622 1391 2661 vidit
1419 2622 1557 2660 Meur-

106 2677 210 2708 sius:
241 2668 389 2723 quippe
434 2670 477 2711 id
516 2671 661 2712 accidit
709 2673 860 2714 Iustino
903 2674 1151 2728 imperante,
1196 2677 1365 2730 ideoque
1402 2677 1558 2729 Sophia
