1780 3132
524 154 601 196 DE
634 153 988 199 THEMATIBUS
1024 156 1120 199 [ΑΒ.
1154 156 1186 201 1.
1521 156 1584 201 39

137 264 336 319 θέματος,
386 264 600 319 ἀποβλέπει
624 267 668 309 δὲ
695 266 795 323 πρὸς
822 271 978 324 βορρᾶν
1005 285 1044 310 τε
1077 270 1142 311 καὶ
1173 266 1300 319 νότον,
1343 269 1516 324 δελτωτὴ
1540 270 1584 312 τὸ

135 338 296 388 σχῆμα,
338 333 409 389 τὴν
439 335 483 376 δὲ
506 335 695 391 γραμμὴν
723 336 924 391 τρίγωνος.
995 337 1186 393 Δωριέων
1215 338 1261 379 δέ
1289 338 1394 379 ἐστιν
1418 337 1584 389 ἄποικος

132 405 215 444 τῶν
231 402 274 443 ἐκ
291 402 625 457 Πελοποννήσου,
663 403 845 460 Ἀργείων
872 421 914 446 τε
945 407 1011 447 καὶ
1032 407 1367 459 Λακεδαιμονίων
1396 411 1476 448 τῶν
1501 406 1580 448 ἀπὸ
1644 428 1657 436 v

133 474 204 522 τῆς
218 467 468 527 Ἡρακλέους
485 475 618 527 γενεᾶς
632 473 922 526 καταγομένων,
963 474 1103 523 καθὼς
1120 476 1187 515 καὶ
1209 474 1330 524 αὐτὸς
1341 473 1522 531 ’Όμηρος
1541 476 1582 516 ἐν

98 542 189 596 ὅτῷ
206 543 287 582 τῶν
308 543 406 581 νεῶν
429 539 636 597 καταλόγῳ
657 541 747 594 περὶ
768 540 892 594 αὐτῆς
914 539 1007 583 τάδε
1033 544 1145 598 φησί,

331 607 594 662 Τληπόλεμος
617 610 641 649 δ
647 608 659 623 ²
680 607 948 664 ζΗρακλείδης
967 609 1042 663 ἠΰς
1061 627 1102 651 τε
1122 610 1247 664 μέγας
1266 627 1306 651 τε

335 676 379 717 ἐκ
394 674 536 718 Ῥόδου
554 676 663 718 ἐννέα
680 681 778 731 νῆας
795 676 886 732 ἄγεν
902 675 1065 720 Ῥοδίων
1082 676 1307 733 ἀγερώχων,

331 745 376 786 οἳ
385 742 522 787 Ῥόδον
544 745 819 801 ἀμφενέμοντο
842 744 1027 802 διάτριχα
1048 747 1318 800 κοσμηθέντες
1330 777 1342 795 ,

330 814 488 855 Λίνδον
504 811 708 868 Ἰήλυσσόν
726 831 768 855 τε
787 816 853 856 καὶ
875 812 1105 871 ἀργινόεντα
1124 812 1346 870 Κάμειρον.

74 880 193 922 maai
213 873 290 923 ὧδε
308 881 382 935 μὲν
400 881 452 923 τὰ
472 883 561 938 περὶ
577 879 731 924 Ῥόδου.

420 975 462 1011 ιε’
487 975 588 1020 θέμα
608 975 650 1012 τὸ
677 974 905 1021 καλούμενον
929 975 1087 1022 ἐπαρχία
1111 974 1280 1020 Κύπρου.
1600 979 1628 1012 Ρ
1656 978 1698 1013 17

255 1038 451 1096 Ἔπαρχία
485 1039 656 1097 Κύπρου
692 1046 764 1095 τῆς
801 1039 924 1095 νήσου
964 1039 1042 1083 ὑπὸ
1076 1039 1345 1096 κονσιλιάριον
1355 1071 1368 1090 ,
1402 1037 1580 1080 τουτέστι

123 1106 366 1162 βουλευτήν,
398 1107 532 1158 πόλεις
550 1109 781 1160 δεκαπέντε,
817 1109 1101 1153 Κωνστάντεια
1122 1106 1389 1163 μητρόπολις,
1426 1108 1579 1156 Κίτιον,

104 1174 349 1227 ’Ἅμαθοῦς,
403 1176 630 1232 Κυρήνεια,
688 1175 865 1233 Πάφος,
917 1177 1122 1233 Ἀρσινόη,
1170 1175 1315 1226 Σόλοι,
1363 1174 1579 1225 Λάπιθος,

70 1251 112 1287 15
123 1243 284 1299 Κέρμια
304 1242 393 1296 ἤτοι
415 1245 673 1295 Λευκουσιά,
715 1246 944 1300 Κυθέρεια,
995 1243 1215 1298 Τάμασος,
1260 1242 1461 1298 Κούριον,
1496 1244 1576 1284 Νέ-

119 1327 263 1364 μευος,
301 1313 539 1368 Τρίμυθος,
575 1311 673 1354 ὅθεν
694 1311 715 1354 ὃ
740 1311 853 1367 ἅγιος
872 1313 1099 1368 Σπυρίδων,
1138 1309 1392 1368 Καρπάσιον.
1460 1309 1487 1364 ἡ
1509 1312 1581 1364 μὲν

121 1373 192 1420 οὖν
213 1377 380 1436 Κύπρος
400 1378 427 1434 ἦ
452 1378 574 1434 νῆσός
604 1381 687 1424 ε’στι
718 1378 873 1435 μεγάλη
901 1383 966 1422 καὶ
997 1378 1318 1437 ἐπιφανεστάτη,
1362 1379 1518 1433 κειμένη
1539 1382 1580 1422 ἐν

118 1451 176 1506 τῷ
196 1449 431 1506 Παμφυλίῳ
451 1446 608 1505 κόλπῳ,
647 1449 790 1499 καθώς
812 1466 936 1505 φησιν
958 1447 979 1491 ὅ
1002 1449 1242 1504 περιηγητὴς
1263 1446 1480 1497 Διονύσιος

286 1515 454 1574 Κύπρος
477 1519 503 1559 δ
511 1517 522 1532 ²
548 1519 603 1567 εἷς
624 1517 751 1573 αὐγὰς
769 1518 1020 1574 Παμφυλίου
1043 1517 1182 1559 ἔνδοθι
1203 1515 1364 1559 πόντου.

209 1650 227 1682 1
250 1659 289 1682 τε
308 1659 361 1682 om
387 1648 416 1682 C
553 1646 666 1681 δελτῶ
693 1646 723 1681 C
847 1647 868 1681 6
891 1641 965 1690 ἠΰς
988 1658 1025 1681 τε
1049 1645 1161 1690 μέγας
1184 1659 1222 1681 τε
1246 1645 1284 1681 ἐκ
1307 1645 1443 1682 Ῥόδου
1468 1660 1520 1682 om
1548 1650 1578 1681 C

206 1696 228 1729 8
247 1691 380 1728 Ῥόδον
395 1712 440 1717 -
455 1691 702 1736 κοσμηθέντες
725 1704 779 1727 om
804 1693 834 1727 C
1018 1694 1040 1727 9
1062 1694 1187 1727 λίνδου
1219 1690 1341 1727 ὤκουν
1373 1692 1523 1737 ἰήλυσόν
1548 1695 1578 1726 C

206 1741 247 1776 11
274 1737 316 1773 ιε’
335 1759 371 1764 -
390 1737 564 1783 Κύπρου]
592 1736 746 1783 ἐπαρχία
769 1739 836 1782 τῆς
858 1735 974 1781 νήσου
994 1736 1151 1780 κύπρου.
1193 1738 1234 1772 ιε’
1259 1740 1289 1773 C
1407 1741 1450 1774 13
1474 1740 1579 1773 δεκα-

204 1787 302 1827 τρεῖς
323 1785 355 1818 V
493 1785 535 1819 15
558 1783 699 1827 Κέρμια
721 1780 806 1828 ἤτοι
831 1785 964 1828 Λευ-4.]
993 1784 1153 1828 Κέρβεια
1177 1785 1208 1816 V
1353 1786 1522 1828 Ταμασία
1546 1786 1576 1816 V

205 1828 382 1874 Κούριον,
408 1828 574 1873 Νέμευος
597 1831 664 1863 add
689 1830 730 1863 A.
756 1831 817 1864 sed
840 1831 932 1875 apud
958 1830 1138 1864 Morellum
1165 1828 1332 1874 Νέμεβος
1417 1833 1459 1865 16
1477 1829 1575 1873 Κάρ-

203 1887 323 1917 πασος
339 1876 369 1909 V
462 1873 486 1920 ἡ
502 1873 568 1919 μὲν
585 1873 737 1920 Κύπρος
753 1877 865 1920 νῆσος
882 1877 912 1909 V
1009 1876 1049 1909 19
1067 1873 1206 1919 ἐνδόθη
1225 1877 1254 1909 C

111 1993 189 2026 dem
212 1990 313 2025 huius
335 1989 497 2024 thematis
517 1988 586 2024 sita
604 1992 677 2033 est,
712 1990 756 2024 ad
786 1991 929 2024 boream
962 1987 1095 2033 pariter
1127 1994 1162 2023 et
1184 1992 1336 2023 austrum
1360 1989 1575 2035 respiciens:

111 2039 234 2072 literae
255 2036 346 2071 enim
369 2038 403 2069 Δ
423 2036 575 2081 speciem
599 2047 684 2081 prae
707 2047 746 2069 se
769 2036 858 2080 fert,
891 2034 1096 2078 triangulari
1121 2034 1284 2070 videlicet
1306 2037 1430 2080 figura.
1479 2042 1575 2069 cete-

109 2095 184 2119 rum
206 2081 426 2117 Doriensium
450 2081 588 2115 colonia
611 2086 681 2125 est,
717 2082 777 2126 qui
802 2093 845 2116 ex
866 2081 1131 2125 Peloponneso,
1165 2081 1306 2125 Argivis
1337 2089 1373 2115 et
1394 2081 1573 2115 Lacedae·
1615 2096 1619 2101 ·

109 2128 254 2172 moniis,
285 2129 330 2163 ab
353 2126 505 2162 Hercule
534 2139 643 2172 genus
677 2128 826 2170 ducunt3
859 2126 1141 2172 quemadmodum
1174 2132 1210 2161 et
1242 2127 1319 2173 ipse
1342 2127 1513 2162 Homerus
1536 2126 1573 2160 in

109 2175 266 2220 catalogo
290 2174 426 2208 nuvium
450 2174 494 2207 de
517 2185 560 2207 ea
581 2173 722 2207 scribit:

245 2219 329 2266 quin
349 2225 384 2253 et
405 2219 628 2264 Tlepolemus
651 2224 746 2253 satus
770 2217 942 2261 Hercule,
973 2217 1075 2251 fortis
1100 2222 1135 2252 et
1160 2218 1296 2263 ingens,

243 2266 322 2311 ipse
342 2265 468 2299 Rhodo
494 2276 600 2298 naves
623 2271 679 2299 ter
701 2265 811 2298 trinas
835 2264 952 2306 duxit,
978 2269 1120 2298 onustas

241 2311 467 2356 magnanimis
489 2311 660 2344 Rhodiis:
686 2311 844 2344 Rhodum
869 2310 957 2342 enim
981 2309 1152 2353 triquetro
1178 2309 1299 2344 ordine
1323 2308 1466 2354 cingunt

241 2357 375 2392 Lindus
395 2356 618 2401 Ialyssusque
641 2363 746 2400 atque
772 2355 936 2399 argillosa
958 2355 1132 2390 Camirus.

105 2409 211 2451 atque
230 2403 318 2438 haec
341 2402 480 2448 quidem
507 2403 551 2437 de
571 2402 710 2439 Rhodo.

301 2481 434 2516 Thema
458 2482 628 2516 decimum
655 2481 819 2526 quintum
840 2482 1072 2525 praefectura
1098 2479 1205 2524 Cypri
1227 2478 1372 2514 ‹lic-tum.

193 2540 421 2574 Praefectura
440 2538 552 2585 Cypri
584 2539 717 2574 insulae
751 2549 771 2571 a
796 2537 995 2571 consiliario
1018 2537 1258 2571 administrata
1281 2536 1367 2570 suit:
1402 2535 1506 2568 urbes
1531 2535 1566 2568 ἰιι

105 2597 148 2620 ea
169 2589 252 2620 sunt
273 2584 488 2630 quindecim,
511 2585 719 2619 Constantia
739 2582 959 2627 metropolis,
986 2582 1138 2626 Citium,
1173 2582 1356 2624 Amathus,
1389 2581 1565 2624 Cymaea,

103 2630 256 2677 Paphus,
281 2630 440 2673 Arsinoe,
463 2630 550 2674 soli,
574 2631 758 2676 Lapithus,
782 2628 922 2663 Cermia
943 2639 1006 2663 seu
1028 2627 1219 2670 Leucushz,
1245 2627 1464 2671 Cythaerea,
1489 2626 1563 2660 Ta-

103 2687 228 2720 masus,
249 2676 405 2720 Curium,
428 2677 616 2721 Nemevus,
639 2675 858 2718 TrimythuS,
885 2686 928 2709 ex
951 2685 1019 2719 qua
1042 2675 1081 2708 S.
1105 2674 1318 2719 Spyridion,
1343 2673 1562 2717 Carpasium.

101 2723 241 2767 Cyprus
267 2722 389 2766 itaque
419 2727 474 2756 est
504 2734 629 2766 magna
659 2728 695 2756 et
727 2720 871 2755 illustris
897 2720 1028 2765 insula,
1063 2720 1101 2754 in
1132 2719 1211 2754 sinu
1243 2719 1448 2766 Pamphylio
1483 2717 1564 2761 sita,

100 2768 380 2814 quemadmodum
400 2767 523 2802 scribit
541 2768 731 2811 Dionysius
752 2767 976 2812 Periegetes:

315 2813 519 2858 Pamphylio
542 2814 578 2849 in
602 2820 709 2860 ponto
733 2813 875 2859 Cyprus
898 2824 936 2848 se
958 2811 1072 2847 tendit
1094 2812 1138 2846 ad
1163 2816 1287 2848 ortum.
