1780 3132
320 191 390 229 DE
428 185 878 229 ADlesTRANDO
925 181 1147 224 IMPERIO
1186 180 1305 222 CAP.
1349 181 1414 222 32.
1508 170 1598 214 155

158 287 236 336 ἕως
263 288 337 341 τῆς
370 283 546 340 ςΡιιίσης.
604 284 677 326 καί
714 281 821 335 ὖπὲρ
860 285 935 335 τῆς
971 280 1166 335 τοιαύτης
1205 278 1381 333 χάριτος
1426 277 1605 318 δέδωκεν

159 352 303 400 αὐτοῖς
325 350 509 405 Μιχαὴλ
538 350 561 392 5
580 351 761 403 Βορίσης
789 346 950 402 δωρεὰς
973 343 1181 400 μεγάλας·
1234 345 1305 385 καί
1341 344 1490 385 ἐκεῖνοι
1531 339 1604 381 οἷν-

159 419 344 460 τέδωκαν
379 416 497 474 αὐτῷ
532 416 660 470 χάριν
697 414 839 464 ξενίων
882 411 1081 466 ψυχάρια
1114 409 1218 465 δύο,
1259 407 1478 465 φαλκοόνια
1513 403 1601 459 δύο,

159 484 310 525 σκυλιἀ
339 481 413 523 δύο
440 484 513 523 καί
537 479 689 536 γούνας
721 477 1009 532 ἐννενήκοντα·
1069 475 1170 530 ὅπερ
1192 477 1382 529 λέγουσιν
1402 472 1439 514 οἱ
1461 472 1605 514 Βούλ-

126 555 282 602 ῡγαροι
322 544 429 590 εἶναι
477 547 643 589 πάκτον.
698 544 802 597 μετὰ
829 542 980 598 μικρὸν
1015 545 1060 584 δὲ
1089 544 1270 595 ἐγένοντο
1298 542 1383 581 κατ’
1417 538 1606 593 α’λλὴλων

163 612 200 655 οἱ
229 620 341 668 τρεῖς
368 615 544 669 α’δελφοί
572 612 610 655 οἱ
640 609 838 666 ἄρχοντες
869 609 1074 663 Σερβλιάς
1094 625 1104 636 ·
1163 609 1235 649 καί
1271 605 1484 661 γενόμενος
1513 607 1606 647 ἐπι-

163 682 432 735 κρατέστερος
477 678 498 719 5
539 674 598 727 εἷς
633 679 774 720 αὐτῶν
812 676 832 716 5
865 678 1185 728 Μουντιζιιηρος,
1227 676 1298 713 καί
1321 675 1456 714 θέλων
1482 668 1608 723 μόνος

162 744 240 799 τήν
271 741 410 800 ἆρχὴν
454 747 638 799 ἐπέχειν,
675 741 888 798 κρατήσας
915 743 1130 795 παρέδωκε
1163 738 1262 787 τούς
1294 737 1370 779 δύο
1398 740 1441 779 ἐν
1465 740 1608 779 Βουλ-

162 813 310 867 γαρίᾳ,
338 810 465 864 μόνον
493 811 539 851 τὸ
570 813 737 851 παιδίον
774 812 849 850 τοῦ
877 804 968 855 ἑνὸς
999 807 1189 861 α’δελφοῦ
1219 805 1411 846 Γοϊνύωυ
1442 804 1633 854 ΠέτρονΔ

107 881 150 916 10
163 875 336 929 ὀνόματι
378 882 478 931 παρ’
519 873 655 932 {amq-5
700 873 908 929 κρατήσας
939 873 1008 914 καὶ
1038 869 1370 925 ἐπιμελούμενος,
1401 866 1512 918 ὅστις
1541 871 1615 912 καί

162 940 310 998 φυγών
337 938 467 997 ἦλθεν
510 945 567 991 εἰς
591 941 872 994 Χρωβατιάν·
929 941 1028 991 περὶ
1057 933 1108 978 οὗ
1136 941 1228 989 μετ’
1260 936 1396 990 ὀλίγον
1427 933 1612 992 ῥηθήσε-

160 1023 246 1051 ται.
305 1007 328 1049 5
368 1010 415 1051 δὲ
455 1009 711 1063 προρρηθεὶς
753 1004 933 1059 α’δελφὸς
975 1007 1018 1046 ἐν
1065 1004 1307 1059 Βουλγαρίᾳ
1348 1000 1613 1056 Στροήμερος

162 1071 274 1129 εἶχεν
301 1073 396 1116 υἱὸν
423 1073 497 1116 τὸν
523 1075 802 1127 Κλονίμηρον,
829 1066 861 1129 ᾦ
894 1072 964 1112 καί
991 1075 1167 1123 γυναῖκα
1198 1070 1407 1122 παρέσχεν
1434 1066 1454 1108 5
1482 1068 1615 1119 Βορί-

107 1148 111 1152 ’
162 1157 237 1195 σης
261 1139 530 1195 Βουλγὰραν.
589 1141 631 1189 ἐξ
665 1140 795 1180 αὐτοῦ
827 1140 1019 1192 γεννᾶται
1051 1139 1094 1177 έν
1113 1137 1355 1190 Βουλγαρίᾳ
1379 1131 1614 1185 Τζεεσθλά-

109 1209 248 1259 15βος.
306 1203 328 1247 5
370 1208 416 1248 δὲ
446 1209 749 1259 ΠΙουντίμηρος
781 1204 875 1252 τοὺς
908 1203 984 1244 δύο
1016 1199 1225 1256 α’δελφοῦς
1255 1201 1406 1250 διώξας
1440 1198 1513 1240 καί
1537 1197 1613 1252 τὴν

162 1270 301 1326 α’ρχὴν
333 1272 556 1325 δεξάμενος
589 1274 710 1325 γεννᾷ
748 1269 868 1319 υἱούς
895 1276 1028 1324 τρεῖς,
1075 1267 1147 1309 τὸν
1179 1269 1511 1322 Πριβέσθλαβον
1542 1267 1615 1306 καί

164 1338 235 1378 τόν
265 1338 433 1392 Βράνον
463 1339 533 1378 καί
574 1336 647 1377 τὸν
680 1337 917 1391 Στέφανον,
973 1335 1045 1376 καί
1075 1332 1182 1387 μετά
1216 1334 1287 1374 τὸν
1318 1333 1450 1373 αὐτοῦ
1478 1329 1612 1374 θάνα-

161 1418 233 1444 τον
262 1405 506 1457 διαδέχεται
537 1403 666 1444 αὐτὸν
698 1401 718 1444 5
753 1404 917 1456 πρῶτος
940 1399 1033 1449 υἱὸς
1063 1400 1084 1441 5
1109 1402 1446 1454 Πριβέσθλαβος.
1506 1397 1610 1451 μετοὶ

164 1464 238 1509 οὖν
264 1466 415 1523 χρόνον
445 1472 518 1510 ἕνα
550 1467 728 1518 ἐξελθών
756 1467 838 1508 ἀπὸ
871 1469 1128 1523 λ’ρωβατιάς
1156 1465 1179 1507 5
1207 1468 1502 1520 προειρημένος
1523 1465 1649 1509 Ile—P
1678 1475 1742 1510 101

106 1542 152 1577 20
168 1550 259 1588 τρος
298 1533 320 1575 5
348 1533 439 1583 υῖός
466 1536 540 1575 τοῦ
568 1536 760 1575 Γοϊνίκου
791 1531 935 1574 διώκει
968 1531 1049 1573 α’πὸ
1075 1534 1148 1587 τῆς
1177 1533 1312 1586 α’ρχῆς
1338 1531 1411 1572 τὸν
1439 1529 1614 1582 ἐξάδελ-

163 1614 244 1655 φον
284 1600 416 1642 αὐτοῦ
459 1602 794 1654 Πριβέσθλαβον
820 1597 924 1651 μετὰ
958 1602 1041 1640 τῶν
1072 1599 1149 1639 δύο
1177 1599 1401 1653 α’δελφῶν,
1429 1597 1614 1646 κάκεῖνος

162 1664 239 1719 τήν
277 1664 414 1719 α’ρχὴν
456 1668 716 1718 διαδέχεται·
775 1667 923 1706 ἐκεῖνοι
965 1666 1011 1705 δὲ
1056 1665 1256 1719 φυγόντες
1285 1664 1540 1716 εἰσέρχονται
1571 1664 1614 1703 ἑν

163 1732 408 1789 Χρωβατίᾳ.
463 1731 563 1784 μετα
595 1733 639 1771 δὲ
666 1732 847 1785 χρόνους
875 1737 987 1783 τρεῖς
1016 1730 1152 1772 ἐλθών
1182 1728 1203 1770 5
1235 1728 1401 1784 Βράνος
1431 1729 1536 1783 πρὸς
1564 1728 1609 1770 τὸ

163 1951 271 1984 duces
297 1950 415 1996 petiit,
444 1952 507 1996 qui
535 1957 571 1984 et
599 1951 803 1985 indemnem
831 1961 944 1996 usque
968 1950 1015 1983 ad
1039 1951 1126 1983 Base
1156 1950 1394 1991 deduxerunt,
1420 1957 1456 1983 et
1481 1950 1609 1994 ingen—

161 1999 212 2031 tia
236 1997 280 2030 ab
311 2008 352 2030 eo
380 2009 528 2031 munera
551 1997 719 2032 beneficii
741 1998 844 2031 huius
870 1998 1016 2031 nomine
1042 2003 1267 2042 acceperunt,
1293 1998 1444 2031 vicissim
1470 1997 1610 2031 donnu-

161 2050 214 2078 tes
238 2044 426 2077 xeniorum
452 2046 527 2078 vice
553 2045 624 2078 duo
651 2046 839 2091 mancipia,
866 2045 955 2078 duos
982 2044 1159 2086 falcones,
1184 2045 1273 2077 duos
1301 2056 1404 2078 canes
1431 2050 1467 2077 et
1496 2040 1634 2088 pelle-⁴3⁴

161 2092 375 2136 nonaginta3
404 2092 502 2137 quod
533 2094 673 2136 Bulgari
702 2099 846 2138 pactum
875 2103 951 2125 esse
969 2091 1103 2125 dicunt.
1154 2093 1262 2136 paulo
1289 2099 1405 2125 autem
1434 2098 1515 2136 post
1537 2098 1610 2125 tres

162 2139 289 2171 fratres
315 2139 456 2171 Serviae
483 2140 662 2184 principes
686 2145 808 2173 contra
836 2151 873 2172 se
899 2145 1022 2172 mutuo
1049 2150 1145 2171 arma
1167 2145 1407 2183 sumpserunt,
1426 2140 1610 2184 superior—-

163 2197 235 2230 que
259 2186 371 2218 factus
394 2197 486 2218 unus
512 2187 668 2231 ipsorum
689 2188 947 2226 Muntimerus3
973 2187 1035 2230 qui
1060 2198 1138 2218 cum
1169 2187 1281 2219 vellet
1304 2187 1399 2219 solus
1427 2187 1611 2231 principa-

163 2237 238 2265 tum
262 2237 398 2272 tenere,
425 2237 546 2277 captos
571 2233 659 2266 dnos
688 2235 726 2266 in
754 2234 950 2278 Bulgariam
976 2233 1188 2273 transmisit,
1215 2234 1330 2266 solum
1356 2234 1509 2274 Petrum,
1536 2234 1610 2266 fra-

163 2279 226 2311 tris
253 2279 396 2312 Goinici
421 2279 534 2312 filium
551 2305 560 2318 ,
597 2281 694 2325 apud
723 2292 758 2313 se
785 2282 942 2313 retinens
968 2286 1005 2312 et
1029 2280 1187 2313 sedulam
1216 2281 1290 2313 eius
1316 2292 1435 2313 curam
1461 2291 1610 2324 gerens3

164 2325 226 2370 qui
269 2325 409 2370 fugiens
451 2326 487 2358 in
522 2326 750 2360 chrobatiam
786 2329 896 2361 venit.
949 2326 1012 2359 sed
1044 2327 1088 2360 de
1115 2338 1157 2359 eo
1195 2328 1304 2372 paulo
1343 2333 1424 2373 post
1457 2328 1611 2360 dicetur.

164 2373 388 2405 Stroemerus
413 2384 496 2406 vero
523 2374 630 2407 frater
647 2400 656 2415 ,
681 2377 781 2408 cuius
811 2386 917 2419 supra
948 2375 1167 2407 mentionem
1193 2375 1354 2414 fecimus,
1379 2376 1418 2408 in
1444 2375 1611 2419 Bulgaria

165 2419 278 2452 filium
305 2419 461 2453 habebat
486 2419 745 2462 Clonimerum,
786 2422 844 2454 cui
870 2433 1015 2454 uxorem
1044 2422 1225 2465 Bulgaram
1252 2421 1355 2455 dedit
1381 2422 1541 2461 Borises,
1567 2433 1612 2454 ex

165 2477 237 2511 qua
261 2465 536 2500 Tzeesthlabum
565 2469 601 2500 in
627 2469 789 2513 Bulgaria
813 2469 979 2512 suscepit.
1031 2474 1068 2502 at
1099 2469 1333 2502 Muntimerus
1358 2475 1511 2514 utroque
1542 2469 1614 2500 fra-

166 2518 219 2546 tre.
246 2514 406 2557 expulso,
433 2514 635 2559 principatu
660 2518 807 2560 potitus,
835 2516 929 2548 filios
955 2521 1024 2548 tres
1049 2516 1194 2559 genuit,
1219 2515 1504 2549 Pribesthlabum
1531 2517 1615 2548 Bra-

165 2571 249 2592 num
278 2565 313 2592 et
338 2559 583 2605 Stephanum3
614 2563 720 2607 eique
743 2569 883 2596 mortuo
908 2563 1078 2596 successit
1093 2564 1266 2596 maximus
1287 2570 1375 2596 natu
1394 2562 1614 2596 Prihesthla-

164 2606 244 2639 hus.
293 2617 388 2639 anno
426 2607 534 2650 igitur
565 2615 738 2654 sequente
774 2609 967 2643 Chrobatia
997 2620 1155 2654 egressus
1187 2610 1332 2643 Goinici
1360 2610 1455 2643 filius
1480 2611 1614 2649 Petrus,

164 2654 265 2687 cuius
295 2664 400 2698 supra
426 2655 642 2688 mentionem
673 2657 842 2697 fecimus,
878 2658 1075 2701 patruelem
1105 2657 1390 2691 Pribesthlabum
1414 2669 1491 2690 cum
1522 2657 1614 2689 duo-

166 2700 233 2733 hus
269 2700 345 2733 eius
381 2701 552 2734 fratribus
588 2705 790 2748 principatu
827 2703 977 2744 deficit,
1014 2709 1122 2749 atque
1148 2705 1225 2749 ipse
1252 2716 1330 2738 eum
1357 2705 1530 2748 capessit:
1559 2703 1614 2735 illi

167 2756 252 2780 vero
289 2747 368 2791 fuga
405 2747 473 2780 sibi
503 2750 731 2784 consulentes
772 2752 808 2783 in
844 2751 1073 2784 Chrobatiam
1110 2751 1256 2785 abeunt.
1307 2752 1466 2784 triennio
1495 2756 1614 2783 autem
