1780 3132
322 126 378 166 IN
417 123 738 167 SYNECDEMU
745 127 785 166 M
824 123 1266 166 COMMENTARHJS.
1409 113 1505 164 479

179 239 274 289 395,
302 241 369 280 24.
426 238 585 287 Μίσαι]
616 251 755 280 verum
783 244 845 281 est
870 237 998 290 Νίσα,
1026 239 1112 279 sive
1142 233 1282 288 Νύσα,
1310 240 1355 277 ut
1382 235 1509 277 Coisl.

71 307 133 338 ms
162 307 186 334 e
212 271 456 335 Ptolemaeo.
514 291 535 332 ὃ
566 290 721 335 Νυσων
749 299 811 335 est
839 295 881 336 in
898 271 1072 335 Noti’tiis.
1101 269 1282 348 praefuit
1295 292 1390 333 huic
1418 292 1509 332 urbi

73 350 283 404 episeopus
312 350 540 402 Georgius,
569 350 637 403 qui
663 347 822 395 πόλεως
854 349 998 390 Νεσσᾶ
1027 350 1193 391 Nicaeni
1220 347 1384 389 secundi
1416 360 1510 387 con·

70 406 138 447 cil.
164 418 204 459 Ρ.
224 407 282 445 52
309 409 350 445 et
375 403 523 450 Νάσας
550 418 588 458 Ρ.
606 407 690 446 355
718 405 878 447 dicitur.

184 469 293 514 lbid.
351 469 542 534 Πίναρα]
574 471 653 511 sita
669 471 767 511 urbs
785 470 862 512 fuit
881 471 990 511 ultra
1005 470 1210 512 Xanthum
1231 469 1388 521 flumen,
1416 482 1511 519 non,

71 527 131 568 uti
159 527 284 581 vulgo
305 527 455 578 locant,
486 526 544 565 cis
574 539 662 567 eum
688 525 865 577 fluvium,
892 527 928 567 si
957 538 1095 567 verum
1124 525 1294 566 tradidit
1312 525 1511 566 Arrianus

70 582 228 636 Exped.
259 581 459 623 Alexand.
492 585 515 621 1
545 583 614 622 25.
670 581 881 635 episcopus
906 581 990 620 τῶν
1016 578 1244 631 Πιννάρων
1273 581 1512 621 Theodorus

71 650 160 678 cum
188 637 365 678 Nicaeno
407 636 581 677 secundo
622 650 662 690 p.
686 639 742 677 52
780 638 887 678 inter
914 636 1060 687 Lycios
1087 648 1232 677 nomen
1261 637 1512 688 profiteatur,

69 693 198 747 digna
224 692 360 746 utique
385 692 482 732 urbs
517 693 652 734 fuerat
688 692 753 733 cui
785 693 827 734 in
862 691 1126 746 Geographia
1162 690 1206 733 S.
1249 691 1362 732 locus
1409 691 1512 731 assi·

69 751 279 801 gnaremr.

183 810 648 862 1ῠὶιῑ.25.Σι’δυμα]
689 812 748 853 ita
776 824 859 862 ms,
889 815 930 852 et
959 812 1194 863 verissime,
1223 816 1268 852 ut
1298 823 1350 853 ex
1379 811 1514 852 Ptole-

71 881 187 910 maeo
215 873 256 908 et
285 869 415 910 Plinio
458 872 629 909 constat.
699 867 805 909 addo
838 868 1105 908 zemarchum
1131 843 1284 913 πόλεως
1314 865 1510 916 Σιὸύμων

70 938 92 963 τ
96 923 142 976 ἧς
170 923 336 968 Λυκίας
363 923 533 964 concilio
554 922 859 976 constantinop.
885 924 1007 964 tertio
1028 937 1067 976 Ρ.
1078 924 1163 963 505
1191 927 1232 963 et
1257 923 1512 963 Nicodemum

72 939 232 1025 πόλεως
259 975 457 1028 ..ιδύμων
473 978 650 1019 Nicaeno
667 979 841 1018 secundo
871 991 910 1031 p.
938 981 994 1018 52
1023 977 1364 1043 subscripsisse.
1378 979 1514 1019 Theo-

71 1034 227 1100 phanes
258 1034 309 1073 de
337 1035 546 1101 Hlarciano
571 1034 800 1101 Chronogr.
828 1047 867 1087 p.
889 1037 970 1075 89·
999 1047 1068 1071 και
1098 1045 1316 1094 γενομενος
1344 1031 1388 1070 ἐν
1417 1035 1513 1072 Λυ-

71 1085 154 1143 κίᾳ,
182 1086 395 1154 ἀρρωστία
424 1084 659 1138 memsam
690 1102 759 1128 και
789 1084 1088 1142 καταλειφθεις
1116 1087 1160 1126 ἐν
1188 1084 1303 1126 πόλει
1325 1083 1515 1139 Σύδημα,

71 1121 154 1185 111)ύί
169 1144 257 1185 sine
285 1145 406 1185 dubio
436 1143 603 1193 Σιὸυμα
631 1148 816 1197 oportet,
846 1156 924 1197 quo
956 1149 997 1183 et
1020 1155 1081 1184 ms
1106 1143 1323 1185 Barberini
1351 1142 1515 1194 Σιὸημα

71 1198 193 1242 ducit.
250 1199 498 1241 Holsteinius
526 1199 570 1240 in
597 1200 718 1240 dubio
744 1204 876 1240 utrum
903 1197 1069 1248 Σίδυμα
1097 1212 1150 1240 an
1168 1198 1340 1248 Δι’δυμα
1367 1199 1516 1252 prob-2-

73 1259 138 1296 ret
164 1254 251 1295 fuit„
311 1255 404 1296 vide
434 1255 487 1296 ad
515 1255 763 1308 Stephanum
789 1254 830 1295 in
853 1251 1044 1303 Δι’δυμον
1073 1258 1114 1294 et
1142 1252 1320 1303 Σίδυμα.

182 1320 294 1362 Ibid-
356 1319 466 1374 Τλῶ]
497 1322 573 1361 hoc
601 1334 623 1361 e
655 1334 735 1362 mss
766 1333 911 1362 verum
948 1320 1083 1371 fuerit,
1111 1320 1230 1360 modo
1257 1317 1372 1365 Τλως
1403 1320 1517 1371 lege-

72 1376 144 1426 ris,
171 1388 293 1430 quam
318 1378 458 1418 urbem
482 1377 588 1418 inter
611 1389 685 1417 sex
713 1377 909 1418 maximas
937 1376 1088 1425 Lyciae
1118 1375 1270 1416 Strabo
1299 1377 1353 1415 14
1380 1388 1417 1428 Ρ.
1434 1376 1518 1414 665

71 1433 211 1472 refert.
266 1431 453 1474 Andreas
492 1428 652 1477 πόλεως
691 1430 881 1470 Τλοαίων
908 1430 1155 1471 Chalcedon.
1194 1444 1234 1484 Ρ.
1253 1434 1309 1470 97
1335 1434 1376 1469 et
1412 1425 1519 1480 Τρό-

69 1487 181 1538 γλων
206 1500 246 1540 Ρ.
262 1491 367 1538 399,
394 1499 443 1528 ac
469 1487 758 1528 Constantinus
801 1485 930 1537 Τλῶν,
958 1486 1026 1540 qui
1059 1484 1234 1525 Τλωέων
1261 1485 1339 1526 dici
1366 1485 1518 1526 debue-

71 1546 148 1596 rat,
170 1544 355 1588 Nicaeno
386 1544 561 1584 secundo
588 1557 628 1596 Ρ.
641 1546 698 1583 52
724 1519 954 1583 adfuerun't.

182 1607 292 1651 Ibid.
356 1605 576 1658 Τελμισὸς]
603 1613 787 1662 praestat
818 1609 1046 1649 sibilantem
1072 1607 1284 1660 geminari,
1329 1606 1407 1648 etsi
1436 1608 1518 1647 He-

70 1676 119 1714 ε)
109 1664 233 1704 chius
265 1664 482 1714 Τελμισεΐς
513 1659 633 1710 ἔθνος
660 1664 759 1716 περὶ
781 1662 964 1713 Λυκίαν,
989 1668 1029 1703 et
1058 1664 1245 1703 Clemens
1273 1662 1520 1703 Alexandri-

72 1732 149 1760 nus
177 1719 373 1761 Stromat.
399 1723 424 1760 1
443 1733 491 1782 p.
507 1723 588 1759 361
619 1719 713 1760 edit.
758 1720 888 1759 Oxon.
920 1715 1060 1768 ὥσπερ
1096 1718 1315 1767 Τελμισεῖς
1355 1713 1432 1780 τήν
1463 1715 1519 1755 δι’

71 1772 245 1826 ὀνείρων
274 1771 488 1826 μαντικήν,
518 1778 559 1813 et
585 1773 761 1814 Basilius
789 1775 843 1814 Μ.
875 1773 990 1826 epist
1005 1776 1087 1813 218
1116 1772 1161 1811 ἐν
1192 1770 1388 1824 Τελμεσιῦ
1409 1766 1519 1810 Ἱλά-

71 1842 162 1880 ριος
189 1827 430 1876 ἐπίσκοποςε
471 1830 645 1870 alterum
684 1829 786 1869 enim
822 1829 1006 1882 plerique
1036 1832 1215 1868 veterum
1246 1828 1422 1891 probare
1451 1840 1519 1867 so-

71 1886 170 1936 lent,
197 1885 382 1938 interque
410 1898 480 1925 eos
510 1884 696 1925 Clemens
727 1884 812 1937 ipse
841 1885 1044 1936 Protrept.
1075 1897 1113 1936 p.
1130 1885 1197 1923 40.
1253 1883 1388 1936 posit-t
1420 1884 1518 1923 111115

73 1917 170 1981 erat’
188 1940 233 1981 in
262 1941 367 1980 colle
394 1945 613 1994 praerupto
643 1940 754 1980 circa
783 1952 894 1979 mare
926 1939 1031 1992 apud
1059 1938 1277 1979 Arrianum
1299 1938 1402 1990 Exp.
1418 1939 1517 1978 Ale-

73 1995 197 2037 xand.
228 2000 252 2037 1
282 1999 370 2047 28.,
401 1996 584 2049 sinuique
601 2008 745 2036 nomen
775 1995 884 2035 fecit.
913 1995 1100 2034 Lucanus
1122 1997 1151 2034 8
1180 1997 1287 2034 248:
1318 2005 1517 2059 1114911113.-

74 2063 156 2105 que
182 2053 307 2094 sinus
342 2050 628 2093 Ἱῖεῑηιὶεείἀοε
656 2050 795 2091 undae
823 2053 1075 2102 compensat
1102 2048 1242 2090 medio
1270 2048 1427 2103 pelayi.
1459 2051 1519 2090 sic

73 2107 230 2149 malim:
257 2119 352 2148 nam
381 2112 422 2148 et
450 2106 726 2148 Themissidos
760 2106 801 2146 in
834 2118 955 2145 manu
994 2110 1166 2145 exarato
1194 2105 1301 2145 libro
1330 2105 1402 2145 Fr.
1430 2106 1516 2145 011-

74 2162 318 2216 dendorpius
348 2163 517 2203 invenit.
590 2161 684 2203 vide
726 2161 878 2202 Cellar.
911 2161 960 2201 G.
996 2161 1046 2200 Α.
1069 2163 1097 2200 3
1126 2164 1155 2201 3
1182 2173 1222 2213 Ρ.
1242 2164 1322 2201 107
1352 2165 1392 2201 et
1418 2161 1518 2201 Hol-

72 2217 188 2259 stein.
216 2218 259 2259 in
284 2218 547 2272 Stephanum.

178 2281 290 2326 Ibid.
349 2283 539 2338 Καῦνος]
571 2283 720 2325 Cariae
758 2283 863 2324 hanc
890 2282 1030 2322 urbem
1059 2281 1190 2322 serior
1218 2286 1334 2322 aetas
1364 2282 1516 2333 Lyciae

74 2339 302 2380 contribuit.
323 2351 439 2381 arces
469 2340 554 2380 eius
572 2340 808 2380 Heracleum
841 2343 881 2378 et
899 2338 1101 2378 Persicum
1128 2337 1328 2377 Diodorus
1356 2338 1516 2378 Siculus

75 2397 130 2433 20
155 2407 195 2448 Ρ
208 2399 382 2436 76611011
401 2395 623 2448 praeteriit.
653 2407 754 2448 ager
772 2395 881 2434 circa
895 2394 1033 2433 urbem
1059 2393 1158 2432 satis
1184 2392 1284 2433 uber
1304 2397 1344 2432 et
1371 2394 1519 2434 fertilis

77 2455 178 2501 erat,
194 2451 264 2490 sed
284 2457 358 2492 aer
372 2463 446 2503 per
465 2455 658 2491 aestatem
677 2454 718 2489 et
734 2454 963 2490 autumnum
979 2448 1342 2501 pestilentissimus,
1353 2455 1519 2490 auctore

76 2504 280 2546 Strabone
290 2509 342 2546 14
363 2520 402 2559 p
393 2508 509 2553 .‚651
523 2507 628 2545 unde
649 2505 880 2546 valetudine
902 2503 1183 2555 habitantium,
1201 2505 1306 2556 quod
1326 2505 1436 2545 Mela
1449 2505 1520 2555 ait,

73 2561 260 2613 oppidum
292 2567 382 2602 erat
410 2562 583 2602 infame:
625 2560 777 2613 passim
816 2573 881 2599 cn
883 2572 926 2599 es
957 2558 1256 2610 febricitabant‚
1285 2560 1520 2612 pallidoque

74 2617 189 2656 vultu
216 2617 396 2657 morbum
438 2617 685 2669 prodebant,
727 2628 848 2669 quam
888 2615 931 2655 in
959 2627 1043 2655 rem
1081 2619 1246 2667 praeter
1273 2615 1518 2656 Strabonem

74 2672 244 2725 egregia
272 2672 397 2714 habet.
418 2673 495 2713 Dio
517 2672 828 2722 Chrysostomus
858 2675 962 2712 orat.
998 2674 1054 2712 32
1080 2683 1119 2722 Ρ.
1138 2673 1235 2711 390.
1291 2670 1516 2720 Hesychius
