1780 3132
284 133 377 182 328
503 143 505 145 ·
579 142 844 184 'BANDURH
883 141 1372 188 ANIMADVERsloNEs

282 253 429 304 passim
460 266 485 294 a
510 254 768 306 scriptoribus
789 254 930 294 dicitur
958 254 1028 304 τῆς
1043 254 1299 305 Σιγγριανῆς.
1354 258 1523 299 officium
1553 256 1688 299 Thena·

280 307 434 358 phanis,
463 308 566 359 quod
595 308 717 346 fronti
749 308 918 346 eiusdem
944 321 1103 372 operum
1135 310 1319 360 praefixit
1333 310 1598 362 Combefisius,
1625 315 1683 353 sie

279 360 418 399 habet:
447 360 500 411 τῷ
527 358 637 410 αὐτῷ
662 360 761 410 μηνί
787 358 837 408 ιβ’
867 359 939 398 τοῦ
970 362 1086 399 οσιόυ
1116 360 1268 414 πατρὸς
1293 360 1406 414 ἡμῶν
1436 363 1682 417 Θεοφάνους,

281 412 355 450 τοῦ
382 411 641 463 ὃμολογητοῦ,
667 415 739 464 τῆς
769 414 1021 464 Σιγγριανῆς.

386 482 477 528 110,
503 480 543 516 8.
612 477 683 515 καί
718 477 900 517 Γαλλίαν
940 482 1028 528 ete]
1064 479 1122 519 sie
1161 480 1203 520 in
1226 480 1259 520 B
1289 483 1329 520 et
1362 481 1405 522 in
1431 481 1683 534 Theophane.

277 532 319 571 in
349 532 465 570 editis
496 536 682 583 corrupta
706 531 805 571 haec
831 545 878 571 ac
906 533 1135 585 depravata.
1170 534 1431 586 Theophanes
1460 535 1562 575 hanc
1577 537 1684 576 Van-

277 586 462 624 dalorum
488 585 529 623 in
559 585 735 625 Africam
774 586 1031 637 irruptionem
1058 589 1184 627 refert
1221 601 1257 628 a.
1287 592 1339 628 31
1367 589 1522 640 imperii
1552 589 1682 629 Theo-

276 639 378 678 dosii
399 638 586 679 iunioris:
629 640 801 691 scriptor
842 652 938 679 vero
980 641 1154 681 chronici
1195 642 1480 691 Alexandrini,
1513 643 1684 694 Prosper

274 691 435 743 1datius,
466 693 610 745 aliique
650 693 690 732 id
727 706 870 733 annum
900 698 950 733 21
994 696 1058 734 vel
1085 699 1138 734 2⁷
1171 695 1344 735 eiusdem
1370 696 1540 748 Augusti
1581 696 1681 735 assi-

275 751 412 798 gnant,
440 745 622 789 nimirum
660 759 761 785 coss.
788 747 847 786 Fl.
881 749 1015 787 Tauro
1053 753 1093 788 et
1128 750 1189 788 Fl.
1217 749 1370 796 Felice,
1401 761 1436 790 a.
1467 749 1560 790 Chr.
1587 752 1679 790 428.

274 800 366 839 vide
405 801 636 852 Procopium
671 801 721 839 de
757 800 801 841 B.
833 802 958 841 Vand.
993 806 1029 850 1,
1068 803 1171 842 unde
1199 803 1460 855 Theophanes
1487 814 1588 855 quae
1615 803 1680 843 hic

272 854 393 894 habet
431 854 480 892 de
505 855 773 894 Vandalorum
811 853 853 894 in
893 855 1069 894 Africam
1112 857 1330 908 irruptione
1361 861 1560 897 mutuatus
1599 861 1680 905 est3

273 920 374 960 quae
401 907 554 959 quidem
582 908 801 947 summatim
822 908 978 960 abipso
1006 911 1173 949 collecta
1191 910 1378 950 historice
1408 911 1537 963 potius
1563 922 1679 964 quam

273 961 456 1001 chronice
482 962 533 1001 ad
561 974 705 1001 annum
733 965 785 1001 31
812 962 1026 1002 Theodosii
1051 963 1216 1003 iunioris
1250 965 1488 1004 referuntur.

378 1030 469 1075 111,
492 1030 555 1066 10.
622 1021 660 1063 οἷ
700 1024 745 1063 δὲ
769 1023 981 1075 ’locator-901
1025 1024 1126 1074 μετὰ
1159 1025 1394 1078 Ἀλαρίχου]
1422 1029 1464 1068 in
1496 1027 1611 1068 editis
1636 1031 1676 1068 et

270 1080 311 1119 in
339 1080 582 1131 Theophane
624 1080 772 1129 legitur
809 1076 912 1128 μετὰ
955 1077 1193 1130 Ἀλοίριχονε
1230 1082 1334 1120 unde
1371 1082 1454 1122 eius
1481 1081 1678 1133 interpres

271 1134 329 1172 sic
355 1134 486 1183 vertit,
519 1130 741 1185 Visiyotlhi
770 1138 868 1186 post
893 1133 1044 1174 illatas
1074 1133 1126 1174 ab
1142 1131 1349 1175 Alaricho
1366 1134 1515 1176 clades
1541 1133 1676 1176 Roma

271 1188 506 1228 devastata.
537 1187 734 1227 Meursius
760 1188 971 1240 legendum
1003 1188 1061 1227 sic
1088 1193 1243 1239 monet,
1270 1184 1309 1226 οἱ
1336 1187 1381 1228 δὲ
1416 1186 1679 1239 Οὐισίγοτθοι

268 1237 369 1288 μετὰ
404 1235 642 1291 Ἀλαρίχου.
709 1241 750 1280 in
786 1254 846 1281 ms
885 1242 1071 1281 scribitur
1102 1240 1362 1294 Ἠσίγοτθοι,
1394 1238 1612 1292 Ἶσίγοτθοι
1640 1245 1681 1281 et

265 1291 516 1343 Ὑπόγοτθοι.
573 1299 744 1335 ceterum
780 1307 856 1347 quo
887 1308 990 1334 anno
1027 1308 1052 1334 a
1081 1296 1221 1336 Gothis
1248 1297 1375 1335 Roma
1414 1300 1532 1348 capta
1558 1296 1678 1335 fuerit

270 1352 308 1386 ct
336 1349 491 1400 quando
521 1349 570 1388 ab
597 1349 735 1389 iisdem
764 1349 899 1388 Gallia
930 1354 1119 1400 occupata
1137 1381 1146 1398 ‚
1173 1350 1351 1401 pluribus
1375 1354 1542 1389 narrant
1570 1349 1678 1389 illius

268 1402 358 1441 aevi
385 1402 623 1453 scriptores;
658 1403 724 1455 qui
753 1415 850 1443 sane
885 1403 1048 1442 tradunt
1087 1404 1238 1443 Gothos
1266 1416 1346 1442 non
1375 1415 1464 1442 cum
1489 1403 1678 1443 Alaricho

266 1456 336 1495 sed
365 1469 451 1495 cum
478 1457 666 1496 Athaulfo
698 1457 781 1496 eius
809 1469 1035 1496 successore
1064 1458 1221 1496 Gallias
1261 1469 1484 1508 occupasse.

375 1519 481 1560 Ibid.
513 1524 578 1561 14.
634 1518 677 1558 ἐν
705 1519 755 1573 τῇ
787 1516 927 1572 Θρᾴκῃ
958 1519 1261 1571 διατρίψαντες]
1297 1521 1357 1560 sio
1381 1520 1501 1560 habet
1525 1533 1585 1560 ms
1611 1533 1678 1569 co-

267 1575 346 1614 dex
373 1575 627 1627 Theophanis
647 1574 862 1614 Palatinus.
891 1575 933 1613 in
961 1579 1073 1615 textu
1101 1574 1249 1626 legitur
1277 1573 1320 1612 ἐν
1345 1573 1395 1626 τῇ
1421 1571 1561 1627 Θρᾴκῃ
1592 1573 1679 1612 διέ-

265 1636 421 1678 τριψαν
448 1627 610 1676 καὶτῆς
653 1622 842 1678 ἑσπερίου
881 1627 1095 1675 βασιλείας
1132 1623 1374 1677 ἐκράτησαν.
1442 1627 1512 1667 sed
1538 1628 1679 1667 melius

271 1682 412 1721 codex.
469 1682 511 1720 in
539 1682 654 1721 editis
684 1681 933 1721 Constantini
963 1686 1149 1734 corrupta
1177 1682 1275 1720 haec
1303 1693 1351 1720 ac
1378 1681 1597 1732 depravata
1621 1682 1679 1721 sic

265 1735 436 1774 habent:
477 1734 519 1772 ἐν
550 1736 599 1787 τῇ
629 1730 770 1787 Θρᾴκῃ
807 1733 1098 1785 διατρίψαντος
1133 1732 1385 1784 Θευὸερίχου
1414 1731 1680 1784 ἡγεμονεύον-

265 1800 331 1829 τος
361 1786 519 1838 αὐτῶν,
558 1785 775 1838 πατρικίου
809 1787 882 1826 καί
916 1785 1074 1830 ὑπάτου
1104 1783 1307 1837 Ζήνωνος,
1335 1785 1469 1839 αὕτάρ
1498 1786 1678 1836 ἐπιστρέ-

265 1850 421 1889 ψαντος
450 1841 523 1890 τῆς
550 1837 740 1893 ἑσπερίου
770 1837 933 1892 Λιβύης
973 1840 1182 1889 βασιλείας
1211 1838 1447 1892 ἐκράτησαν.
1502 1842 1682 1882 Theude-

266 1896 399 1935 richus
428 1901 557 1935 autem
598 1896 662 1935 hic
693 1896 916 1935 Valameris
953 1896 1058 1935 filius
1099 1908 1121 1934 e
1153 1895 1327 1935 Thracia
1349 1895 1584 1944 Byzantium
1612 1907 1679 1935 ac-

266 1950 438 1989 cersitur
465 1950 680 2002 consulque
707 1950 956 1989 renuntiatur
997 1954 1037 1988 et
1062 1949 1258 1988 Thraciae
1283 1950 1534 1999 praefectura
1557 1949 1681 1988 donas

268 2008 360 2051 tur,
388 2004 632 2055 postmodum
663 2016 688 2043 a
716 2004 878 2042 Zenone
907 2004 1132 2054 compulsus
1159 2002 1200 2042 in
1226 2002 1382 2041 Italiam
1408 2002 1680 2054 proficiscitur,

267 2062 307 2096 et
337 2057 549 2096 Gizericho
586 2058 672 2097 vita
698 2057 777 2096 iam
807 2058 940 2096 functo
980 2058 1206 2108 priusquam
1236 2056 1322 2106 ipse
1350 2057 1516 2096 Romam
1542 2054 1680 2108 appel·

266 2112 381 2159 leret,
409 2111 506 2150 urbe
536 2112 695 2150 tandem
725 2115 891 2162 totoque
913 2110 1029 2149 simul
1069 2110 1270 2149 occidente
1298 2110 1459 2161 potitur.
1486 2122 1524 2150 v.
1548 2110 1679 2150 Theo-

267 2165 436 2215 phanem
462 2165 513 2204 ad
543 2177 687 2205 annum
716 2169 765 2204 11
792 2164 946 2216 imperii
973 2163 1159 2203 Zenonis.

375 2232 468 2277 113,
493 2233 534 2268 6.
589 2227 898 2280 Ἀμερουμνεῖς]
926 2229 1044 2280 paulo
1084 2227 1192 2267 infra
1225 2228 1410 2268 scribitur
1447 2224 1680 2277 Ἀμερμου-

266 2280 391 2331 μνῆς,
427 2283 593 2335 ideoque
623 2283 681 2322 sic
718 2283 860 2334 ubique
888 2282 1136 2321 scribendum
1171 2281 1228 2320 ait
1257 2281 1452 2321 Meursius
1489 2281 1531 2320 in
1560 2280 1678 2320 notis.

267 2347 405 2374 verum
430 2338 533 2387 apud
561 2337 776 2388 scriptores
795 2337 1039 2385 Byzantinos
1067 2335 1178 2374 varie
1205 2336 1303 2375 haec
1329 2346 1411 2376 vox
1438 2333 1588 2386 scripta
1612 2346 1679 2373 re-

267 2389 441 2440 peritur;
484 2391 587 2442 quod
617 2391 771 2442 quidem
803 2391 950 2429 factum
978 2393 1037 2428 est
1064 2389 1319 2430 librariorum
1342 2387 1514 2436 inscitia,
1539 2391 1583 2427 ut
1607 2399 1679 2427 ne-

267 2455 331 2482 mo
361 2442 526 2483 dubitat.
583 2449 757 2483 ceterum
783 2440 1076 2493 οἲμερμουμνῆς
1102 2443 1196 2482 dicti
1224 2442 1396 2494 supremi
1421 2441 1526 2494 apud
1553 2439 1678 2481 Sara-

267 2508 387 2536 cenos
415 2497 625 2549 principes,
654 2502 700 2538 ut
720 2501 831 2550 patet
855 2509 907 2538 ex
923 2496 974 2536 iis
993 2508 1094 2549 quae
1113 2496 1190 2536 hoc
1216 2496 1345 2548 capite
1365 2495 1481 2536 docet
1507 2494 1680 2546 scriptor

267 2554 417 2590 noster.

377 2611 482 2655 Ibid.
513 2618 556 2655 8.
614 2617 723 2664 Quae
757 2614 823 2657 hic
857 2619 999 2657 narrat
1036 2615 1208 2667 scriptor
1238 2616 1374 2656 noster
1405 2613 1455 2654 de
1485 2611 1679 2654 divisione
