1780 3132
283 199 338 238 IN
366 196 722 238 CONSTANTml
750 197 945 239 PORPH.
970 197 1042 237 DE
1072 196 1238 237 Tul-zm.
1275 197 1322 235 L.
1342 197 1377 236 1.
1456 189 1550 236 279

111 308 256 353 dicitur
275 307 513 356 Ποδανδός.
568 312 800 364 appellatur
827 312 947 351 etiam
975 308 1366 374 aPorphyrogenito
1395 308 1436 348 in
1465 308 1552 347 vita

109 366 279 419 Basilii,
315 379 351 406 c.
376 368 432 406 50
458 367 521 407 ed.
552 366 785 417 Combefis„
831 363 1238 418 floaavd15;‚atque
1274 365 1379 404 hunc
1421 364 1552 402 locum

109 423 243 462 Tarso
269 421 441 461 vicinum
460 423 587 462 fuisse
614 423 770 472 statuit,
799 433 953 461 necnon
982 434 1009 460 a
1037 422 1197 460 nomine
1222 419 1335 459 fluvii
1362 419 1452 458 loeo
1478 430 1554 480 ap-

108 477 368 573 ΡΒᾞιῐὶἜιιθιιι
399 477 569 518 inditam
596 477 749 518 scribit.
777 476 922 517 Annae
934 474 1163 516 Comnenae
1194 475 1341 515 dicitur
1361 472 1474 523 θὲμα
1503 467 1550 510 τὸ

111 531 182 570 Πο
210 544 260 570 αν
291 543 338 569 ον

221 601 288 648 19,
315 601 381 638 23.
436 598 498 638 De
531 597 678 638 Adana
708 596 876 638 Ciliciae
912 597 1015 637 urbe
1055 597 1273 650 loquuntur
1309 595 1430 636 Anna
1472 593 1554 635 Co-

108 665 255 693 mnena
271 665 321 705 p.
350 656 455 702 339,
482 652 686 702 Scylitzes
714 666 754 705 p.
783 654 890 703 656,
918 652 1107 692 Zonaras
1148 652 1190 691 in
1219 650 1399 691 Romano
1429 649 1550 701 Diog

109 721 150 760 p.
171 711 266 756 226,
293 708 456 748 Nicetas
483 708 525 747 in
554 709 716 748 Ioanne.
773 684 943 747 Athena
970 707 1119 747 dicitur
1142 704 1368 746 Tudebodo
1396 718 1436 758 p.
1455 707 1551 754 784,

110 764 289 803 Roberto
329 763 439 802 Mon.
466 776 505 815 p.
537 766 610 814 44,
643 762 840 803 Guiberto
867 766 895 802 3
923 766 1000 813 12,
1037 759 1219 802 Addena
1250 760 1475 801 Raimnndo
1504 759 1554 798 de

109 818 253 870 Agiles
279 829 321 870 p.
344 819 436 856 146.
493 817 676 858 Adanum
707 821 747 856 et
764 818 938 857 Tarsum
970 821 1161 857 accurate
1190 816 1384 856 describit
1410 815 1553 855 Wille-

109 872 287 912 brandus
313 872 365 912 ab
395 871 642 925 Oldenborg.
673 872 716 912 in
743 872 837 913 ltin.
907 873 1001 913 vide
1028 873 1106 913 los.
1137 871 1364 912 Barbarum
1392 871 1434 911 in
1460 869 1551 910 ltin.

109 927 258 967 Persic.
287 939 325 979 p.
355 929 448 967 461.

216 995 360 1043 20,16.
419 987 441 1029 ὅ
470 988 669 1043 κηδεστῆς
700 984 790 1042 ἤτοι
820 989 841 1029 ὅ
873 988 1164 1042 συμπενθερὸς
1188 988 1402 1043 ‘H9w'150v]
1438 990 1554 1030 scho-

107 1047 204 1088 lium
229 1048 325 1088 olet.
367 1047 552 1088 Monam..
593 1048 652 1088 sic
690 1060 750 1088 ms
794 1047 936 1088 codex.
1007 1050 1048 1087 et
1087 1047 1245 1100 quidem
1277 1060 1357 1086 non
1385 1046 1460 1086 abs
1488 1057 1553 1086 re·

106 1114 200 1142 nam
229 1103 288 1142 sic
315 1102 491 1154 scriptor
520 1103 703 1143 declarat
743 1114 939 1155 quaenam
977 1103 1155 1142 affinitas
1181 1102 1305 1141 fuerit
1333 1101 1439 1140 inter
1469 1100 1553 1140 Ar-

107 1152 290 1198 chelaum
319 1161 361 1196 et
387 1158 610 1207 Herodem3
641 1158 751 1197 cuius
783 1158 940 1220 quidem
971 1158 1077 1196 filius
1105 1157 1340 1197 Alexander
1371 1155 1554 1208 Glaphy-

107 1223 197 1252 ram
219 1212 344 1252 filiam
371 1214 484 1266 regis
500 1212 780 1264 Cappadocum
812 1212 854 1252 in
881 1212 1176 1252 matrimonium
1198 1212 1382 1251 duxerat.
1441 1223 1556 1259 συμ-

106 1263 305 1317 πειθεριά
327 1267 432 1307 enim
455 1271 517 1306 est
545 1267 723 1307 affinitas
750 1267 856 1307 inter
876 1268 976 1307 duos
1007 1279 1059 1307 ex
1085 1267 1257 1306 filiorum
1289 1267 1354 1306 vel
1380 1265 1554 1306 filiarum

104 1321 278 1373 nuptiis,
315 1321 374 1361 sic
410 1326 456 1362 ut
493 1325 660 1375 uterque
700 1334 818 1361 socer
847 1322 1030 1374 dicatui,
1069 1321 1135 1361 hic
1171 1322 1330 1374 quidem
1369 1324 1554 1373 respectu

104 1388 242 1424 nurus,
272 1375 380 1416 alter
405 1380 591 1438 respectu
628 1376 781 1438 generi

213 1428 323 1472 Ibid.
353 1435 421 1472 20
478 1427 559 1468 cino
589 1429 665 1469 τοῦ
693 1426 875 1481 μεγάλου
907 1430 1126 1482 Καίσαρος
1159 1428 1355 1483 Ἰουλίου]
1388 1433 1431 1471 at
1459 1429 1554 1471 Sui-

104 1485 178 1526 das
208 1498 248 1526 v,
278 1481 521 1534 Καισάρεια
552 1486 678 1527 tradit
705 1485 962 1537 Caesaream,
992 1499 1095 1539 qnae
1123 1491 1246 1527 antea
1277 1486 1463 1536 Mazaca,
1492 1485 1550 1524 sic

103 1540 352 1593 appellatam
382 1541 509 1582 fuisse
538 1541 743 1581 aTiberio
755 1540 946 1592 Caesare,
976 1547 1187 1595 postquam
1205 1541 1405 1580 Archelao
1436 1540 1549 1580 illam

101 1595 328 1637 ademisset.
398 1596 648 1638 sozomenus
684 1609 782 1636 vero
823 1597 924 1637 Hist.
954 1597 1111 1637 Eccles.
1152 1599 1179 1636 5
1209 1599 1236 1636 4
1274 1596 1372 1635 dicit
1399 1595 1550 1636 Caesa-

101 1661 214 1690 ream
243 1662 270 1691 a
297 1650 468 1692 Claudio
505 1663 650 1691 nomen
692 1652 908 1703 accepisse.
981 1656 1022 1691 et
1052 1651 1156 1692 idem
1196 1651 1349 1704 legitur
1377 1650 1419 1691 in
1447 1650 1549 1690 nist.

102 1705 283 1757 Tripart.
313 1710 342 1746 6
369 1708 406 1747 4.
464 1710 640 1746 ceterum
667 1706 717 1745 de
739 1704 932 1747 Mazaca
962 1706 1021 1746 sic
1044 1707 1224 1760 loquitur
1237 1706 1402 1746 Solinus
1432 1719 1465 1745 c.
1484 1707 1550 1744 47.

101 1756 336 1801 Mazacam
362 1759 443 1801 sub
472 1756 647 1813 Argaea
673 1763 805 1801 silam
836 1759 1125 1827 Cappadoces
1170 1764 1351 1801 matrem
1383 1759 1551 1800 urbium

101 1816 341 1863 nominaut5
381 1817 455 1870 qui
483 1812 683 1880 Aryaeus
710 1814 927 1857 nivalibus
964 1818 1078 1869 iuyis
1109 1816 1274 1857 arduus
1302 1827 1355 1855 ue
1383 1816 1550 1855 aestivo

101 1869 291 1964 guidem
299 1873 495 1911 torrente
525 1872 697 1923 pruinis
724 1875 875 1923 caret,
903 1882 1107 1926 quemque
1150 1870 1374 1923 indigenae
1400 1869 1549 1923 populi

129 1923 293 1966 abituri
320 1924 401 1966 deo
428 1924 623 1966 credunt.

209 1994 276 2038 21,
305 1994 344 2032 7.
390 1982 613 2041 Ἀνδραπα
641 1991 788 2032 dicitur
815 1995 855 2031 et
884 1992 1127 2032 Ptolemaeo.

206 2043 315 2086 ΙΙήιί.
347 2049 414 2087 10.
471 2046 548 2086 hoc
579 2047 853 2099 epigramma,
882 2047 989 2099 quod
1016 2047 1083 2086 hie
1111 2045 1400 2087 Constantinus
1431 2046 1548 2086 muti-

101 2099 182 2139 lum
211 2100 366 2141 duobus
393 2101 546 2141 ultimis
574 2102 758 2141 versibus
786 2103 956 2154 profert,
983 2102 1184 2155 integrum
1206 2101 1377 2141 habetur
1406 2101 1448 2141 in
1463 2101 1547 2140 An-

98 2155 297 2248 thogogia
319 2159 345 2195 2
373 2158 428 2197 43
464 2169 524 2202 εις
571 2151 801 2208 now2'90vg,
843 2161 1064 2210 auctorque
1103 2156 1230 2210 ipsius
1272 2156 1420 2196 dicitur
1463 2157 1546 2196 De-

99 2221 165 2248 mo
193 2222 301 2251 ocus.

207 2272 796 2330 Ibid.1⁷.lsanna‹)62qv]
836 2277 912 2317 hoc
942 2277 1063 2318 etiam
1093 2277 1342 2330 epigramma
1374 2277 1547 2318 habetur

106 2329 150 2369 in
178 2328 429 2384 Anthologia
454 2331 483 2372 l.
513 2333 542 2373 1.

206 2397 624 2446 22,9.Nauc1atius
647 2398 934 2450 appellabatur
954 2401 994 2436 et
1015 2410 1108 2448 non,
1126 2400 1171 2437 ut
1197 2397 1546 2451 legebatu1,Pan-

97 2450 251 2490 oratius
281 2463 383 2490 unus
414 2463 467 2492 ex
497 2452 631 2492 decem
670 2453 867 2493 fratribus
898 2452 942 2492 S.
973 2452 1131 2492 Basilii.

208 2503 318 2546 Ibid.
352 2509 417 2546 19.
478 2504 711 2560 Θρακήσιοι
740 2506 786 2544 δὲ
817 2504 1122 2558 ἑπεκλήθησαν]
1153 2507 1276 2547 aliam
1299 2504 1546 2561 Θρακησίων

97 2559 295 2612 originem
325 2561 460 2601 adfert
488 2561 722 2602 Eustathius
750 2563 791 2601 in
821 2562 1071 2612 Dionysium.
1129 2562 1180 2602 de
1209 2546 1413 2602 Thracuin
1444 2574 1545 2601 vero

97 2614 332 2655 fortitudine
362 2617 574 2681 praeclare
604 2617 847 2679 Iustinianus
860 2618 1032 2658 Novella
1063 2614 1144 2662 κς’;
1177 2615 1308 2655 ἐκεῖνο
1327 2630 1410 2655 των
1438 2614 1548 2654 α’νω-

96 2668 428 2731 μολογημένων’
407 2684 518 2708 εστιν
547 2666 614 2708 ὅτι
645 2684 721 2721 περ
751 2668 795 2710 εἰ
816 2684 878 2717 τις
908 2671 990 2710 τῶν
1004 2669 1181 2726 Θρακῶν
1210 2668 1426 2722 ὀνομάσειε
1456 2668 1545 2720 χεό-

96 2736 188 2776 ραν,
216 2720 346 2770 εὐθὺς
373 2725 686 2778 συνεισέρχεται
717 2726 772 2780 τῶ
801 2721 908 2781 λόγῳ
941 2726 1017 2766 καί
1029 2739 1090 2772 τις
1119 2723 1295 2780 ἀνδρίας
1324 2723 1396 2765 καί
1418 2740 1547 2778 στρα-
