1780 3132
276 144 366 188 356
577 154 832 191 BANDURll
878 152 1082 192 ANlMAD
1090 154 1368 195 VERSlONES

380 265 470 311 160,
502 265 566 301 14.
621 253 742 311 ἤγουν
769 259 913 308 ὀπίσω]
942 263 1147 303 zachlumi
1176 263 1270 303 dicti
1296 268 1400 315 sunt,
1426 265 1553 318 inquit
1570 265 1670 304 Por-

267 313 574 365 phyrogenstus,
605 327 630 353 a
670 320 800 354 monte
829 315 992 355 Clilumo
1028 322 1269 366 nuncupat03
1310 323 1350 357 et
1376 318 1477 358 alias
1503 319 1669 358 Selavo-

268 380 352 407 rum
382 368 551 406 dialecto
580 368 785 408 Zaclilumi
824 369 1007 409 dicuntur
1033 370 1061 409 ii
1103 370 1168 422 qui
1194 374 1283 421 post
1310 371 1449 410 collem
1474 372 1665 412 habitant.

263 422 373 472 atqui
401 421 434 459 si
464 421 521 460 ita
548 425 619 469 est,
635 419 855 463 Sachlumi
884 424 1111 475 appellandi
1142 428 1232 462 sunt
1257 424 1386 475 potius
1411 436 1526 477 quam
1538 426 1669 466 Zach-

263 475 371 522 lumi,
401 486 526 525 neque
562 475 619 514 ita
649 475 861 516 Slavorum
901 477 1069 516 dialecto
1099 478 1266 517 vocandi
1304 482 1395 517 sunt
1436 491 1568 518 omnes
1599 479 1664 532 qui

264 533 354 578 post
380 529 518 566 collem
547 527 745 576 habitant,
777 531 846 568 sed
872 535 1022 570 tantum
1060 532 1125 582 qui
1155 535 1243 582 post
1271 536 1437 571 montem
1461 532 1664 573 Chlumum

261 580 468 629 habitant;
497 582 638 633 quippe
665 594 716 622 sa
736 583 860 623 Slave
887 588 986 636 post
1012 585 1222 636 significat,
1254 584 1441 625 Clilumus
1469 598 1664 626 vero1no-

260 646 348 673 men
376 635 577 685 proprium
604 638 747 675 montis
776 642 847 677 est.

366 703 455 749 161,
488 703 524 739 1.
593 696 635 736 τὸ
679 696 869 750 Σταγνόν]
906 702 1000 741 urbs
1043 702 1276 754 episcopalis
1317 703 1388 742 sub
1426 703 1578 743 dicione
1603 705 1664 744 rei

258 753 437 804 publicae
462 754 702 805 Ragnsinae.
774 755 865 793 huic
894 756 1083 795 ecclesiae
1110 762 1266 807 praeest
1296 756 1411 795 hodie
1437 758 1663 798 illustrissi-

256 819 340 845 mus
362 807 527 846 antistes
554 807 788 847 Franciscus
816 809 999 859 Volanti,
1028 811 1245 850 avunculus
1269 822 1390 862 meuS,
1419 812 1483 851 vir
1508 817 1548 852 et
1577 812 1659 865 pie·

259 866 341 900 tate
368 866 407 899 ct
436 861 617 900 doctrina
643 861 823 913 insignis,

366 922 470 965 lbid.
502 929 541 964 6.
595 921 714 974 χώρα
742 925 818 973 μιά
846 922 1040 975 ὑπάρχει]
1080 928 1243 968 eandem
1271 932 1418 968 terram
1447 941 1534 969 esse
1561 930 1662 969 Ter-

252 978 476 1018 bunitarum
505 984 543 1018 et
564 978 836 1019 Canalitarum
868 981 981 1019 docet
1009 981 1372 1034 Porphyrogenitus
1410 988 1449 1023 et
1474 995 1596 1034 supra
1624 995 1657 1023 c.

251 1035 330 1079 30,
359 1033 424 1071 ubi
454 1033 678 1072 Terbuniae
716 1033 960 1085 principatus
998 1036 1186 1074 terminos
1226 1036 1422 1075 describit.
1477 1041 1521 1076 at
1545 1037 1662 1076 bodie

251 1086 476 1125 Terbuniae
518 1087 760 1138 principatus
791 1089 934 1127 Turcis
973 1093 1111 1139 paret3
1154 1090 1358 1140 episcopus
1384 1102 1480 1129 vero
1508 1091 1660 1129 'ferbu-

250 1140 351 1188 nnae,
380 1153 478 1179 unus
518 1152 539 1178 e
569 1142 831 1192 suffraganeis
868 1141 1229 1193 archiepiscopatus
1259 1143 1469 1195 Ragusini‚
1497 1144 1660 1196 eligitur

250 1206 275 1232 a
306 1198 447 1234 senatu
491 1195 717 1246 Ragnsino,
755 1196 939 1235 fortassis
978 1197 1082 1247 quod
1119 1197 1386 1237 Mercanensis
1414 1198 1660 1249 episcopatus

249 1260 334 1286 cum
364 1249 624 1288 Terbuniensi
666 1249 819 1288 iunctus
864 1253 992 1299 esset,
1022 1256 1060 1289 et
1097 1251 1285 1290 Mercana
1321 1251 1373 1290 sit
1408 1252 1478 1291 sub
1507 1252 1660 1290 dicione

251 1302 308 1340 rei
338 1303 518 1352 publicae
547 1303 789 1354 Ragusinae.
856 1303 973 1342 hodie
1017 1308 1145 1343 autem
1175 1305 1482 1356 Terbuniensem
1510 1305 1661 1356 episco-

250 1359 382 1405 patum
421 1356 571 1395 obtinet
601 1357 893 1396 Illustrissimus
930 1358 1123 1397 Antonius
1162 1359 1365 1410 ReghiuS,
1403 1359 1660 1399 consobrinus

250 1421 368 1459 meus,
400 1409 461 1449 vir
485 1423 510 1449 a
539 1411 685 1461 pietate
714 1416 752 1449 et
775 1424 799 1450 a
827 1411 968 1450 studiis
996 1413 1149 1451 omnino
1181 1413 1405 1452 laudabilis.

358 1473 464 1514 Ibid.
496 1479 560 1513 20.
620 1473 810 1523 Καναλὴ]
841 1475 992 1515 Canale
1021 1489 1089 1515 seu
1110 1476 1273 1516 Canalis
1301 1477 1372 1516 sub
1401 1477 1571 1516 dominio
1601 1476 1661 1515 rei

251 1529 432 1580 publicae
461 1528 699 1580 {ragusinae
728 1529 821 1568 olim
843 1542 943 1581 ager
960 1530 1209 1581 Epidaurius.
1267 1543 1392 1582 neque
1413 1530 1564 1570 Canale
1591 1543 1661 1569 seu

251 1582 414 1622 Canalis
449 1583 563 1634 regio
594 1583 665 1621 illa
694 1583 800 1622 dicta
829 1588 907 1630 est,
951 1589 993 1623 ut
1036 1589 1147 1635 putat
1181 1584 1246 1623 hic
1289 1584 1664 1636 Porpliyrogenitus‚

253 1636 355 1688 quod
399 1635 551 1675 Canale
584 1637 815 1675 Sei-blorum
859 1637 1045 1677 idiomate
1085 1639 1194 1677 viam
1222 1637 1409 1690 plaustri
1437 1638 1662 1689 significet:

253 1702 356 1738 nam,
384 1690 510 1741 inquit
538 1689 618 1739 ille,
650 1696 813 1740 propter
832 1691 909 1729 loci
934 1691 1136 1742 planitiem
1165 1692 1374 1731 servitutes
1393 1704 1526 1731 omnes
1551 1692 1665 1743 plau-

254 1744 348 1782 stris
374 1747 601 1793 praestant3
630 1756 714 1782 cum
744 1745 854 1783 nulla
872 1744 989 1783 hodie
1019 1745 1074 1784 ibi
1100 1745 1178 1784 sint
1206 1746 1399 1797 plaustra.
1454 1745 1524 1784 sed
1549 1745 1665 1797 regio

255 1798 325 1836 illa
354 1798 404 1836 ab
434 1809 560 1848 aquae
589 1798 707 1836 ductu
742 1798 879 1849 lingua
906 1799 1122 1850 Epidauria
1153 1799 1315 1838 Canalis
1357 1799 1594 1851 appellatur,
1622 1802 1666 1837 ut

254 1851 390 1890 scribit
418 1851 514 1891 Lud.
547 1852 705 1890 Tubero
734 1852 760 1891 l.
789 1855 817 1890 5
846 1852 1060 1893 Counuent.
1095 1854 1144 1891 de
1174 1853 1415 1904 temporibus
1442 1853 1536 1892 suis.

362 1919 452 1964 162,
483 1919 521 1954 8-
577 1916 763 1955 Diocleae
795 1916 973 1968 regionis
1013 1917 1199 1957 terminos
1228 1917 1415 1957 describit
1441 1917 1666 1968 Porphyre-

255 1967 412 2020 genitus
446 1981 568 2020 supra
595 1982 627 2008 c.
656 1973 723 2009 30.

363 2021 468 2063 Ibid.
499 2027 561 2062 16.
616 2018 773 2060 ἔκτισεν
802 2019 824 2059 ὅ
853 2019 1049 2072 βασιλεῦς
1078 2019 1379 2075 Διοκλητιανός]
1409 2024 1518 2076 atqui
1543 2025 1666 2076 longe

258 2080 349 2115 ante
365 2077 649 2116 Diocletianum
670 2077 944 2127 imperatorem
958 2078 1118 2117 Dioclea
1140 2079 1234 2117 urbs
1254 2079 1428 2126 extabat,
1447 2091 1533 2118 cum
1551 2078 1666 2118 buius

258 2130 505 2170 meminerint
519 2132 763 2171 Ptolemaeus
790 2138 829 2170 et
846 2132 1006 2170 Plinius.
1038 2144 1117 2171 non
1144 2132 1268 2183 igitur
1296 2132 1385 2170 liuic
1410 2132 1498 2170 urbi
1523 2145 1665 2171 nomen

256 2185 526 2223 Diocletianus
556 2185 681 2235 dedit,
711 2185 779 2224 sed
805 2185 934 2236 potius
962 2186 1030 2224 ille
1058 2186 1108 2224 ab
1140 2199 1188 2225 ea
1215 2199 1356 2225 nomen
1385 2186 1535 2237 accepit
1563 2186 1667 2238 quod

260 2239 301 2277 in
327 2250 375 2277 ea
405 2242 521 2277 natus
552 2244 637 2286 est,
666 2244 705 2278 et
749 2251 774 2278 a
816 2245 943 2279 matre
981 2239 1143 2279 Dioclea
1185 2240 1338 2291 pariter
1371 2241 1597 2291 appellata,
1624 2245 1668 2279 ut

259 2292 395 2331 scribit
409 2293 503 2332 Sex.
559 2292 744 2331 Aurelius
762 2293 911 2331 Victor.
968 2292 1113 2332 similia
1143 2293 1263 2333 habet
1291 2294 1437 2333 Paulus
1469 2294 1666 2332 Diaconus

260 2348 290 2385 l.
323 2350 385 2384 10.
443 2345 599 2384 Diocles
639 2359 734 2385 vero
781 2346 1049 2386 Diocletianus
1087 2351 1179 2387 ante
1207 2347 1410 2398 imperimn
1442 2347 1584 2386 dicitur
1627 2351 1668 2386 et

260 2400 480 2445 Lactantio,
511 2412 580 2438 seu
606 2401 735 2450 potius
755 2401 875 2441 Lucio
897 2399 1083 2450 Caecilio,
1112 2401 1160 2439 de
1181 2401 1340 2440 Mortib.
1367 2405 1561 2451 persecut.
1588 2412 1621 2439 c·
1641 2404 1669 2440 9

260 2458 300 2492 et
333 2457 403 2501 193
431 2453 498 2491 ubi
526 2453 618 2491 vide
648 2466 748 2505 quae
778 2454 852 2493 hac
880 2454 928 2492 de
955 2466 999 2493 re
1028 2455 1168 2494 doceat
1197 2454 1480 2494 eruditissimus
1506 2454 1570 2494 vir
1596 2466 1666 2493 no-

257 2507 407 2559 strique
435 2507 727 2546 amantissimus
754 2508 942 2548 Nicolaus
974 2508 1013 2547 le
1041 2509 1210 2558 Nourry,
1236 2508 1386 2547 sodalis
1412 2511 1559 2547 noster-

361 2570 467 2612 llud.
489 2573 552 2610 17.
607 2571 699 2608 νυνί
726 2570 770 2609 δέ
789 2572 901 2619 ἐστιν
928 2566 1255 2622 ἑρημόκαστρον]
1297 2573 1446 2612 Doclea
1473 2584 1542 2611 seu
1569 2571 1668 2611 Dio-
1690 2589 1693 2592 >

255 2626 341 2666 clea
371 2626 465 2664 urbs
493 2636 635 2664 eversa
662 2637 685 2664 a
706 2625 970 2665 fundamentis
999 2626 1073 2665 fuit
1102 2627 1208 2667 circa
1228 2628 1342 2667 finem
1374 2626 1513 2669 decimi
1542 2626 1664 2666 seculi
