1780 3132
236 140 292 179 ΙΝ
317 136 673 179 CONSTANTlNl
699 138 895 179 PORPH.
920 139 1019 179 LlB.
1040 139 1110 179 DE
1136 138 1266 179 ΑΒΜ.
1297 140 1400 179 ΙΜΡ.
1445 135 1539 180 309

211 251 362 301 75,11.
419 248 605 302 σκαρμὸς
630 264 705 304 pro
732 246 927 300 σκαλμός.
958 252 1018 292 sic
1037 248 1189 302 κόρπος
1215 263 1289 304 pro
1317 248 1477 300 κόλπος,
1504 255 1543 291 et

103 304 226 357 talia,
258 317 362 359 quae
388 312 625 347 annotamus
653 320 725 347 suo
754 307 845 347 loco
877 307 918 348 in
948 307 1159 348 Glossario
1199 311 1351 347 nostro.
1388 306 1540 346 Μιευιιε.

101 361 256 413 lignum
283 373 360 413 quo
389 361 588 414 alligat-ur
615 374 759 402 remus.
828 366 1033 403 nostrates
1062 362 1206 415 lingua
1231 361 1367 414 patria
1399 361 1540 401 etiam-

98 427 194 456 num
219 415 320 455 illud
348 415 500 468 lignum
527 428 706 457 scaram
732 417 954 468 appellant.

211 479 320 521 Ibid.
352 485 417 521 18.
475 480 659 532 ἑσσυυπῆ
675 487 690 530 ]
729 482 834 523 hanc
862 495 999 523 vocem
1031 484 1253 522 Russorum
1280 480 1540 522 Sclavorum-

70 542 74 549 ·
100 546 178 589 que
204 535 344 589 lingua
370 537 500 590 inquit
514 536 799 578 Constantinus
821 538 1050 590 significare
1076 549 1159 578 non
1185 537 1405 585 ἀοῖ-Μίνω
1433 538 1539 578 unde

99 602 174 643 pro
203 588 389 642 ἑσσουπῆ
431 592 682 633 scribendum
722 604 810 632 esse
854 597 950 645 puto
990 593 1209 643 νεσσουπί,
1253 594 1432 645 nessupi
1472 593 1539 633 vel

98 646 264 698 nesam,
290 657 394 698 quae
421 659 503 686 vox
531 648 781 687 nostratibus
809 647 1011 700 significat
1047 659 1130 688 non
1158 647 1405 688 dormitare.

209 707 320 750 Ibid.
349 714 415 751 20.
483 713 543 752 De
573 713 859 762 tzycanisterio
899 713 1081 765 pluribus
1109 726 1232 766 supra
1258 714 1300 754 in
1330 712 1539 754 Commen-

101 764 219 805 tariis
244 765 395 806 nostris
429 767 482 807 ad
510 766 781 820 Antiquitates
808 767 1058 820 Cpolitanas.

207 834 274 880 76,
302 833 342 871 3.
406 828 646 880 σκαλιόνειν]
680 833 950 874 exse-endere
992 839 1032 874 et
1069 832 1293 887 appellere
1321 833 1537 885 significat,

98 884 229 938 inquit
255 885 457 926 Meursius
497 892 536 927 et
563 900 614 927 ex
642 901 688 927 eo
716 889 963 941 Ducangius.
1032 889 1109 930 hac
1137 901 1233 929 voce
1262 888 1387 929 utitur
1415 888 1537 929 etiam

95 941 215 993 paulo
245 939 355 981 infra
385 941 674 983 Constantinus
701 943 841 983 eadem
870 943 1045 984 notione.

207 993 315 1035 Ibid.
344 999 382 1035 7.
440 995 586 1048 πλῶρα
615 1010 689 1050 pro
717 995 885 1047 πρώρας
925 998 1073 1038 Graeci
1111 998 1214 1038 enim
1242 997 1488 1038 recentiores
1509 1011 1534 1048 ρ

94 1052 137 1089 et
165 1048 189 1086 λ
215 1050 324 1090 inter
351 1062 396 1090 se
424 1053 669 1093 confundere
699 1054 832 1094 solent
860 1053 937 1105 (sic
973 1051 1249 1105 καρδηνάριος
1280 1065 1355 1106 pro
1384 1052 1537 1104 καρδη-

6 1129 19 1146 .
93 1098 249 1150 νάλιος.
281 1105 456 1156 Mnuns.)

205 1158 313 1201 Ibid.
341 1163 381 1200 8.
410 1156 762 1212 κοντοβευόμενοι]
790 1162 921 1203 scribe
949 1157 1306 1212 κοντοβολοιῗμενοι
1334 1162 1401 1202 vel
1428 1165 1536 1202 certe

94 1209 402 1264 κοντευόμενοιε
430 1228 522 1256 nam
549 1212 754 1256 κοντεύειν
784 1223 845 1257 est
874 1222 1040 1270 propter
1068 1217 1275 1267 incedere,
1316 1218 1536 1281 appropin-

94 1279 230 1333 guare.
301 1269 473 1311 Glossae
514 1271 899 1313 Graecobarbarae:
939 1270 958 1310 ὃ
997 1272 1170 1322 πλησίον
1209 1270 1386 1323 βαίνων,
1427 1270 1537 1308 υποῦ

90 1335 260 1374 ερχεται
302 1323 431 1376 σιμά,
465 1321 570 1363 ὀποῦ
596 1324 791 1365 κοντεύει.
859 1327 1006 1367 iterum
1032 1326 1143 1374 alibi,
1175 1320 1533 1377 παραθαλάσσιος,

89 1375 196 1417 ὀποῦ
221 1375 401 1416 κοιτεύει
430 1380 501 1431 τῆς
529 1376 758 1432 θαλάσσης.
815 1383 990 1422 occurrit
1016 1381 1100 1422 illic
1122 1381 1286 1432 pluries.
1323 1381 1478 1421 Manus.

198 1430 306 1474 Ibid.
332 1437 398 1474 13.
471 1431 853 1486 ὀστροβουνίπραχ]
894 1436 1231 1488 osctrobuniprag
1269 1435 1415 1476 dicitur
1455 1447 1531 1475 no-

87 1488 282 1529 stratibus
311 1492 484 1530 acutum
515 1489 646 1531 collis
676 1489 832 1538 limem,-
873 1504 947 1531 nec
975 1491 1112 1532 dubito
1143 1491 1236 1543 quin
1262 1490 1320 1530 ita
1347 1491 1400 1531 sit
1429 1490 1530 1531 scri-

86 1543 268 1594 bendum,
299 1544 444 1597 quippe
458 1545 607 1586 Graeci
635 1550 798 1586 exteras
829 1559 948 1586 voces
972 1546 1122 1600 passim
1149 1548 1361 1598 corruptas
1389 1558 1438 1586 ac
1459 1545 1529 1585 de-

88 1602 284 1651 pravatas
310 1601 535 1650 proferunt.

194 1655 262 1703 77,
290 1656 329 1692 6.
399 1653 663 1703 πετζιμέντον
692 1667 715 1695 e
745 1655 891 1696 Latino
932 1659 1016 1707 est,
1055 1654 1419 1708 impedimentum;
1446 1667 1529 1696 vox

87 1708 203 1801 alibi¹
213 1719 409 1760 nusquam
435 1722 564 1763 neque
591 1710 768 1750 Meursio
809 1722 938 1764 neque
965 1710 1189 1763 Ducangm,
1216 1715 1260 1750 ut
1288 1710 1366 1762 ipsi
1395 1711 1529 1750 faten-

83 1767 162 1816 tur⁷
190 1766 308 1857 1⁶15&
327 1820 394 1858 13.
450 1812 568 1870 νερὸν
593 1830 718 1874 aqua.
773 1831 812 1859 v.
838 1819 1058 1860 Meursium
1085 1823 1125 1860 et
1151 1819 1416 1872 Ducangium.

190 1869 301 1912 Ibid.
330 1876 395 1912 19.
467 1866 561 1912 ὅσον
599 1873 673 1912 τοῦ
696 1872 1008 1923 Ἱπποδρομίου]
1046 1874 1138 1914 vide
1167 1887 1269 1927 quae
1298 1875 1348 1914 de
1374 1875 1526 1927 Hippo·
1600 1871 1605 1874 ’

80 1924 220 1966 dromo
260 1926 474 1979 Cpolitano
504 1929 723 1969 monuimus
752 1928 970 1968 Comment.
999 1929 1043 1969 in
1070 1929 1205 1983 Antiq.
1243 1928 1307 1970 ΟΡ
1337 1930 1366 1970 l.
1388 1933 1430 1980 3,
1458 1929 1525 1970 ubi

82 1981 258 2022 eiusdem
286 1982 549 2035 Hippodromi
579 1985 749 2037 figuram
777 1983 1021 2024 exhibemus.

188 2045 297 2087 Iba‘d.
327 2051 394 2087 21.
452 2046 624 2099 σαγίττα
662 2062 744 2090 vox
770 2049 944 2102 Latina,
987 2061 1066 2102 qua
1103 2049 1255 2102 passim
1281 2048 1430 2089 Graeci
1456 2060 1524 2090 re-

79 2101 281 2142 centiores
303 2106 479 2143 utuntur.

188 2159 255 2206 78,
295 2161 361 2198 23.
419 2152 706 2208 παρακλάδιον
734 2158 846 2199 'nihil
885 2158 996 2198 aliud
1033 2162 1117 2211 est,
1146 2158 1276 2212 inquit
1309 2158 1522 2210 Meursius,

83 2222 203 2263 quam
232 2212 338 2264 quod
365 2211 598 2266 diveryium
626 2214 730 2254 dixit
748 2214 909 2255 Siculus
927 2215 1096 2254 Flaccus
1124 2214 1174 2253 de
1202 2213 1347 2254 condit.
1377 2226 1520 2267 agror.

80 2269 121 2305 et
147 2271 333 2306 auctores
361 2267 412 2307 de
439 2268 572 2308 Limit.
603 2269 837 2322 Ducangius
868 2281 966 2308 vero
993 2268 1134 2320 inquit,
1161 2267 1220 2314 εἰς
1252 2263 1295 2306 τὸ
1329 2268 1404 2307 τοῦ
1431 2269 1522 2308 Aa·

78 2319 248 2370 νουβιόυ
277 2320 464 2371 ποταμοῦ
495 2318 799 2375 παρακλάδιον,
830 2324 871 2364 id
901 2328 986 2375 est,
1018 2322 1090 2364 ubi
1124 2321 1350 2365 Danubius
1375 2325 1422 2364 in
1447 2335 1522 2364 ra·-

76 2385 169 2417 mos
188 2372 379 2427 finditur.

185 2434 252 2479 79,
281 2433 320 2470 7.
381 2429 689 2481 Κωνσταντιάν]
735 2444 774 2470 v.
800 2444 903 2485 quae
943 2434 994 2473 de
1030 2432 1269 2474 Constantia
1297 2433 1520 2474 monuimus

77 2483 296 2525 Comment.
318 2485 361 2525 in
387 2485 522 2539 Antiq.
555 2486 620 2526 ΟΡ
647 2488 676 2526 1.
708 2491 744 2527 1.

184 2548 292 2590 Ibid.
311 2554 351 2590 9.
408 2550 467 2595 εἰς
493 2546 546 2588 τά
567 2551 638 2601 τῆς
656 2549 940 2605 Μεσημβρίας
966 2552 1087 2606 μέρη]
1105 2553 1304 2594 meursius
1331 2552 1389 2594 ad
1415 2565 1519 2606 par-

78 2606 145 2645 tes
173 2604 478 2646 meridionales
507 2606 810 2658 interpretatur.

187 2657 295 2701 Ibid.
327 2663 393 2700 14.
450 2657 530 2699 ἀπὸ
564 2658 635 2699 τὸν
666 2661 849 2712 Κιάβον]
879 2662 937 2703 sic
964 2663 1115 2715 passim
1143 2663 1292 2704 Graeci
1319 2662 1516 2703 recentio-
