1780 3132
314 148 406 192 326
638 154 892 195 BANDURll
931 152 1423 196 ANlMADVERSlONES

314 263 354 301 in
374 256 619 312 ’Ἀβουλλοι,
654 255 816 311 Αὔγιλα
860 267 899 303 et
934 263 974 303 in
1014 261 1273 312 Ταυγάμηλα.
1329 264 1379 302 de
1406 264 1539 303 eodem
1566 264 1720 304 videtur

302 316 423 368 -loqui
453 318 626 355 Tzetzes
656 316 757 354 Chil.
787 321 825 356 3.
855 317 1000 356 Histor-
1030 321 1121 356 100.
1199 317 1248 355 de
1274 316 1529 368 Apollodoris
1554 330 1593 359 v.
1619 319 1719 357 Vos-

314 370 412 408 sium
443 370 491 407 de
519 369 723 408 Historicis
751 371 929 410 Graecis.

423 426 516 471 107,
529 425 566 461 4.
615 419 869 473 ‘Hpo'dwpogJ
897 424 954 463 sic
979 422 1251 463 emendamus:
1286 423 1427 476 quippe
1453 424 1566 464 huius
1592 425 1719 464 nero-

313 476 401 515 dori
428 476 532 515 liber
573 475 691 515 etiam
733 477 905 517 decimus
942 478 992 515 de
1018 476 1186 515 Hercule
1223 477 1370 516 citatur
1396 490 1421 517 a
1450 477 1652 530 Stephano
1679 478 1720 517 in

313 524 558 579 Κυνητικόν.
615 541 653 568 v.
685 531 865 571 Vossium
891 532 939 570 de
963 530 1171 569 Historicis
1202 530 1367 570 Graecis
1393 531 1420 569 1.
1450 534 1488 570 3-

420 591 929 642 Ιῠὶιι.1ο.1(αλπιανοί]
959 608 1011 634 an
1033 594 1243 645 legendum
1275 593 1445 646 Κέλται,
1470 607 1632 647 quorum
1656 605 1720 634 re-

314 647 471 698 gionem
499 648 750 699 subsequitur
777 661 825 688 ea
852 661 967 700 quam
996 648 1212 688 Rhodanus
1240 648 1385 688 alluit?

421 710 528 751 laid.
559 713 623 751 14.
682 710 858 759 Σπανία]
886 713 998 753 multi
1029 725 1079 752 ex
1107 712 1308 752 veteribus
1337 712 1527 764 Spaniam
1551 724 1626 765 pro
1651 712 1721 752 lii-

312 766 453 816 spania
488 766 638 805 dixere.

423 817 529 858 Ibid.
576 823 640 858 18.
709 820 768 857 De
793 820 1008 859 Parthenio
1054 823 1094 858 et
1130 819 1380 859 Artemidoro
1422 819 1514 859 vide
1553 819 1723 860 Iudicem

312 873 448 912 Pinedi
474 873 526 912 ad
553 873 768 924 scriptores
796 874 937 914 citatos
964 874 1004 912 in
1024 873 1228 924 Stephano
1257 873 1464 922 Byzantio.

420 935 528 976 Ibid.
558 941 622 977 19.
690 935 714 986 ἦ
746 936 789 975 δὲ
815 932 935 986 ἑτέρα
964 937 1131 987 Ἰβηρία]
1173 938 1222 976 de
1264 937 1338 976 hac
1386 937 1517 977 Iberia
1546 937 1724 988 pluribus

315 990 403 1042 agit
431 991 537 1030 infra
565 991 930 1043 Porphyrogenitus
959 1005 991 1030 c.
1021 994 1074 1030 45
1102 996 1141 1030 et
1159 995 1224 1031 46.
1280 991 1383 1030 haue
1403 991 1516 1042 ponit
1544 990 1721 1042 Agathe-

315 1056 445 1083 merus
476 1045 626 1096 Geogr.
656 1049 682 1083 2
711 1045 815 1084 inter
843 1045 1068 1084 Colchidem
1109 1050 1149 1083 et
1177 1044 1400 1084 Albaniam.
1455 1044 1548 1084 vide
1574 1045 1724 1093 Diony-

315 1099 413 1137 sium
444 1098 493 1136 de
520 1099 597 1137 situ
624 1099 740 1138 Orbis
768 1103 808 1138 et
836 1099 1073 1138 Strabonem
1102 1100 1129 1139 l.
1158 1103 1180 1139 1
1205 1103 1244 1137 et
1274 1102 1340 1138 11.

424 1166 516 1212 108,
543 1168 580 1202 2.
636 1161 883 1210 Διονύσιος]
921 1176 1000 1202 nou
1041 1167 1101 1201 est
1138 1176 1304 1215 sequeus
1343 1162 1571 1211 versiculus,
1597 1161 1725 1213 inquit

316 1217 537 1264 Berkelius,
567 1216 794 1267 desumptus
823 1229 874 1256 ex
902 1217 1090 1265 Dionysio
1119 1216 1391 1256 Alexandrino
1420 1216 1469 1254 de
1498 1216 1575 1256 situ
1599 1216 1719 1263 orbis,

315 1273 391 1310 imo
410 1271 451 1310 in
470 1271 540 1309 illo
568 1282 687 1309 versu
714 1283 793 1309 non
818 1271 976 1309 videtur
1001 1271 1144 1310 mentio
1169 1271 1257 1309 fieri
1284 1270 1333 1308 de
1364 1269 1488 1308 Iberis
1518 1269 1725 1308 orientali-

316 1326 403 1375 bus,
429 1324 498 1363 sed
526 1324 575 1362 de
605 1323 925 1373 occidentalibus,
956 1321 1085 1373 ἀγχοῦ
1105 1321 1292 1374 στηλάων
1319 1322 1602 1363 habitantibus.
1657 1335 1725 1360 ve-

317 1391 406 1418 rum
436 1378 671 1417 versiculum
706 1390 800 1416 mox
825 1383 1076 1425 secuturum,
1105 1391 1156 1419 ex
1186 1389 1261 1429 quo
1292 1389 1402 1415 usum
1433 1373 1506 1413 τοῦ
1528 1371 1726 1427 Ἰβηρικὰς

319 1433 537 1480 confirmat,
569 1443 620 1471 ex
647 1431 837 1480 Dionysio
869 1431 1119 1482 transcripsit
1147 1430 1372 1482 Stephanus
1402 1433 1551 1469 noster.

426 1494 534 1535 Ibid.
562 1500 604 1535 6.
670 1494 934 1546 γραμματικῇ
968 1493 1028 1541 δὲ]
1069 1495 1218 1534 Strabo
1256 1495 1283 1533 1.
1312 1498 1340 1534 3
1368 1498 1507 1533 narrat
1533 1493 1728 1544 Hispano-

320 1562 407 1589 rum
436 1549 680 1588 doctissimos
718 1549 811 1587 olim
836 1548 1085 1588 Turdetanos
1125 1549 1271 1597 fuisse,
1309 1547 1375 1599 qui
1409 1551 1571 1598 praeter
1595 1558 1728 1598 gram-

319 1604 488 1643 maticae
515 1616 626 1642 usum
655 1603 786 1641 etiam*
809 1602 1034 1652 conscripta
1063 1602 1279 1641 servabant
1320 1601 1566 1653 antiquitatis
1591 1612 1729 1639 monu-

320 1661 466 1705 menta,
495 1661 680 1706 poemata
709 1661 748 1694 et
772 1655 886 1706 leges
912 1655 1049 1694 metris
1076 1655 1259 1694 inclusas.
1314 1658 1487 1695 ceterum
1513 1654 1651 1694 iisdem
1676 1653 1729 1692 li-

321 1711 418 1749 teris
448 1711 586 1762 quibus
623 1709 715 1749 Itali
755 1708 982 1748 utebantur.
1052 1709 1143 1748 vide
1178 1707 1359 1747 Vossium
1392 1708 1443 1747 de
1479 1711 1568 1748 arte
1595 1719 1730 1759 gram-

318 1764 476 1803 inatica.

428 1815 536 1856 Ibid.
568 1819 632 1855 11.
705 1815 846 1855 Nescio
886 1815 990 1855 unde
1029 1814 1237 1854 Berkelius
1278 1814 1336 1854 sic
1371 1815 1531 1855 scribit:
1568 1812 1644 1858 εις
1654 1811 1732 1851 δύο

318 1870 522 1920 ἐπαοχίας
550 1868 727 1931 διῃρεΐτο
755 1864 835 1905 ὑπὸ
863 1866 1088 1919 Ῥωμαίων,
1115 1864 1209 1905 νυνὶ
1233 1866 1279 1905 δὲ
1307 1866 1367 1912 εἰς
1394 1870 1517 1919 τρεῖς,
1544 1866 1733 1912 εἶς-Σπα-

319 1924 410 1961 νίαν
437 1921 650 1972 Βαιτικήν,
679 1920 864 1959 Σπανίαν
888 1921 1182 1971 Λουσιτανιᾋαν
1209 1917 1280 1959 καί
1308 1921 1663 1971 Ταρρακωνησιᾞαν
1692 1924 1733 1960 et

319 1978 424 2017 lianc
452 1978 659 2015 lectionem
684 1976 725 2015 in
763 1977 948 2015 versione
983 1977 1258 2026 expressimus.
1315 1974 1537 2015 Salmasius
1564 1985 1660 2013 vero
1688 1975 1731 2013 iu

320 2031 510 2071 Pliniauis
528 2030 702 2069 Exercit.
732 2030 790 2069 ait
816 2042 859 2068 se
886 2030 929 2068 in
955 2029 1082 2067 veteri
1109 2029 1244 2067 codice
1271 2029 1374 2068 hunc
1390 2029 1517 2068 locum
1545 2027 1602 2066 sie
1628 2028 1727 2067 scri-

319 2090 428 2149 ptum
456 2085 678 2147 reperisse:
725 2082 782 2126 εἰς
811 2082 885 2119 δύο
915 2081 1093 2143 διῃοεῖτο
1122 2077 1201 2118 ὑπὸ
1227 2077 1455 2129 Ῥωμαίων,
1483 2079 1575 2119 νυνί
1597 2078 1643 2118 δὲ
1672 2080 1732 2124 εἰς

320 2137 440 2186 τοι’,α
466 2150 520 2182 ως
550 2132 797 2186 Μαοκιανὸς
826 2135 869 2174 ἐν
899 2133 955 2188 τῷ
970 2105 1185 2187 Περίπλῳ
1215 2132 1356 2185 αὐτῆς,
1383 2132 1586 2184 Βαιτικὴν
1612 2134 1732 2172 Λου..

319 2189 503 2229 σιτανίαν
540 2203 607 2227 και
653 2189 1007 2240 Ταρρακωνησιάν.
1073 2192 1222 2228 certum
1263 2189 1417 2240 quidem
1459 2192 1520 2228 est
1565 2187 1732 2238 primum

320 2246 520 2284 Romanos
561 2245 789 2296 Hispaniam
831 2244 873 2282 in
916 2242 1139 2282 citeriorem
1174 2246 1213 2280 et
1250 2243 1478 2281 ulteriorem
1515 2241 1728 2289 divisisse;

323 2299 491 2360 11011110·
507 2298 654 2337 Plinius
693 2303 732 2336 et
768 2297 858 2336 alii:
887 2297 1027 2336 deinde
1063 2307 1160 2334 vero
1188 2308 1274 2335 cum
1300 2300 1385 2336 tota
1411 2295 1575 2347 regione
1601 2299 1734 2334 essent

322 2353 451 2403 potiti,
482 2353 522 2390 in
548 2356 631 2390 tres
670 2351 808 2402 partiti
836 2354 927 2390 sunt
951 2349 1190 2402 provincias.
1259 2349 1501 2400 Marcianus,
1531 2359 1644 2401 quem
1668 2348 1735 2387 hie

322 2406 688 2456 porphyrogenitus
707 2405 875 2466 laudat,
910 2404 968 2443 sic
994 2403 1115 2442 habet
1150 2404 1192 2442 in
1228 2402 1387 2467 Periplo
1415 2415 1501 2454 cap.
1527 2402 1577 2441 de
1603 2401 1734 2441 Iberia

322 2463 362 2497 et
388 2459 600 2522 Hispania·
638 2455 830 2508 πρότερον
870 2456 946 2506 μὲν
976 2449 1046 2494 ουν
1075 2453 1100 2506 ἦ
1134 2448 1294 2506 Ἰβηρία
1322 2455 1498 2520 διηρεῖτο
1525 2450 1606 2492 nino*
1630 2451 1734 2492 Ῥω..

319 2513 454 2560 μαίων
483 2510 541 2555 εἰς
566 2507 768 2560 ἐπαρχίας
795 2508 880 2562 δύο,
907 2509 999 2548 νυνί
1025 2508 1070 2546 δὲ
1092 2522 1150 2555 εις
1177 2512 1299 2559 τρεῖς,
1328 2521 1386 2553 εις
1407 2506 1612 2548 Ἱσπανίαν
1627 2508 1734 2546 Βαι-

319 2562 434 2613 τικὴν
464 2564 534 2602 καί
562 2564 619 2609 εἰς
640 2563 851 2603 εἸσπανιαν
876 2563 1157 2602 Λουσιτανιάν
1185 2562 1254 2601 καί
1278 2561 1488 2602 Ἱσπανίαν
1511 2562 1734 2611 Ταρρακω-

322 2617 480 2670 νησιάν.
546 2618 835 2672 Agathcmerus
874 2618 902 2659 l.
942 2621 970 2657 2
1009 2617 1220 2670 Hispanias
1269 2616 1363 2657 item
1409 2620 1494 2657 tres
1532 2618 1733 2656 recenset:
