1780 3132
247 161 323 203 DE
356 157 823 203 ADMINISTRANDO
856 155 1094 200 IMPERIO
1130 155 1241 199 CAP.
1269 158 1312 197 7.
1341 156 1380 198 8.
1488 153 1552 198 73

89 292 219 335 φοντα
239 274 342 332 πρὸς
358 276 407 315 X
405 277 560 329 ερσῶνα
579 271 808 314 κατέλθωσι
825 270 918 325 μετ’
942 270 1088 323 αὐτοῦ,
1122 272 1284 325 ζητοῦσι
1303 267 1407 325 παρ’
1431 266 1556 311 αὐτοῦ

89 345 334 403 ῥογευθῆναι
353 341 422 385 διὰ
440 341 511 384 τὸν
529 338 651 383 κόπον
669 340 802 383 αὐτῶν
822 357 863 382 τε
885 341 950 381 καὶ
970 345 1050 383 τῶν
1068 338 1225 396 ἀλόγων
1246 339 1391 382 αὐτῶν.

571 452 952 511 Κεφάλαιον
1019 453 1072 508 η’.

90 529 176 576 περὶ
205 529 282 564 τῶν
312 525 388 563 ἀπὸ
424 529 492 572 τῆς
522 524 787 571 θεοφυλοῖκτου
825 523 968 566 πόλεως
999 523 1324 569 ἄποστελλομένων
1358 523 1557 570 βασιλικῶν

58 575 80 610 5
195 573 289 620 μετὰ
321 575 520 620 χελανδίων
554 572 618 608 διά
651 584 691 608 τε
722 573 791 607 τοῦ
828 572 1046 616 Λανουβίου
1079 572 1142 606 καὶ
1176 571 1355 617 Δάναπρι
1388 569 1450 605 καὶ

462 619 658 664 Anima-91
679 619 851 662 ποταμοῦ
875 615 915 653 ἐν
938 618 1181 665 Πατζιναιιίᾳ.

219 694 310 739 ‘'Ou
335 697 401 738 καὶ
433 698 488 746 εἷς
515 694 560 737 τὸ
589 695 712 751 με’ρος
736 696 810 747 τῆς
838 694 1096 750 Βουλγαριάς
1123 694 1338 746 καθέζεται
1359 692 1458 743 λαὸς
1478 696 1559 734 τῶν

92 766 398 816 Πατζινακιτῶν
426 765 489 805 ἐπὶ
515 763 561 805 τὸ
588 764 713 820 μέρος
742 765 816 804 τοῦ
840 760 1032 819 Δάναπρι
1061 764 1128 804 καὶ
1155 767 1229 805 τοῦ
1253 761 1467 817 Λάναστρι
1491 762 1560 802 καὶ

91 838 172 876 τῶν
191 831 336 889 ἑτέρων
353 837 434 875 τῶν
453 834 574 875 ἐκεῖσε
596 831 723 874 ὄντων
741 834 957 885 ποταμῶν,
994 833 1061 873 καὶ
1081 835 1295 885 βασιλικοῦ
1317 831 1564 873 ἀποστελλο-

41 894 215 957 ιῡμένου
246 902 430 943 ἐντεῦθεν
457 900 560 955 μετὰ
587 901 810 955 χελανόίων
838 898 1007 942 δύναται
1036 903 1102 942 καὶ
1124 902 1254 958 χωρὶς
1276 905 1350 943 τοῦ
1372 901 1427 949 εἷς
1447 901 1562 955 Χερ-

94 972 206 1014 fuam
235 970 424 1012 ἀπελθεῖν
451 972 633 1012 ἐνταῦθα
662 967 872 1022 συντόμως
893 971 960 1010 καὶ
980 969 1134 1023 ταχέως
1154 967 1348 1025 εὑρίσκειν
1369 968 1465 1018 τοὺς
1487 967 1564 1010 αὗ-

94 1038 190 1089 τοὺς
213 1039 531 1090 Πατζινακίτας·
568 1038 639 1088 οὓς
657 1040 723 1080 καὶ
746 1035 873 1094 εὑρὼν
893 1036 1035 1092 μηνύει
1057 1037 1126 1079 διὰ
1148 1036 1371 1094 ἀνθρώπου
1395 1037 1520 1080 αὐτοῦ
1542 1034 1563 1078 ὃ

93 1107 304 1162 βασιλικὸς
321 1108 431 1157 ἐντὸς
447 1111 527 1150 τῶν
540 1108 762 1162 χελανὸίων
778 1106 909 1159 με’νων
925 1108 992 1148 καὶ
1012 1107 1115 1160 μεθ’
1136 1105 1282 1149 ἑαυτοῦ
1300 1106 1352 1149 τὰ
1370 1105 1565 1159 βασιλικὰ

96 1174 383 1234 ἐπιφερόμενος
406 1178 476 1218 “καὶ
507 1173 722 1234 φυλάττων
755 1175 796 1216 ἓν
824 1180 908 1224 τοῖς
936 1176 1162 1229 χελανδιόις
1193 1174 1429 1232 πράγματα.
1497 1176 1564 1216 καὶ

43 1254 86 1288 15
97 1244 354 1300 κατέρχονται
376 1245 478 1299 πρὸς
498 1243 640 1295 αὐτόν,
677 1245 743 1285 καὶ
762 1241 827 1285 ὅτε
847 1244 1098 1293 κατέλθωσι,
1134 1245 1277 1287 δίδωσι
1297 1244 1399 1301 πρὸς
1417 1242 1567 1293 αὐτοὺς

97 1310 119 1354 ὃ
148 1312 358 1366 βασιλικὸς
388 1312 634 1369 ἀνθρώπους
659 1312 786 1354 αὐτοῦ
817 1310 990 1365 ὅψιδας,
1025 1314 1092 1354 καὶ
1122 1311 1320 1366 λαμβάνει
1350 1314 1417 1354 καὶ
1443 1312 1566 1362 αὐτὸς

93 1370 177 1423 ιἀπὸ
203 1385 283 1423 τῶν
309 1379 501 1423 τοιούτων
518 1382 823 1432 Πατζινακιτῶν
843 1378 1003 1436 ἑτέρους
1022 1380 1194 1435 ὄψιὸας,
1230 1383 1297 1422 καὶ
1324 1388 1468 1438 κρατεῖ
1490 1381 1566 1422 αὖ-

96 1449 192 1500 τοὺς
218 1451 274 1500 εἰς
299 1449 351 1492 τὰ
371 1448 588 1504 χελάνδια,
623 1451 690 1492 καὶ
719 1448 809 1492 τότε
838 1456 1054 1506 συμφωνεῖ
1079 1449 1170 1504 μετ’
1202 1449 1358 1492 αὐτῶν·
1401 1451 1469 1492 καὶ
1499 1448 1565 1492 ὅτε

97 1516 332 1573 ποιήσουσιν
365 1517 403 1560 οἳ
430 1520 722 1570 Πατζινακΐται
743 1518 845 1575 πρὸς
864 1517 933 1559 τὸν
952 1519 1166 1572 βασιλικὸν
1185 1519 1282 1569 τοὺς
1299 1518 1446 1576 ὅρκους
1463 1519 1568 1562 κατὰ

42 1587 151 1630 Ξοτὰ
179 1584 331 1639 {duam
357 1587 490 1629 αὐτῶν
498 1620 511 1639 ,
542 1588 772 1630 ἐπιδίδωσιν
798 1587 936 1637 αὐτοῖς
958 1586 1032 1638 τὰς
1050 1587 1267 1641 βασιλικὰς
1287 1587 1464 1646 δωρεάς,
1500 1589 1570 1630 καὶ

98 1654 427 1710 ἅναλαμβάνεται
449 1657 593 1714 φίλους
612 1657 654 1707 ἐξ
676 1656 808 1698 αὐτῶν
830 1654 950 1706 ὅσους
968 1656 1181 1710 βούλεται,
1217 1659 1285 1700 καὶ
1311 1655 1568 1714 ὖποστρέφει.

101 1723 208 1766 οὕτω
235 1724 279 1778 δὲ
304 1724 386 1780 χρὴ
416 1731 646 1782 συμφωνεῖν
673 1725 764 1779 μετ’
795 1724 928 1767 αὐτῶν
955 1724 1056 1769 ὥστε
1065 1758 1078 1778 ,
1113 1725 1215 1769 ὅπου
1236 1725 1286 1768 ἄν
1302 1730 1570 1782 χρεωποιηθῇ

99 1792 251 1843 αὖτοὺς
269 1790 290 1834 ὅ
311 1792 523 1845 βασιλεύς,
555 1791 753 1848 ποιήσωσι
775 1795 981 1845 δουλείαν,
1019 1796 1093 1838 εἴτε
1117 1798 1173 1845 εἷς
1192 1795 1288 1846 τοὺς
1303 1793 1402 1845 Ῥῶς
1422 1795 1495 1837 εἴτε
1515 1797 1571 1845 εἷς

101 1860 197 1912 τοὺς
225 1859 490 1919 Βουλγάρους
522 1861 598 1905 εἴτε
628 1863 696 1904 καὶ
728 1863 784 1912 εἷς
810 1861 905 1911 τοὺς
933 1862 1166 1921 Τοῦρκους·
1203 1866 1277 1906 εἶσὶ
1301 1864 1379 1921 γὰρ
1405 1865 1571 1907 δυνατοὶ

100 2045 259 2082 rentibus
282 2040 438 2091 exigunt.
486 2046 638 2092 denique
660 2046 721 2090 qui
743 2047 945 2081 redeuntem
968 2047 1004 2081 in
1028 2048 1242 2083 chersonem
1264 2048 1483 2094 comitantur,
1503 2061 1568 2095 pro
1621 2046 1625 2051 ’

100 2092 223 2127 labore
246 2097 317 2127 tum
341 2104 362 2126 a
383 2103 424 2126 se
446 2096 517 2127 tum
541 2093 584 2126 ab
609 2092 709 2138 equis
732 2101 896 2138 suscepto
921 2095 1113 2128 mercedem
1137 2095 1206 2129 sibi
1230 2095 1419 2140 postulant.

102 2172 137 2207 8.
173 2172 218 2206 de
251 2171 479 2206 Caesarianis
502 2173 546 2206 ab
569 2173 657 2206 urbe
682 2185 705 2206 a
729 2174 792 2207 deo
817 2175 997 2208 custodita
1019 2174 1134 2207 missis
1154 2174 1192 2207 in
1217 2175 1465 2209 Patzinaciam
1489 2187 1570 2210 cum

214 2217 410 2252 chelandiis
428 2229 495 2263 per
519 2218 750 2263 Danubium,
780 2219 985 2264 Danaprim
1007 2226 1041 2254 et
1066 2220 1278 2256 Danastrim
1292 2222 1465 2264 flumina.

195 2274 393 2319 Bulgariam
427 2286 552 2309 versus
586 2275 623 2309 in
658 2278 816 2322 partibus
850 2278 1007 2322 Danapri
1038 2283 1074 2311 et
1100 2278 1265 2312 Danastri
1289 2278 1571 2323 reliquorumque

101 2318 178 2354 illic
208 2320 394 2355 fluviorum
426 2321 664 2356 Patzinacitae
696 2334 833 2367 quoque
862 2325 965 2358 sedes
987 2324 1136 2365 habent3
1170 2336 1212 2358 ac
1235 2325 1468 2359 caesarianus
1490 2325 1572 2359 hinc

104 2376 181 2400 cum
211 2365 400 2401 chelandiis
428 2367 553 2401 missus
585 2380 654 2402 non
680 2381 824 2403 necesse
846 2370 954 2404 habet
977 2370 1189 2404 Chersonem
1213 2371 1331 2415 adire,
1365 2372 1428 2405 sed
1453 2378 1572 2416 potest

103 2410 176 2446 illic
207 2411 300 2446 nullo
332 2413 472 2456 negotio
508 2413 740 2460 celeriterque
769 2416 1006 2450 Patzinacitas
1027 2415 1206 2457 invenire;
1246 2429 1333 2461 quos
1358 2418 1572 2452 conveniens

103 2458 339 2492 Caesarianus
363 2459 442 2492 dum
465 2460 543 2504 ipse
566 2460 602 2493 in
626 2461 816 2495 chelandiis
840 2468 955 2496 manet
978 2474 1124 2496 servans
1147 2468 1183 2496 et
1206 2463 1406 2497 custodiens
1427 2475 1484 2498 res
1507 2465 1571 2499 im-

103 2503 290 2548 peratoriS‚
312 2504 401 2550 ipsis
426 2517 489 2550 per
510 2506 671 2540 famulum
694 2508 879 2541 adventum
903 2508 1093 2542 renuntiat.
1127 2514 1196 2543 tum
1220 2509 1271 2542 illi
1291 2510 1404 2554 ipsum
1429 2511 1572 2555 adeunt,

104 2549 165 2593 qui
188 2550 455 2584 advenientibus
479 2552 619 2586 obsides
644 2565 664 2586 e
687 2553 760 2588 suis
784 2555 906 2597 offert,
931 2556 974 2589 ab
997 2554 1112 2600 iisque
1134 2555 1289 2589 vicissim
1312 2555 1458 2601 accipit,
1485 2569 1572 2601 quos

102 2595 142 2629 in
165 2595 356 2630 chelandiis
378 2596 527 2642 retinet,
553 2605 658 2644 atque
684 2600 766 2633 inde
788 2611 862 2633 cum
887 2600 932 2634 iis
955 2601 1158 2646 paciscitur.
1206 2613 1279 2636 cum
1308 2609 1424 2636 autem
1452 2603 1572 2637 Patzi-

104 2641 243 2676 nacitae
274 2642 488 2677 Caesariano
522 2655 584 2688 pro
616 2644 694 2690 lege
731 2651 767 2679 et
800 2647 1048 2681 consuetudine
1080 2648 1234 2693 ipsorum
1271 2660 1349 2682 sese
1378 2648 1571 2683 iuramento

103 2687 376 2732 obstrinxerint‚
403 2694 474 2723 tum
498 2688 558 2724 ille
579 2690 667 2735 ipsis
689 2691 915 2737 imperatoria
937 2704 1079 2727 munera
1101 2693 1288 2739 elargitur,
1314 2702 1350 2728 et
1373 2695 1502 2729 amicos
1527 2707 1572 2729 ex

104 2731 175 2766 iuis
207 2739 378 2779 quotquot
408 2735 560 2769 voluerit
585 2736 734 2782 accipit,
769 2744 874 2782 atque
898 2739 948 2773 ita
968 2739 1171 2774 revertitur.
1219 2739 1271 2774 sic
1294 2752 1379 2774 vero
1405 2752 1480 2774 cum
1502 2740 1571 2775 illis

104 2778 256 2813 ineunda
279 2780 435 2824 foedera,
459 2786 497 2815 ut
518 2794 560 2815 ex
583 2791 685 2827 pacto
709 2790 895 2820 teneantur
918 2797 1059 2831 operam
1081 2787 1252 2832 praebere
1273 2786 1468 2831 ubicunque
1489 2798 1571 2821 usus

105 2824 358 2870 postulaverit,
387 2827 464 2862 sive
497 2828 666 2864 adversus
700 2829 835 2865 Russus
867 2831 944 2866 sive
975 2837 1097 2867 contra
1128 2833 1298 2878 Bulgaros
1331 2832 1387 2866 vel
1421 2833 1570 2879 Tureas,
