1780 3132
326 125 383 165 IN
424 122 789 167 SYNECDEMUM
830 121 1272 166 COMMENTARIUS.
1419 114 1516 164 473

80 242 144 280 tos
174 237 332 278 codices
371 238 594 279 Holsteinio
630 238 895 290 accredimns,
933 250 1007 279 nec
1043 241 1176 279 tamen
1205 236 1343 278 urbem
1369 248 1418 277 eo
1443 249 1517 277 no-

77 294 182 336 mine
207 292 468 345 Pamphyliae
499 295 651 345 fuisse,
690 306 793 347 quae
833 294 1007 341 eiusdem
1046 294 1090 334 in
1117 292 1315 346 Stephani
1345 287 1518 330 Μιλύαι

77 349 251 402 suspicio
281 354 384 390 erat.
440 350 590 399 Milyas
619 362 644 390 a
676 350 906 390 Ptolemaeo
938 348 1199 402 Pamphyliae
1227 347 1515 388 contribuitur:

76 404 171 454 hinc
198 400 274 454 τήν
304 399 513 443 Μιλυάδα
542 399 686 455 χώραν
714 404 756 444 in
786 404 935 454 Lyciae
954 403 1159 458 Phrygiae
1187 407 1227 443 et
1256 403 1518 455 Pamphyliae

75 459 220 503 finibus
252 459 358 511 apud
387 459 605 500 Arrianum
633 459 788 512 Exped.
808 460 1031 500 Alexandr.
1064 464 1087 500 1
1121 460 1176 499 25
1206 461 1246 498 et
1275 458 1518 498 Strabonem

75 518 132 556 12
158 527 198 567 p.
217 515 300 554 570
331 515 601 567 appellarunt.
658 527 797 555 verum
822 527 924 569 ergo
942 514 1066 556 fuerit
1089 513 1228 565 χωρία
1253 507 1518 565 Μιλυαδικά,

76 573 127 610 ut·
143 568 244 622 pagi
272 568 358 610 eius
389 569 571 622 regionis
597 569 894 623 intelligantur.

183 636 280 687 395,
312 639 378 677 13.
431 628 639 686 Ὄλβασα]
677 635 836 677 iurares
872 632 1039 686 Ὀλβίαν
1066 648 1180 686 esse,
1211 646 1329 689 quam
1357 647 1518 686 omnes,

76 689 116 730 si
145 688 395 744 Stephanum
439 691 661 744 exceperis,
703 692 886 732 meritum
916 695 1136 744 propterea
1166 690 1396 732 casauboni
1424 690 1520 731 Sal-

74 745 192 786 masii
215 749 335 799 atque
362 745 536 786 aliorum
572 746 984 796 animadversionem,
1024 746 1285 799 Pamphyliae
1320 746 1519 786 transcri-

7 820 14 827 ·
74 800 188 841 hunt.
243 813 296 840 ne
322 801 416 854 quid
443 805 577 841 tamen
605 806 791 851 mutetur,
819 803 1071 843 Ptolemaeus
1105 806 1248 842 auctor
1277 801 1367 852 erit,
1388 794 1518 849 Ὄβα-

74 861 154 907 σα,
184 855 293 908 sive,
322 860 368 896 ut
394 855 565 897 Goislin.
598 869 686 907 ms,
715 850 904 908 Ὄλβασα
934 857 1109 898 Pisidiae
1145 856 1253 897 haud
1295 856 1461 896 multum
1492 869 1519 897 a

73 908 266 960 comana,
295 921 376 964 quo
407 911 458 951 de
488 911 637 964 oppido
665 925 773 962 mox,
802 913 1072 954 contribuens.
1099 924 1174 952 nec
1203 911 1380 952 Pisidiae
1406 924 1518 951 men-

75 964 135 1006 fin
161 965 225 1007 illi
254 978 402 1006 nocere
430 966 569 1018 debet,
598 980 687 1008 cum
723 967 916 1008 finitimas*
952 979 1043 1008 esse
1069 966 1300 1020 provincias
1331 970 1372 1014 et
1398 967 1520 1019 plura

75 1020 162 1062 eius
196 1021 347 1074 oppida
383 1022 610 1063 Hieroclem
638 1023 902 1075 Pamphyliae
939 1035 1038 1064 suae
1071 1023 1278 1063 vindicare
1309 1022 1518 1074 apertissi-

73 1087 180 1118 mum
208 1075 275 1117 sit.

182 1129 295 1173 [bid.
350 1128 606 1182 Λυσήναρα]
639 1130 848 1171 Λυσινιάν
875 1133 1095 1173 Ptolemaei
1123 1145 1211 1173 esse
1239 1145 1319 1173 non
1349 1131 1518 1172 dubito:

71 1198 168 1228 uam
195 1191 237 1227 et
262 1186 446 1240 reliquae
460 1188 637 1229 Notitiae
666 1188 803 1228 urbem
836 1192 1075 1241 agnoscunt,
1107 1196 1148 1228 et
1165 1188 1400 1228 Theodotus
1423 1187 1518 1226 Av-

72 1240 220 1280 σινὲων
235 1242 277 1282 in
293 1242 483 1283 Chalced.
514 1243 684 1283 concilio
711 1246 859 1295 p.402,
888 1244 975 1283 sive
989 1243 1249 1293 Lysiniensis,
1277 1248 1321 1282 ut
1349 1243 1393 1283 in
1420 1254 1518 1292 syn-

72 1296 192 1338 odica
217 1297 271 1338 ad
301 1298 477 1339 Leonem
507 1298 794 1351 imperatorem
821 1298 1006 1351 epistola,
1033 1303 1290 1338 memoratur.

184 1360 295 1404 Ibid.
313 1366 378 1404 14.
437 1358 634 1412 Κόμανα]
667 1376 749 1404 non
782 1364 903 1404 aliter
916 1364 1183 1413 Ptolemaeus,
1211 1363 1275 1403 cui
1298 1362 1518 1415 Ephestius

72 1415 328 1460 Gomanenus
367 1418 410 1459 in
450 1419 644 1468 synodica
691 1418 865 1472 epistola
907 1419 1201 1472 adstipulatur:
1230 1431 1322 1459 nam
1352 1430 1519 1471 operam

76 1471 252 1514 Carolus
282 1486 310 1514 a
338 1473 382 1514 S.
417 1474 560 1514 Paullo
589 1474 779 1524 abutitur,
808 1487 895 1514 cum
921 1474 1187 1514 Comacenum
1218 1486 1305 1513 eum
1337 1485 1426 1512 esse
1459 1475 1525 1512 iu·-

69 1528 150 1570 bet.
183 1527 260 1568 hue
287 1530 418 1569 refert
442 1528 672 1569 Harduinus
700 1542 858 1570 numum
887 1528 1280 1568 IEPOKAICAP.
1316 1526 1525 1567 KOMA-

70 1580 250 1632 ΝΕΩΝ,
279 1584 483 1637 probabili
511 1583 765 1625 coniectura:
794 1584 960 1638 propius
978 1584 1080 1624 enim
1100 1584 1194 1624 hinc
1207 1584 1525 1624 Hierocaesarea

70 1649 194 1692 quam
223 1638 275 1679 ab
304 1639 452 1692 oppido
482 1640 649 1680 Pontico
682 1639 1017 1692 Cappadocicove
1045 1639 1182 1680 distat.

182 1701 293 1747 Ibid.
338 1700 563 1755 Κόλβασα]
603 1702 838 1755 Κόρβασα,
890 1705 1221 1759 quemadmodum
1258 1705 1524 1754 Ptolemaeus,

69 1758 178 1799 unde
209 1758 440 1800 Corbaseus
471 1760 693 1812 episcopus,
723 1764 766 1800 ut
799 1760 973 1801 Carolus
1004 1773 1030 1802 a
1052 1760 1098 1802 S.
1131 1760 1275 1801 Paullo
1305 1759 1524 1809 admonuit,

75 1814 119 1855 in
149 1814 320 1855 concilio
347 1813 653 1868 Constantinop.
686 1816 759 1855 sub
786 1815 948 1856 Menna.

178 1878 290 1922 Ibid.
348 1879 548 1931 Κρέμνα]
580 1879 778 1933 limma,
807 1894 924 1935 quam
952 1881 1154 1922 coloniam
1168 1881 1373 1921 Romanos
1400 1879 1525 1919 dedu-

78 1934 192 1976 xisse
222 1935 374 1976 Strabo
403 1940 443 1975 et
456 1937 708 1976 Ptolemaeus
740 1940 954 1979 testantur.
983 1937 1063 1977 sita
1095 1941 1184 1976 erat
1213 1936 1256 1976 in
1283 1936 1373 1975 loco
1405 1946 1526 1987 prae-

76 1994 210 2042 rupto,
240 2002 343 2044 quae
361 1992 538 2032 fortasse
555 1992 729 2032 nominis
757 2005 915 2043 caussa,
944 1992 1116 2045 undique
1143 1991 1265 2031 fossis
1296 1989 1523 2043 depressis-

76 2045 189 2142 εἰιιίἰε
214 2046 367 2088 munita
410 2047 520 2099 apud
562 2047 766 2088 zosimum
796 2051 819 2087 1
849 2051 926 2098 69,
967 2047 1035 2088 ubi
1064 2051 1200 2088 tamen
1237 2046 1344 2087 male
1372 2045 1523 2095 Lyciae

71 2100 128 2141 tri
156 2101 275 2142 uitur.

86 2214 89 2217 v
175 2165 286 2208 lbid.
344 2167 550 2217 Παμὲνου
581 2171 734 2218 τεῖχος]
766 2167 1053 2218 Ἀνεμστεῖχος
1099 2167 1290 2210 mendose
1318 2166 1523 2209 Constan-

65 2220 153 2262 tino
181 2223 211 2264 l.
229 2226 252 2262 1
283 2223 424 2264 Them.
456 2227 523 2271 14,
551 2229 595 2265 ut
624 2223 1020 2274 Πανεμοτειχειτῶν
1057 2225 1165 2265 numi
1192 2227 1405 2264 mostrant.
1435 2224 1521 2260 τεῖ-

69 2288 146 2326 χος
173 2282 307 2318 autem
335 2278 379 2318 in
405 2279 483 2319 hac¹
509 2279 797 2332 compositione
832 2291 966 2319 arcem
998 2283 1136 2329 notat3
1167 2290 1286 2332 quam
1313 2290 1399 2318 rem
1429 2289 1519 2317 cum

66 2331 251 2384 pluribus
281 2335 477 2387 exemplis
503 2335 550 2375 L.
566 2334 816 2376 Holsteinius
844 2334 897 2375 ad
926 2334 1177 2387 Stephanum
1204 2334 1390 2374 stabilire
1417 2346 1514 2372 con-

66 2386 262 2439 stituerit,
304 2401 431 2442 eaque
469 2390 604 2430 absint
646 2390 697 2430 ab
726 2389 812 2429 eius
847 2389 967 2440 notis,
996 2402 1047 2430 en
1074 2390 1148 2431 tibi
1177 2402 1226 2430 ea
1255 2401 1308 2429 ex
1339 2389 1518 2438 schedis,

66 2452 232 2494 quarum
271 2443 368 2484 mihi
409 2445 564 2497 copiam
599 2445 694 2484 fecit
732 2445 797 2484 vir
837 2445 1084 2485 clarissimus
1121 2446 1151 2485 Ι.
1182 2445 1252 2486 Ph.
1293 2443 1518 2485 D'Orville.

66 2498 203 2547 τεῖχος
241 2497 391 2540 multis
430 2501 475 2540 in
514 2499 628 2541 locis
655 2504 846 2540 veterum
883 2511 966 2541 non
993 2499 1133 2542 solum
1172 2512 1337 2541 murum
1363 2499 1443 2540 sed
1475 2501 1520 2538 et

69 2551 300 2595 castellum
328 2554 577 2596 vertendam
605 2559 674 2596 est
691 2570 704 2595 .·
734 2553 953 2607 sz'ym’lt'cat
993 2557 1104 2597 enim
1135 2555 1277 2597 locum
1303 2556 1518 2595 munitum.

67 2606 132 2646 ita
159 2605 300 2659 ferme
329 2621 501 2663 semper
529 2609 646 2664 apud
664 2609 898 2663 Scylacem
929 2614 973 2651 et
1002 2609 1282 2653 Herodotum.
1341 2613 1411 2651 sic
1436 2610 1464 2649 l.
1491 2612 1515 2648 1

68 2673 102 2700 c·
119 2661 363 2707 &Sardes
393 2669 520 2707 vocat
548 2668 685 2717 τεῖχος
711 2664 794 2705 τῶν
811 2663 984 2718 Λυδῶν,
1016 2665 1088 2710 ubi
1121 2670 1265 2720 inepte
1294 2669 1513 2718 interpres
