1780 3132
296 143 390 191 492
830 149 1174 192 Wsssssstmffli

294 261 454 302 Prusias
483 261 582 302 enim
613 260 799 311 claudus,
826 273 937 313 quem
966 260 1122 300 Cierum
1162 268 1374 310 occupasse
1403 261 1442 297 et
1468 255 1696 299 Prusiadem

294 317 519 367 appellasse
545 317 726 354 Memnon
761 327 793 355 c.
816 320 888 355 ’29
932 313 1118 367 prodidit,
1142 311 1400 352 Hannibalem
1430 311 1598 362 hospitio
1627 323 1696 351 ex-

296 370 411 420 cepit.
468 369 508 408 id
537 370 572 407 si
600 369 714 417 nolis,
742 373 786 407 ut
814 382 889 420 ego
918 380 1014 407 sane
1042 378 1250 418 sprevero:
1288 376 1413 417 neque
1439 365 1539 404 enim
1562 363 1696 404 credi-

296 424 377 462 bile
402 426 462 461 est
478 422 747 474 geographum
762 423 940 463 Prusiam
960 422 1124 473 signare
1144 424 1182 459 et
1209 419 1259 459 ab
1282 418 1372 458 aliis
1399 419 1620 458 discernere
1648 430 1699 458 ex

294 477 401 516 hello
431 487 517 514 cum
547 475 718 527 ignobili
751 476 914 528 oppido,
949 479 988 515 et
1018 475 1120 527 quod
1163 474 1206 514 in
1232 472 1396 513 alterius
1423 471 1698 521 ditione-erat,

298 530 482 581 cuiusque
524 541 713 581 nusquam
753 534 963 580 praeterea
1001 528 1196 579 meminit,
1226 530 1353 579 gesto,
1380 525 1566 566 voluisse.
1620 525 1700 564 huc

297 584 399 622 adde
438 595 463 622 a
499 583 699 622 Strabone
745 584 922 623 Prusiam
966 582 1031 634 qui
1069 583 1172 622 bello
1207 580 1396 620 Croesum
1441 578 1698 631 oppugnavit,

297 636 542 687 apertissime
582 637 772 689 distingui
814 637 864 677 ab
892 649 938 675 eo
968 636 1108 676 Prusia
1147 634 1213 687 qui
1239 633 1498 674 Hannibalem
1526 631 1700 672 amicitia

298 692 525 742 complexus
554 694 638 740 est3
668 703 694 730 a
722 703 798 743 quo
827 691 1006 730 diversus
1033 702 1114 729 non
1139 689 1226 734 erit,
1267 688 1302 728 si
1329 687 1406 727 viri
1433 685 1539 726 docti
1567 685 1700 725 conie-

296 748 410 783 ctura
439 745 585 784 valeat.
640 749 683 784 at
711 745 810 784 nulli
838 756 957 796 reges
985 743 1163 792 Bithynis
1202 741 1340 782 Croesi
1362 742 1524 780 fuerunt
1550 743 1700 790 tempo-

296 809 361 837 re:
391 802 524 837 tacent
561 797 663 837 enim
704 798 925 838 Herodotus
955 801 995 836 et
1031 796 1263 848 Xenophon.
1310 806 1475 847 quorum
1502 793 1700 833 silentium

297 851 372 890 etsi
400 864 588 902 agnosco,
619 863 762 891 vereor
788 856 918 892 tamen
945 856 989 891 ut
1026 855 1134 891 recte
1160 850 1252 890 inde
1280 852 1448 901 cogatur
1476 848 1606 887 nullos
1632 845 1699 886 Bi-

298 906 462 954 thyniae
509 905 630 944 fuisse
655 910 734 945 tum
763 917 907 958 reges:
945 917 1034 945 nam
1061 917 1161 957 quae
1189 904 1370 943 Memnon
1401 914 1434 941 c.
1459 905 1511 941 21
1541 901 1591 941 de
1617 900 1700 948 ny-

296 959 410 998 dalso
451 963 491 998 et
518 959 655 1000 Botira
698 961 854 1008 refert,
911 971 959 999 ea
994 959 1088 999 mihi
1133 958 1183 997 ad
1222 955 1494 1008 Xenophontis
1531 957 1701 994 aetatem

296 1012 508 1052 escendere
549 1025 665 1065 posse
706 1013 914 1062 videntur;
955 1017 995 1052 et
1031 1024 1116 1051 cum
1153 1011 1300 1064 primos
1329 1009 1459 1061 gentis
1485 1019 1552 1047 eos
1583 1018 1702 1058 reges

299 1065 423 1105 fuisse
452 1079 530 1106 non
559 1071 730 1116 constet,
771 1068 863 1119 quid
892 1070 1002 1106 vetat
1043 1066 1142 1105 alios
1173 1065 1253 1104 illis
1282 1064 1436 1116 priores
1462 1061 1701 1102 admittere?

295 1125 415 1172 atque
442 1121 504 1160 his
541 1121 743 1160 firmandis
783 1120 1005 1172 Appianum
1033 1119 1251 1159 Mithridat.
1290 1131 1328 1169 p.
1347 1120 1426 1157 297
1453 1115 1702 1162 advocarem,
1745 1134 1747 1137 ·

294 1175 372 1215 nisi
410 1174 638 1225 ampliorem
677 1175 734 1225 is,
788 1175 838 1214 ab
880 1175 1017 1213 eodem
1054 1172 1249 1213 Palmerio
1290 1170 1464 1212 Exercit.
1501 1170 1633 1221 1215ss
1659 1169 1703 1208 in

295 1228 418 1267 aliam
449 1230 614 1268 formam
649 1232 840 1278 mutatus,
868 1240 1046 1279 campum
1074 1227 1306 1278 postularet.
1374 1224 1506 1276 itaque
1532 1221 1703 1275 praesti·-

297 1283 395 1322 terit
422 1282 691 1334 discrepantes
719 1282 835 1322 Plinii
865 1287 904 1320 et
920 1281 1131 1321 Strabonis
1158 1280 1207 1319 de
1231 1280 1382 1319 Prusae
1405 1275 1702 1329 initioopinio-

297 1348 370 1376 nes
401 1340 441 1375 et
465 1336 540 1375 sibi
567 1337 791 1376 contrarias
818 1336 942 1375 fuisse
972 1335 1161 1388 profiteri.

405 1414 498 1455 396.
526 1414 590 1449 10.
656 1407 908 1461 Καισάρεια]
951 1410 992 1449 in
1027 1410 1121 1450 Vita
1157 1408 1319 1448 Nicetae
1362 1403 1589 1458 Hegumeni‘
1615 1416 1648 1445 c.
1679 1407 1705 1443 1

297 1460 537 1514 Καισάρεια
567 1463 636 1514 τῆς
664 1462 879 1508 Βιθυνίας.
933 1464 1028 1503 urbs
1069 1463 1173 1502 haud
1201 1473 1348 1513 magna
1375 1463 1463 1501 erat
1487 1460 1528 1499 in
1554 1459 1706 1499 Prusae

301 1518 460 1557 vicinia.
524 1518 597 1557 nio
627 1516 931 1566 chrysostomus
955 1521 1056 1556 orat.
1080 1519 1132 1556 4⁷
1154 1529 1191 1567 p.
1207 1518 1309 1565 526,
1330 1518 1536 1566 postquam
1561 1513 1610 1551 de
1636 1511 1706 1551 Ni-

302 1572 612 1611 comediensibus
643 1576 684 1611 et
706 1571 891 1611 Nicaenis
921 1583 998 1610 non
1026 1571 1189 1610 multum
1205 1570 1329 1608 Prusa
1356 1566 1558 1606 disiunctis
1583 1564 1707 1605 dixis-

298 1630 374 1673 set,
403 1622 499 1669 τούς
532 1625 773 1675 Καισαρεῖς,
800 1624 937 1676 inquit,
965 1620 1133 1674 τούτοης
1163 1621 1335 1672 εὐγενεῖς
1363 1619 1438 1669 μὲν
1465 1615 1709 1668 α’νθρώπους

298 1678 371 1716 καί
401 1674 566 1729 σφόδρα
587 1673 804 1728 ’Έλληνας,
833 1674 934 1715 πολι)
969 1676 1014 1715 δὲ
1035 1675 1281 1726 μικροτέραν
1309 1673 1516 1718 οἰκοῦντας
1543 1669 1675 1710 πόλιν.

409 1751 519 1793 Ιῠὶά.
574 1748 865 1803 Ἀπολλωνιάς]
902 1752 1031 1791 scribe
1057 1749 1320 1789 Ἀπολλωνία.
1373 1747 1610 1799 intelligitur
1637 1746 1710 1786 hu-

304 1807 367 1846 ius
394 1806 561 1846 nominis
589 1806 684 1846 urbs
711 1806 762 1846 ad
777 1806 1045 1856 Rhyndacum,
1071 1817 1173 1857 quae
1200 1804 1242 1844 in
1269 1800 1404 1855 lapide
1429 1803 1567 1852 Lvnl,
1596 1812 1710 1853 quem

304 1861 484 1901 Praefat.
515 1859 694 1912 Append.
721 1859 968 1911 Inscription.
997 1859 1166 1899 Gudian.
1194 1858 1260 1898 Fr.
1287 1857 1486 1898 Hesselius
1513 1854 1710 1908 vulgavit,

299 1911 327 1962 ἦ
358 1912 685 1952 Ἀπολλωνιατῶν
722 1909 825 1962 πρὸς
861 1909 934 1951 τὸν
965 1908 1186 1951 Ῥυνδακὸν
1228 1906 1339 1956 πόλις
1381 1910 1536 1950 dicitur.
1608 1908 1711 1948 adde

299 1968 555 2008 Plutarchum
585 1968 624 2007 in
651 1967 816 2007 Lucullo
841 1980 879 2019 p.
898 1969 979 2007 498
1007 1970 1045 2006 et
1073 1967 1315 2019 Tournefort
1340 1964 1466 2016 Epist.
1485 1967 1539 2003 22
1563 1976 1602 2014 p.
1618 1965 1709 2002 192.

305 2027 367 2060 est
394 2022 434 2061 in
464 2022 628 2062 concilio
658 2020 917 2060 Constantino
948 2050 957 2060 .
990 2020 1107 2060 tertio
1133 2033 1169 2071 p.
1193 2023 1274 2058 502
1299 2018 1531 2058 Anastasius
1560 2016 1711 2067 episco-

302 2088 376 2127 pus
418 2073 692 2113 Θεοτοκιαναῖν
733 2071 888 2119 πόλεως
924 2070 1010 2125 η’τοι
1040 2067 1365 2116 Ἀπολλωνιάδος
1411 2070 1479 2119 τῆς
1519 2068 1713 2108 Βιθυνῶν

302 2129 516 2180 ἐπαρχίας,
546 2129 612 2181 qui
637 2130 839 2181 vulgatum
867 2128 984 2169 etiam
1008 2128 1050 2168 in
1074 2139 1147 2166 usu
1177 2126 1296 2167 fuisse
1323 2128 1503 2166 testatur.
1530 2123 1632 2164 adde
1644 2122 1713 2164 Ni-

301 2195 465 2222 caenum
494 2183 706 2222 secundum
734 2197 771 2234 p.
789 2185 883 2222 353.

411 2246 517 2289 lbid.
550 2251 614 2287 11.
670 2244 914 2294 Δασκύλιον]
941 2246 1134 2295 Dascylos
1162 2245 1294 2285 Melae
1319 2249 1342 2284 1
1372 2246 1436 2294 18,
1463 2243 1605 2282 ceteris
1627 2253 1714 2281 cum

301 2306 441 2341 nostro
472 2304 557 2341 fere
586 2301 931 2341 consentientibus.
998 2313 1023 2340 a
1048 2301 1220 2348 Dascyle
1257 2299 1403 2339 dictam
1426 2297 1565 2336 volunt
1592 2296 1712 2348 pleri-

301 2367 390 2407 que,
420 2368 445 2394 a
470 2356 547 2395 loci
575 2355 736 2407 ingenio
766 2356 816 2395 Is.
844 2354 1008 2395 Vossius
1040 2354 1091 2393 ad
1119 2354 1285 2403 Melam,
1329 2364 1442 2404 quem
1470 2351 1572 2390 vide.
1627 2351 1714 2389 Da·-

302 2410 441 2458 seylae
463 2415 625 2450 servata
652 2409 841 2449 memoria
867 2414 940 2459 est,
970 2408 1262 2447 utHolsteinius
1281 2404 1492 2454 admonuit,
1517 2404 1558 2444 in
1588 2404 1714 2455 epigr.

302 2463 525 2502 Alexandri
555 2464 712 2513 Aetoli,
738 2463 842 2515 quod
871 2463 993 2502 multo
1023 2462 1238 2501 correctius
1279 2472 1397 2513 quam
1424 2458 1530 2509 aupd
1555 2458 1714 2498 Plutar-

302 2517 419 2556 chum
458 2517 626 2568 legitur,
669 2517 891 2557 Salmasius
930 2516 971 2556 in
1002 2516 1180 2556 Solinum
1213 2528 1250 2566 p.
1266 2517 1347 2553 580
1385 2512 1580 2575 vulgavit.
1656 2510 1715 2570 sic

305 2571 410 2610 enim
438 2570 624 2610 Alcman:
655 2570 724 2607 καί
751 2567 931 2614 ΙΠούσας
961 2565 1086 2619 ἐδάην
1113 2566 1392 2617 Ἑλικωνίδας,
1419 2566 1462 2604 αἱ
1489 2577 1541 2613 με
1567 2576 1714 2612 τυραν-

307 2637 388 2663 νων
412 2623 547 2676 θῆκαν
572 2620 794 2664 Δασκύλεω
812 2622 981 2674 μείζονα
1009 2621 1080 2661 καὶ
1105 2617 1259 2673 Γύγεω.
1315 2621 1392 2661 etit
1419 2625 1549 2663 tamen
1565 2618 1715 2666 Dascy-
