1780 3132
252 199 324 239 DE
363 193 808 238 ADMlNiSTRANDO
849 192 1069 235 IMPERIO
1111 192 1225 235 CAP.
1267 193 1337 237 40.-
1363 192 1431 236 41.
1505 186 1596 231 175

162 297 366 351 τέσσαρας
396 292 525 347 υἱούς,
554 295 714 347 πρῶτον
740 291 813 334 τὸν
843 293 1122 346 Ταρκατζοῢν,
1144 289 1332 347 δεύτερον
1357 289 1430 332 τὸν
1460 291 1596 343 Ἰἑλεχ,

161 363 299 419 τρίτον
328 358 402 402 τὸν
424 356 663 413 Ἰουτοτζοῖν,
688 360 885 413 τέταρτον
923 357 995 399 τὸν
1023 356 1204 399 Ζαλτάν.

268 425 416 470 Ἰστέον
454 421 526 466 ὅτι>
560 424 582 464 ὃ
610 426 772 478 πρῶτος
809 422 902 472 υἱὸς
939 423 1014 464 τοῦ
1051 421 1238 478 Ἀρπαδὴ
1279 422 1301 464 ὅ
1334 419 1598 476 Ταρκατζούς

162 493 353 547 ἐποίησεν
380 489 473 532 υἱὸν
499 488 572 531 τὸν
593 490 762 543 Τεβέλη,
794 488 816 530 ὅ
838 491 884 531 δὲ
915 488 1105 543 δεύτερος
1133 488 1224 539 υἱὸς
1252 488 1275 529 ὅ
1302 489 1429 542 Ἰέλεχ
1458 488 1599 541 {nosq-

127 569 232 604 5σεν
259 555 353 600 υἱὸν
379 554 453 598 τὸν
476 552 655 608 Ἐζὲλεχ,
686 553 709 596 ὅ
740 556 787 596 δὲ
813 557 950 607 τρίτος
981 552 1073 603 υἱὸς
1104 551 1125 594 ὅ
1156 553 1379 606 Ἱουτοτζὰς
1409 555 1599 608 εἠοιήσεν

160 622 256 667 υἱὸν
283 622 354 665 τὸν
373 623 573 673 Φαλίτζιν
599 619 669 663 τὸν
696 623 792 663 νυνί
819 616 1018 676 ἄρχοντα,
1046 619 1068 661 ὅ
1098 621 1144 662 δὲ
1159 623 1350 675 τέταρτος
1376 617 1468 667 υἱὸς
1485 621 1598 660 Ζαλ-

159 688 237 739 τὰς
264 690 456 743 ἐποίησεν
482 686 576 729 υἱὸν
608 687 743 737 Ταξίν.

261 755 411 798 Ἰστέον
454 750 513 796 ὅτι
548 750 699 801 πάντες
727 752 766 793 οἱ
808 749 897 794 υἱοί
926 752 1003 792 τοῦ
1026 750 1217 806 Ἀρπαδᾶ
1248 750 1531 806 ἐτελεύτησαν,
1558 750 1595 791 οἱ

160 822 208 862 δὲ
233 818 388 875 ἔγγονοι
435 820 570 862 αὐτοῦ
603 815 626 859 ὅ
655 834 699 860 τε
728 820 871 872 Φαλῆς
909 818 980 858 καί
1012 819 1150 872 Τασῆς
1190 817 1260 859 καὶ
1305 816 1328 858 0‘
1374 815 1597 872 ἐξάδελφος

105 886 300 928 ῙΟαιῖτῶν
329 883 352 926 ὅ
387 883 511 936 Τάξις
541 886 677 936 ζῶσιν.

261 951 411 995 Ἰστέον
437 948 500 993 ὅτι
531 948 790 1005 ἐτελεύτησεν
818 948 840 991 ὅ
873 953 1072 1005 Τεβὲλης,
1102 949 1174 992 καί
1195 947 1306 992 ἔστιν
1346 945 1369 990 ὅ
1396 947 1487 998 υἱὸς
1518 949 1593 990 av'-

155 1017 233 1059 τοῦ
263 1014 286 1059 ὅ
309 1015 587 1072 Τερματζοὺς,
619 1013 640 1057 ὅ
671 1013 824 1071 ἀρτίως
853 1011 1052 1069 ἇνελθών,
1080 1017 1200 1072 φίλος
1226 1014 1333 1069 μετὰ
1361 1017 1437 1056 τοῦ
1455 1018 1591 1057 Βουλ-

106 1131 111 1136 A
155 1084 259 1134 τζοῦ
284 1083 361 1125 τοῦ
386 1083 523 1138 τρίτου
552 1077 748 1137 ἄρχοντος
775 1080 847 1123 καί
872 1083 1011 1137 καρχᾶ
1051 1082 1267 1136 Τουρκίας.

261 1148 409 1191 Ἰστέον
448 1144 511 1190 ὅτι
554 1145 575 1188 ὅ
602 1146 842 1198 Βουλτζούς
875 1146 896 1189 ὁ
926 1150 1086 1202 καρχᾶς
1121 1146 1211 1197 υἱός
1250 1149 1339 1190 ἐστι
1366 1148 1439 1188 τοῦ
1469 1145 1592 1199 Καλή

103 1220 145 1254 15
157 1215 231 1256 τοῦ
257 1216 412 1270 καρχᾶ,
439 1213 511 1255 καί
544 1210 605 1255 ὅτι
632 1212 677 1255 τὸ
708 1215 785 1265 μὲν
814 1210 938 1267 Καλή
967 1215 1080 1255 ἐστιν
1127 1208 1259 1266 ὄνομα
1286 1214 1443 1267 κύριον,
1471 1210 1516 1254 τὸ
1548 1213 1595 1253 δὲ

154 1281 317 1335 καρχᾶς
342 1281 457 1322 ἐστίν
483 1278 661 1332 ἀξίωμα,
694 1274 832 1333 ὥσπερ
856 1279 930 1320 καί
950 1277 994 1319 τὸ
1019 1280 1160 1332 γυλᾶς,
1195 1275 1219 1319 ὅ
1238 1279 1324 1321 ἔστι
1354 1279 1497 1331 μεῖζον
1521 1279 1595 1319 τοῦ

155 1347 308 1400 καρχᾶ.

609 1419 1006 1478 Κεφάλαιον
1054 1419 1139 1475 μα’.

557 1508 646 1552 περὶ
666 1506 726 1548 τῆς
746 1507 876 1553 χώρας
898 1506 957 1549 τῆς
984 1508 1192 1552 Μοραβίας.

96 1598 145 1634 20
262 1582 413 1627 Ἰστέον
437 1579 498 1625 δ’τι
530 1582 553 1623 ὅ
581 1584 811 1638 Μοραβιάς
839 1580 984 1638 ἅρχων
1013 1583 1035 1624 ὅ
1064 1582 1374 1640 Σφενὸοπλὸκος
1404 1584 1593 1638 ἀνδρεῖος

155 1650 227 1690 καί
252 1648 432 1704 φοβερὸς
473 1651 533 1698 εἷς
573 1648 624 1690 τὰ
656 1648 934 1704 πλησιάζοντα
972 1652 1088 1707 αὐτῷ
1123 1649 1222 1705 ἔθνη
1250 1651 1436 1704 γέγονεν·
1495 1649 1593 1703 ἔσχε

157 1714 204 1756 δὲ
235 1713 258 1755 ὅ
287 1712 417 1763 αὕτὸς
445 1713 756 1770 Σφενδοπλόκος
790 1720 901 1769 τρεῖς
939 1713 1083 1769 υἱούς,
1122 1715 1196 1757 καί
1219 1717 1417 1758 τελευτῶν
1446 1717 1595 1757 διεῖλεν

247 1829 272 1864 4
296 1831 469 1874 ἐποίησεν
491 1829 577 1868 υἱὸν
600 1826 665 1869 τὸν
684 1831 818 1877 Ἐζέλεχ
844 1832 913 1865 add
942 1833 966 1865 Β

155 1938 277 1972 nuisse
302 1943 488 1983 quattuor,
513 1950 665 1984 quorum
691 1939 824 1985 primus
853 1939 1068 1980 Tarcatzus,
1102 1939 1277 1973 secundus
1301 1940 1445 1981 helech,
1469 1941 1594 1973 tertius

154 1988 320 2025 latonas,
352 1991 500 2030 quartus
521 1986 654 2019 Zaltan.

247 2033 377 2065 Rursus
419 2031 559 2076 Arpade
598 2032 857 2077 primogenitus
892 2033 1082 2065 Tarcatzus
1121 2032 1232 2065 filium
1271 2031 1401 2065 habuit
1434 2032 1595 2075 Tebele,
1623 2034 1627 2039 '

153 2079 246 2112 alter
266 2078 384 2112 Ielech
408 2079 518 2111 filium
544 2080 668 2123 genuit
686 2079 845 2119 Ezelech,
871 2079 997 2112 tertius
1021 2080 1176 2111 lutotzas
1202 2079 1314 2111 filium
1333 2081 1489 2133 suscepit
1504 2080 1596 2114 Pha-

153 2126 278 2166 litzin,
322 2125 384 2171 qui
417 2136 512 2159 nunc
547 2126 785 2171 principatum
836 2131 955 2167 tenet3
995 2131 1138 2171 quartus
1168 2126 1282 2159 Zaltas
1317 2125 1431 2159 filium
1469 2126 1598 2160 habuit

152 2172 280 2206 Taxin.

245 2219 290 2251 Et
315 2227 436 2251 omnes
464 2216 610 2263 quidem
635 2217 776 2262 Arpade
809 2218 875 2251 filii
912 2218 1041 2251 mortui
1067 2222 1162 2258 sunt,
1182 2217 1431 2264 superstitibus
1455 2225 1595 2254 tantum

154 2275 274 2298 eorum
298 2264 491 2308 nepotibus
522 2264 629 2297 Phala
656 2270 692 2297 et
717 2265 807 2298 Tase
833 2276 911 2297 cum
939 2265 1095 2309 patrueli
1121 2276 1241 2298 eorum
1279 2265 1381 2298 Taxi-

241 2310 468 2356 Tebelesque
492 2311 647 2344 moriens
672 2312 784 2343 filium
809 2312 956 2356 reliquit
968 2311 1203 2350 '‚1'ermatzum
1226 2312 1289 2357 qui
1313 2324 1428 2358 nuper
1452 2314 1491 2346 in
1515 2324 1593 2358 gra-

153 2357 238 2390 tiam
263 2357 370 2390 rediit
392 2368 469 2390 cum
496 2358 620 2390 Bultzo
644 2358 752 2391 tertio
778 2358 938 2402 principe
962 2363 998 2391 et
1020 2357 1146 2391 carcha
1169 2359 1332 2392 Turciae.

247 2404 388 2437 Bultzus
415 2409 532 2437 autem
570 2403 629 2437 hic
653 2404 794 2437 carebas
831 2404 925 2436 filius
962 2410 1015 2437 est
1042 2404 1126 2438 Cale
1167 2405 1311 2448 carcha3
1344 2410 1470 2452 estque
1505 2405 1592 2438 Cale

152 2460 284 2484 nomen
317 2452 522 2495 proprium,
545 2462 625 2484 cum
656 2451 798 2484 carebas
822 2453 869 2484 sit
899 2450 1074 2496 dignitas,
1101 2451 1396 2497 quemadmodum
1422 2458 1458 2487 et
1481 2453 1591 2497 gylas,

153 2507 245 2542 quae
267 2502 386 2531 tamen
407 2497 520 2531 maior
543 2502 597 2531 est
621 2508 726 2543 quam
750 2497 902 2531 carchas.

578 2576 636 2610 41.
685 2577 729 2612 de
760 2578 959 2612 Moraviae
987 2578 1146 2624 regione.

242 2654 422 2688 Mon-aviae
448 2657 612 2702 princeps
635 2657 931 2702 Sphendoplocus
951 2657 1051 2690 fortis
1079 2657 1320 2703 terribilisque
1338 2658 1480 2704 populis
1505 2658 1588 2692 fini-

153 2700 247 2733 timis
274 2701 354 2742 suit,
383 2702 548 2748 filiosque
572 2703 699 2738 habuit
724 2710 805 2744 tres,
831 2709 866 2736 et
893 2704 975 2737 fatis
999 2704 1197 2737 concedens
1225 2706 1402 2749 regionem
1427 2717 1524 2738 suam
1551 2707 1589 2738 in

152 2751 222 2780 tres
237 2753 354 2794 partes
380 2748 513 2791 divisit,
539 2750 696 2796 filiisque
715 2750 860 2795 singulis
879 2762 975 2784 suam
995 2751 1195 2797 portionem
1214 2751 1374 2794 tradidit,
1399 2753 1587 2786 maximum
