1780 3132
267 119 362 167 534
800 124 1146 165 WESSELINGH

371 240 464 285 399,
492 240 531 277 2.
589 229 831 285 Νιλακώμη]
859 235 999 287 ignota
1025 234 1119 274 mihi
1147 235 1232 274 est:
1259 234 1526 287 cogitaveram
1552 233 1668 288 Nev'q

265 284 379 341 κώμη
394 322 404 341 ,
433 303 533 343 quae
560 290 600 328 in
620 289 745 329 Goari
758 289 906 328 Notitia
920 292 960 328 et
979 287 1128 328 Concil.
1146 287 1383 328 Chalcedon.
1410 301 1450 341 p.
1464 293 1546 330 6⁷6
1575 303 1669 331 con-

266 345 441 395 spicitur,
470 357 522 383 an
547 341 837 392 Πεντακωμία,
866 355 918 383 an
947 342 1079 392 Νεέλη
1105 341 1232 392 κώμη,
1263 341 1373 381 cuius
1390 343 1595 396 episcopus
1622 344 1667 385 in

265 399 399 437 eodem
432 401 492 436 est
521 396 707 445 concilio,
750 400 994 448 praestaret3
1035 397 1137 434 forte
1168 395 1365 447 posterior
1389 397 1556 448 suspicio
1586 410 1667 438 non

265 451 385 503 longe
413 464 439 490 a
468 462 563 489 vero
592 450 730 490 aberit.
786 450 826 489 id
849 450 1069 501 praeterire
1097 450 1203 499 nolo,
1230 449 1372 488 ibidem
1387 449 1571 491 loannem
1597 447 1668 488 πό-

266 505 363 550 λεως
381 496 528 554 ’Έρθης
553 505 659 544 inter
686 504 843 543 Arabas
869 515 1010 543 nomen
1036 503 1224 554 profiteri,
1249 506 1289 542 et
1308 503 1548 544 mansionem
1575 505 1665 545 ltin.

264 559 356 596 Aut.
394 570 431 608 p.
450 561 530 597 196
568 557 695 609 Aere,
740 557 847 607 sive,
884 561 928 597 ut
958 557 999 596 in
1037 557 1231 597 Vaticano
1274 569 1334 596 ms
1370 557 1537 609 legitur,
1587 557 1667 599 Ere

264 612 381 651 tueri·

369 672 477 715 Ibid.
523 668 673 723 '‘Adpa]
702 674 761 714 sic
788 678 828 714 et
851 675 1109 715 Ptolemaeus.
1138 673 1317 714 Tabulae
1342 673 1667 726 peutingerorum

267 728 432 768 Adraha
449 730 503 768 Μ.
534 729 577 767 Ρ.
599 731 652 768 24
673 729 877 780 aBostris,
905 729 1075 768 Eusebio
1102 729 1141 768 in
1174 728 1374 767 onomast.
1404 728 1552 776 Adara,
1582 740 1667 768 cum

264 783 313 822 de
340 783 438 821 urbe
466 782 611 822 Esdrai
641 782 712 820 καί
736 781 819 833 νῦν,
848 783 985 835 inquit,
1011 780 1124 820 ἐστίν
1141 774 1307 831 ’Ἀδαρα
1333 779 1448 827 πόλις
1475 779 1671 838 ἐπίσημος

263 836 335 886 τῆς
366 832 576 887 Ἀραβίας,
608 834 808 875 διεστῶσα
836 833 1032 885 Βόστρων
1065 836 1140 886 (sic
1190 834 1362 885 raestat)
1391 833 1572 886 σημείοις
1597 830 1670 873 κδ’.

266 890 386 928 vertit
413 890 693 939 Hieronymus:
735 901 844 929 nanc
876 893 1013 930 autem
1039 892 1107 929 est
1173 888 1282 929 dara
1308 890 1486 942 insi-qnia
1512 890 1668 930 civitas

267 940 455 985 Arabiae
483 945 528 983 in
554 945 754 984 vicesimo
784 947 936 998 quarto
969 942 1111 995 lapide
1138 954 1166 983 a
1192 940 1365 983 Bostra.

371 1015 479 1058 Ibid.
535 1015 632 1066 Ala]
663 1017 768 1055 Δίαν
795 1014 870 1067 τὴν
899 1013 1050 1068 ἔρημον
1075 1014 1188 1055 πόλιν
1209 1017 1383 1057 Isidorus
1409 1016 1451 1057 in
1471 1007 1565 1057 Vita
1588 1016 1670 1057 Da-

267 1071 404 1110 mascii
433 1071 536 1122 apud
564 1072 743 1111 Photium
778 1071 963 1111 Biblioth.
1000 1085 1038 1123 p.
1061 1075 1164 1112 1061
1197 1075 1339 1121 vocat,
1370 1071 1520 1111 addens
1545 1082 1670 1123 prope
1733 1098 1735 1102 -

267 1125 403 1164 urbem
431 1137 518 1164 esse
545 1138 744 1177 campum,
779 1125 821 1164 in
857 1138 933 1178 quo
972 1137 1076 1177 aqua
1109 1125 1242 1177 stygia
1281 1125 1467 1166 ebulliat:
1498 1125 1670 1165 fortasse

268 1190 366 1231 ergo
392 1179 467 1218 huc
491 1180 663 1230 pertinet
690 1179 933 1231 epigramma
967 1180 1070 1230 apud
1100 1179 1352 1230 Stephanum,
1380 1179 1482 1231 quod
1506 1178 1592 1241 ipse
1619 1178 1672 1218 ad

268 1232 381 1271 Dium
409 1232 577 1283 Syriae,
619 1233 654 1272 si
690 1238 820 1273 tamen
864 1233 947 1272 alia
974 1245 1023 1272 ac
1057 1237 1195 1272 nostra
1225 1237 1307 1280 est,
1350 1232 1568 1282 transtulit,
1595 1244 1671 1285 quo

267 1298 374 1338 aqua
402 1286 558 1325 niensis
587 1291 679 1338 potu
714 1287 867 1339 quidem
896 1286 1039 1337 dulcis,
1077 1286 1148 1326 sed
1178 1290 1217 1326 et
1260 1286 1465 1326 mortifera
1491 1286 1673 1338 perhibe-

268 1343 353 1379 tur:
383 1339 493 1387 νᾶμα
522 1335 567 1378 τὸ
598 1336 747 1390 Διηνόν
775 1337 970 1389 γλυκερὸν
995 1336 1140 1378 ποτόν·
1173 1333 1225 1378 ἄν
1252 1336 1295 1379 τὸ
1323 1338 1369 1378 δὲ
1397 1339 1502 1393 πίῃς,
1534 1337 1670 1391 παύσῃ

266 1393 342 1441 μὲν
369 1391 505 1444 δίψης,
534 1390 638 1430 εΰθὺ
671 1392 716 1431 δὲ
741 1392 812 1430 καί
834 1390 985 1442 βιότου.

373 1455 481 1498 Ιόἰά.
530 1454 771 1507 Ἑξακωμία]
801 1458 969 1497 habetur
997 1462 1036 1496 et
1063 1458 1103 1497 in
1127 1458 1205 1497 lac.
1235 1457 1358 1497 Goari
1386 1457 1545 1497 Notitia.
1600 1468 1672 1496 no-

270 1522 358 1550 men
385 1511 445 1550 illi
473 1523 499 1550 a
528 1523 601 1550 sex
629 1511 759 1564 pagis,
789 1516 833 1550 ut
861 1512 1146 1563 Pentacomiae,
1172 1523 1286 1564 quam
1315 1511 1451 1550 eadem
1478 1510 1671 1563 agnoscit,

268 1576 295 1604 a
320 1565 502 1617 quinque,
527 1564 649 1604 venit.

378 1638 486 1680 lbid.
542 1637 750 1689 Μήδαβα]
780 1639 947 1679 Medeba
982 1643 1042 1678 est
1077 1640 1120 1680 in
1149 1640 1329 1691 portione
1371 1641 1498 1680 tribus
1524 1639 1673 1680 Euhen.

270 1694 345 1732 los.
375 1706 408 1731 c.
440 1697 492 1732 13
519 1697 582 1732 16.
614 1694 787 1742 Cyrillus
812 1694 854 1732 in
881 1692 974 1733 Vita
1001 1692 1045 1733 S.
1073 1694 1205 1734 Sabae
1230 1707 1262 1733 c.
1282 1696 1356 1734 45:
1387 1689 1576 1744 Μήδαβα
1602 1689 1677 1730 πό-

271 1747 332 1790 λις
350 1745 440 1784 ἐστι’
464 1744 570 1796 πέρα
595 1746 669 1784 τοῦ
697 1744 908 1796 Ἰορδάνου
937 1746 1024 1784 κατ’
1046 1743 1257 1795 ἀνατολάς,
1285 1742 1364 1784 ὑπὸ
1381 1743 1453 1797 τήν
1478 1742 1677 1796 Ἀραβίαν

270 1798 456 1838 τελοῦσα.
512 1801 684 1840 meminit
705 1800 788 1839 eius
810 1800 1000 1840 Eusebius
1028 1802 1070 1840 in
1097 1797 1341 1851 Καριαθείμ
1369 1805 1409 1840 et
1434 1796 1581 1850 Ἰεσσά,
1610 1799 1677 1839 uhi

270 1866 343 1905 pm
371 1850 522 1902 μεταξύ
543 1851 778 1906 Μηδαμών,
806 1855 908 1907 quod
923 1855 1135 1895 Martianei
1161 1855 1279 1895 editio
1307 1856 1495 1908 praefert,
1523 1847 1675 1905 Μηδά-

269 1907 355 1955 βων
382 1909 465 1960 legi
491 1912 659 1961 oportet.

379 1981 488 2023 Ibid.
517 1987 556 2023 3.
611 1982 793 2034 Γέρασα]
824 1981 936 2028 πόλις
961 1981 1155 2031 ἐπίσημος
1181 1982 1251 2032 τῆς
1279 1981 1475 2033 Ἀραβίας
1506 1981 1677 2022 Eusebio

274 2037 473 2076 Onomast.
502 2036 544 2076 in
571 2035 610 2075 Γ
608 2034 785 2087 εργασεί,
812 2042 962 2077 semota
1000 2050 1025 2076 a
1052 2037 1171 2078 fluvio
1199 2037 1317 2076 laboc
1343 2038 1396 2076 Μ.
1425 2037 1468 2075 Ρ.
1499 2038 1525 2076 4
1541 2066 1552 2084 ,
1577 2039 1678 2074 teste

272 2089 510 2139 Hieronymo
538 2091 580 2130 in
606 2091 725 2131 laboc
762 2091 931 2130 eiusdem
960 2091 1135 2132 Eusebii.
1189 2091 1392 2143 episcopus
1423 2090 1507 2131 eius
1531 2090 1674 2130 Placus

273 2148 334 2182 est
361 2145 400 2183 in
427 2144 666 2184 Chalcedon.
696 2145 834 2184 concil.
862 2159 902 2197 p.
921 2147 1014 2184 675.

386 2208 491 2249 Ibid.
548 2208 782 2258 Μαιοῦδος]
809 2210 909 2250 nihil
936 2209 1030 2249 mihi
1066 2210 1115 2249 de
1150 2209 1226 2249 hac
1252 2210 1438 2250 innotuit:
1465 2211 1600 2261 posset
1625 2220 1676 2248 ex

272 2262 432 2301 Notitiis
463 2267 502 2301 et
530 2263 787 2303 conciliorum
814 2264 924 2303 Actis
959 2263 1041 2304 alia
1079 2276 1159 2303 non
1184 2276 1330 2316 magno
1356 2264 1554 2305 molimine
1580 2263 1675 2302 sub-

271 2315 393 2364 stitui,
421 2316 497 2355 nisi
524 2329 572 2357 ea
590 2329 656 2356 res
684 2319 930 2369 periculosae
956 2319 1074 2370 plena
1100 2319 1204 2357 foret
1231 2319 1356 2358 aleae.

379 2378 487 2420 Ibid.
548 2381 825 2434 Φιλαδελφιά]
856 2395 933 2422 non
961 2383 1043 2422 alia
1067 2386 1127 2421 est
1153 2394 1202 2422 ac
1229 2383 1543 2426 Rabbatamana,
1574 2392 1674 2433 quae

271 2445 297 2472 a
325 2433 548 2474 Ptolemaeo
576 2435 836 2489 Philadelpho
863 2449 966 2476 novo
992 2437 1140 2476 donata
1167 2441 1228 2475 est
1254 2436 1426 2476 nomine.
1482 2435 1673 2483 Hierony-

270 2498 354 2526 mus
385 2487 422 2526 in
452 2488 597 2527 Ezech.
627 2502 660 2527 c.
680 2492 760 2530 25:
786 2487 867 2540 fila
895 2487 1068 2531 Ammon
1093 2488 1298 2530 habebant
1325 2488 1573 2542 metropolin
1601 2499 1671 2527 no-

272 2542 379 2580 mine
411 2538 616 2588 Rabbath,
646 2555 752 2596 qaae
783 2543 905 2584 hodie
933 2556 960 2583 a
985 2556 1083 2596 reye
1114 2543 1292 2597 Aeyypti
1319 2542 1573 2593 Ptolemaeo,
1601 2553 1672 2581 co-

267 2599 485 2645 ynomemo
526 2594 805 2649 Philadelpho
822 2630 832 2648 ‚
873 2600 942 2651 qai
970 2595 1173 2639 Arabiam
1211 2600 1343 2639 tenuit
1369 2609 1463 2638 cum
1490 2595 1668 2644 Iudaea,
