1780 3132
255 140 311 179 lN
349 138 706 178 CONSTANTlNl
751 137 948 178 PORPH.
987 137 1059 176 DE
1096 136 1262 176 THEM.
1305 137 1350 175 L.
1375 137 1427 177 Π.
1478 132 1573 177 299

121 249 189 292 his
217 250 337 290 ctiam
382 252 602 292 assentitur
637 251 714 292 Dio
743 249 908 291 Cassius
937 250 965 291 l.
999 253 1050 291 41
1082 254 1119 301 1,
1150 249 1211 290 ita
1238 252 1372 289 tamen
1400 254 1445 289 ut
1475 250 1572 289 sub-

124 305 278 346 dubitet
307 319 399 345 num
428 307 507 347 duo
536 308 700 347 diversa
730 307 812 347 sint
841 306 1016 358 oppida3
1042 306 1147 359 quod
1177 305 1334 357 quidem
1362 304 1573 358 Appianus

124 361 428 401 Alexandrinus
465 362 585 403 Civil.
613 367 639 402 2
668 363 829 402 omnino
859 362 1059 411 affirmat,
1090 360 1275 413 inquiens
1304 360 1573 412 Epidamnum

121 416 284 468 paulum
311 422 507 457 remotum
528 430 553 458 a
570 418 686 466 mari,
705 415 1001 467 Dyrrhachium
1028 428 1127 455 vero
1146 427 1273 468 prope
1302 415 1431 468 ipsum
1459 428 1573 456 mare

121 470 414 524 Epidamnique
456 473 606 513 navale
636 485 746 522 esse3
788 471 979 524 additque
1024 471 1099 510 hoc
1139 472 1246 511 falso
1281 483 1307 510 a
1336 471 1574 523 quibusdam

121 525 387 577 Epidamnum
417 527 575 578 dictum,
606 533 749 579 postea
779 531 913 567 tamen
942 527 1000 566 sic
1019 525 1263 566 nominatum
1292 538 1318 566 a
1344 526 1573 576 Corcyren-

122 580 246 631 sibus,
275 582 381 634 quod
411 582 654 632 Dyrrhachii
682 594 826 623 nomen
847 582 1067 622 ominosum
1097 580 1343 630 haberetur3
1372 585 1574 621 vetustam

124 639 257 676 autem
285 637 597 689 appellationem
626 638 771 678 vicisse
803 642 843 677 et
861 636 1105 687 Dyrrhachii
1134 649 1278 676 nomen
1305 648 1482 677 manere.
1515 636 1574 676 sic

123 690 328 743 discrepat
359 705 386 732 a
413 693 558 733 ceteris
586 693 768 733 omnibus
791 693 1021 745 Appianus:
1051 692 1123 731 ille
1154 692 1300 744 quippe
1325 691 1573 741 Dyrrhachii

121 758 267 786 nomen
294 747 528 798 ominosum,
557 749 681 788 ceteri
709 748 923 800 Epidamni
952 747 1128 796 faciunt3
1170 747 1241 787 ille
1279 747 1453 787 nominis
1481 759 1572 786 mu-

120 800 314 841 tationem
355 801 696 852 Corcyrensibus‚
745 804 870 843 ceteri
910 802 1103 843 Romanis
1142 802 1390 842 adscribunt.
1448 813 1570 854 prac-

119 860 235 896 terea
260 857 557 906 Dyrrhachium
599 858 747 899 dictum
785 858 910 898 fuisse
950 857 1136 898 nonnulli
1168 857 1416 897 contendunt
1443 870 1469 897 a
1498 869 1572 896 no-

117 909 225 951 mine
252 911 362 952 illius
387 913 454 965 qui
482 913 573 953 urbi
612 919 770 966 portum
814 913 974 954 adiecit.
1031 913 1102 953 alii
1129 913 1193 962 Dy
1194 912 1396 953 srachium
1426 912 1572 965 appel-

116 965 267 1018 larunt,
297 970 342 1007 ut
373 967 609 1009 Alexander
634 969 675 1009 in
702 982 776 1010 sua
805 969 996 1020 Europae
1026 967 1299 1019 descriptione
1340 967 1448 1020 apud
1478 967 1572 1007 Ste-

116 1020 306 1072 phanum.
365 1023 601 1064 Eustathius
626 1024 721 1064 item
763 1025 806 1064 in
835 1023 1133 1063 commentariis
1174 1023 1228 1063 ad
1255 1022 1490 1072 Dionysium
1520 1022 1571 1062 de

117 1075 210 1116 Situ
237 1076 356 1117 orbis
385 1077 480 1118 inde
513 1079 684 1119 nominis
711 1079 1001 1142 etymologiam
1030 1077 1214 1118 deducit:
1249 1074 1295 1115 τὸ
1325 1076 1570 1126 Λυροιὶχιον

115 1129 238 1181 δηλοῖ
269 1129 316 1170 ἐκ
351 1132 430 1196 τῆς
466 1130 670 1198 τοιαύτης
700 1130 882 1186 κὶήσεως
919 1129 992 1184 τὴν
1031 1131 1107 1170 τοῦ
1144 1129 1272 1170 τόπου
1314 1128 1569 1197 τραζύτντα.

114 1182 350 1236 ὸυσράχιον
376 1183 455 1238 γάρ
489 1187 615 1239 ἐστιν,
647 1182 670 1226 δ’
694 1188 782 1227 ἐστι
809 1187 1047 1251 δυσέξοχον
1112 1187 1278 1250 τρέψαν
1305 1185 1352 1224 δὲ
1380 1183 1425 1224 τὸ
1455 1200 1479 1225 σ
1510 1185 1571 1232 εἰς

115 1253 139 1287 (ι
166 1237 454 1302 εὐφωνότερον
491 1245 680 1281 καλεῖται
718 1238 983 1307 Λυροάχιον,
1018 1237 1130 1280 καθα
1172 1241 1246 1280 καί
1272 1239 1319 1279 τὸ
1356 1237 1570 1293 Τυρσηνὸς

122 1291 344 1346 Tv9⁰²7²¹f5c·
402 1297 496 1337 vide
525 1311 628 1351 quae
654 1299 760 1339 hanc
787 1299 830 1339 in
857 1311 943 1338 rem
972 1298 1094 1338 habet
1116 1297 1220 1337 Dion
1246 1297 1419 1338 Nicaeus
1448 1297 1477 1336 1.
1500 1300 1567 1338 41.

114 1353 294 1391 ceterum
313 1351 546 1393 Holstenius
575 1354 616 1394 in
651 1354 759 1394 notis
804 1354 858 1394 ad
900 1352 1152 1405 Stephanum
1191 1352 1335 1392 laudat
1363 1352 1569 1392 collectio-

113 1417 205 1445 nem
234 1407 436 1448 nominum
463 1409 688 1462 geograph.
719 1421 771 1450 ex
809 1421 869 1448 ms
905 1367 1000 1448 codp
1024 1409 1141 1460 Vat.,
1182 1407 1251 1447 ubi
1281 1407 1339 1447 sic
1371 1407 1421 1446 de
1452 1407 1568 1447 huius

111 1460 284 1501 nominis
325 1464 595 1529 etymologia:
637 1459 883 1514 Λυοράχιον
928 1460 1050 1509 πόλις
1092 1461 1329 1527 καλουμένη
1370 1456 1571 1525 πρότερον

104 1511 368 1565 ἩΕπιδαμνος.
417 1516 659 1580 ω’νομάσθη
698 1517 744 1557 δὲ
784 1512 1055 1582 Λυοράχιον,
1095 1530 1161 1555 οτι
1203 1513 1311 1555 κατὰ
1343 1513 1418 1555 τὸν
1446 1513 1571 1555 τόπον

110 1567 371 1634 προεχούσης
409 1586 540 1624 ακρας
572 1569 785 1636 γεωλόφον
822 1569 866 1611 τὸ
895 1575 1010 1620 κῦμα
1038 1575 1299 1622 προσπῖπτον
1324 1568 1397 1609 καί
1426 1567 1571 1622 σχιζό-

107 1636 230 1672 μενον
259 1619 412 1694 ῥαχίαν
441 1631 556 1666 ποιεῖ
573 1624 779 1691 μεγάλην,
806 1621 908 1667 οθεν
935 1624 1003 1666 διὰ
1034 1641 1110 1679 την
1129 1624 1284 1680 ῥαχίαν
1299 1640 1368 1666 και
1389 1623 1433 1666 τὸ
1464 1624 1569 1665 δυ’σ-

114 1690 246 1732 ορμον
273 1677 409 1728 οὕτως
439 1681 682 1746 ω’νομάσθη.

219 1736 395 1787 56,17.
460 1734 566 1787 μετὰ
602 1737 647 1775 δὲ
677 1734 748 1776 τὸν
781 1732 1009 1786 Ῥιζόνικον
1045 1732 1229 1785 Λισσὸς]
1261 1737 1448 1777 Totidem
1475 1749 1570 1777 ver-

112 1787 175 1828 his
203 1788 305 1830 haec
334 1791 460 1832 habet
492 1791 643 1833 Strabo
675 1793 703 1832 l.
735 1795 775 1844 7,
819 1793 900 1833 ῐιὶ5ί
943 1792 1049 1856 quod
1090 1792 1147 1832 ibi
1188 1792 1343 1844 legitur
1379 1788 1482 1841 μετὰ
1523 1791 1569 1830 δὲ

108 1838 180 1880 τὸν
201 1841 429 1893 Ῥιζόνικον
458 1843 638 1895 κόὶπονς
679 1824 787 1900 quod
815 1848 976 1900 quidem
1002 1848 1044 1887 in
1079 1847 1348 1887 Constantino
1375 1848 1570 1887 subintel-

111 1898 271 1951 ligitur.
327 1901 435 1941 unde
474 1906 544 1942 aut
577 1877 678 1942 ha'ec
708 1903 935 1951 Philonem,
978 1914 1091 1955 quem
1123 1902 1189 1941 hic
1214 1902 1358 1942 laudat
1385 1902 1569 1955 Porphy-

109 1955 334 2007 regenitus,
364 1956 551 1997 hausisse
581 1969 632 1997 ex
655 1957 860 1998 Strabone
891 1934 1100 1997 dicendum
1132 1961 1206 2007 est,
1235 1962 1303 1997 aut
1324 1956 1568 1998 Strabonem
1629 2000 1632 2003 ,

110 2021 163 2049 ex
190 2010 371 2052 Philone.
430 2012 501 2052 sed
531 2013 619 2065 quis
663 2013 739 2052 iste
772 2013 887 2052 Philo
930 2013 983 2053 sit
1018 2017 1058 2052 et
1087 2024 1164 2065 quo
1193 2016 1373 2064 tempore
1404 2013 1568 2062 vixerit,

110 2076 193 2104 non
221 2065 361 2119 liquet,
391 2079 479 2107 cum
509 2069 651 2120 plures
679 2068 832 2108 fuerint
859 2068 1074 2110 Philones.
1112 2072 1157 2107 ut
1195 2072 1308 2119 patet
1339 2081 1392 2109 ex
1420 2068 1567 2109 Vossio

109 2118 160 2157 de
200 2119 402 2162 historicis
433 2123 616 2163 Graecis.
690 2127 729 2162 et
767 2123 832 2162 hic
865 2123 1024 2175 quidem
1065 2115 1261 2163 laudatur
1302 2136 1328 2163 a
1355 2122 1566 2176 Stephano

108 2174 224 2214 Philo
255 2174 299 2214 ὲν
325 2179 410 2222 τοῖς
431 2176 657 2229 Ἰατρικοῖς,
688 2179 865 2218 medicus
894 2179 965 2217 ille
993 2178 1183 2218 fortassis
1202 2179 1420 2218 Tarsensis
1449 2183 1567 2219 vetu-

109 2229 319 2278 missimus,
345 2233 412 2284 qui
444 2245 471 2273 a
504 2233 663 2273 Galeno
694 2234 855 2274 citatur.
915 2238 956 2273 et
984 2233 1084 2274 alibi
1112 2233 1264 2285 passim
1291 2234 1486 2274 laudatur
1514 2235 1566 2275 ab

107 2285 247 2324 eodem
291 2285 500 2339 Stephano
543 2288 660 2328 Philo
690 2288 881 2338 Byblius‚
922 2289 990 2341 qui
1029 2288 1202 2329 Traiani
1238 2293 1418 2341 tempore
1448 2289 1564 2330 vixit.

106 2339 178 2378 sed
210 2339 262 2379 de
291 2341 529 2383 Philonibus
558 2345 691 2395 plura,
721 2348 766 2383 ut
797 2344 895 2393 dixi,
924 2345 1110 2384 Vossius.
1169 2347 1346 2384 ceterum
1374 2345 1565 2398 quemad-

104 2395 264 2435 modum
309 2396 456 2437 dicitur
502 2398 724 2439 Corinthus
770 2403 810 2438 et
850 2399 1192 2447 Acrocorinthus‚
1236 2399 1298 2440 ita
1340 2400 1481 2440 Lissus
1527 2405 1567 2440 et

106 2449 366 2492 Acrolissus:
413 2453 560 2505 qnippe
613 2459 659 2494 ut
712 2453 911 2495 Corintho
965 2431 1410 2505 Acr0c01i11'thus‚sic
1446 2457 1564 2497 Lisso

103 2504 338 2601 ΑςτιίΙί55ιι5
366 2507 526 2548 adiacet
553 2509 596 2549 in
639 2509 728 2550 alta
769 2522 872 2562 rupe
903 2510 1130 2551 aedificata.
1200 2511 1301 2560 Poly
1303 2487 1392 2550 ’hius
1421 2511 1464 2552 id
1492 2512 1566 2551 do-

107 2564 172 2599 cet
254 2563 283 2601 8

211 2614 321 2657 Ibid.
356 2621 420 2658 19.
492 2615 543 2670 τῇ
570 2617 828 2672 χεορονὴσω]
866 2620 1132 2673 Epidamnum
1160 2622 1203 2663 in
1232 2621 1381 2662 isthmo
1411 2622 1562 2674 penin-

102 2670 216 2711 sulae
245 2672 454 2714 cuiusdam
488 2674 608 2715 sitnm
638 2675 755 2715 docet
797 2680 838 2716 et
866 2676 1135 2727 Thucydides.
1193 2682 1372 2718 ceterum
1402 2690 1454 2719 ex
1483 2677 1564 2717 hoc
