1780 3132
324 182 415 233 340
624 193 875 235 BANDURH
915 193 1405 235 ANmADvssRsioNsss

317 303 407 342 aliis
439 303 520 342 eius
547 303 797 343 satellitibus,
834 303 969 342 eadem
1000 305 1122 342 ferme
1149 302 1272 343 tradit
1302 307 1340 342 et
1364 305 1444 343 Leo
1473 305 1663 345 Ostiensis
1690 309 1711 346 1

315 360 380 406 28,
411 357 475 408 qui
501 368 597 395 sane
623 357 812 395 laudovici
850 358 1135 408 expeditionem
1175 358 1216 396 in
1258 370 1400 397 annum
1427 361 1506 398 866
1544 360 1712 408 coniicit,

315 409 524 461 Barimque
550 415 736 460 quattuor
765 411 878 449 annis
907 411 956 449 ab
990 423 1035 449 eo
1054 412 1251 449 obsessam
1279 411 1346 450 ait.
1401 416 1444 450 at
1458 412 1588 463 Lupus
1614 413 1712 452 Pro-

315 464 498 514 tospatha
539 470 578 501 et
604 463 827 511 Anonymus
868 463 1055 503 Bau-ensis
1093 464 1225 503 Barim
1266 476 1291 502 a
1317 464 1515 504 Ludovico
1556 470 1711 518 captam

314 517 435 555 fuisse
463 516 638 555 scribunt
662 516 726 555 die
753 521 780 556 3
805 518 947 556 mensis
968 518 1173 557 Februarii
1202 517 1294 557 anni
1319 521 1411 567 868,
1439 518 1522 558 Ind.
1553 522 1590 558 1.
1619 520 1711 559 hine

311 570 467 609 videtur
503 581 581 608 non
621 570 763 620 optime
797 583 1014 622 congruere
1050 583 1232 610 numerus
1270 573 1322 610 40
1360 583 1571 620 annorum,
1597 585 1711 624 quem

311 623 423 674 ponit
446 623 807 674 Porphyrogenitus
841 636 865 663 a
904 628 1020 675 capta
1061 637 1086 663 a
1122 624 1334 664 Saracenis
1368 625 1465 664 urbe
1504 623 1623 664 Bario
1659 626 1723 665 adv

310 677 412 716 diem
438 688 515 728 qua
543 689 593 716 ex
620 677 737 716 ltalia
763 677 867 729 pulsi
894 678 1004 716 fuere
1030 678 1146 717 iidem
1174 678 1366 718 Saraceni
1392 691 1418 718 a
1446 679 1645 718 Ludovico
1673 680 1711 718 11

309 730 558 782 imperatore,
585 730 764 770 Lotharii
790 731 1040 782 imperatoris
1065 731 1159 771 filio.
1216 735 1386 770 ceterum
1412 744 1552 772 nomen
1578 732 1709 772 Ludo-

310 784 388 823 vici
424 784 537 823 varie
581 797 605 823 a
638 784 802 823 Graecis
843 785 1099 834 scriptoribus
1127 785 1296 824 effertur.
1367 785 1708 838 Porphyrogenito

307 836 383 877 hoc
409 837 493 889 ipso
523 837 651 888 capite
691 837 832 876 dicitur
867 833 1084 887 Λοδόηχος
1113 843 1152 877 et
1184 834 1400 888 Δολόηχος,
1427 843 1466 877 et
1493 840 1542 878 de
1569 840 1705 879 Them.

306 893 333 930 2
360 894 410 930 11
449 890 688 940 Λοὸοὕχος;
727 891 829 942 quod
869 891 1022 942 quidem
1062 892 1216 931 scribae
1257 891 1413 931 inscitia
1449 892 1706 944 depravatum

307 956 394 984 esse
426 956 503 983 non
533 945 706 991 dubito„
735 944 775 983 in
802 944 869 984 avi
899 938 1037 984 Basilii
1076 946 1160 984 vita
1188 946 1312 984 eidem
1341 946 1527 985 scribitur
1557 945 1710 984 Λοδοΐ-

301 1009 387 1047 χος,
417 997 596 1088 Cegreno
622 1010 717 1037 vero
754 997 940 1047 Δολΐχος.
1015 1001 1058 1037 at
1081 998 1224 1051 ubique
1252 999 1459 1051 legendum
1491 997 1708 1050 Λοδόηχος

302 1052 367 1091 vel
398 1052 465 1090 Λο
496 1049 617 1100 οἵχος.

407 1119 500 1161 131,
528 1119 568 1156 8.
625 1111 662 1152 οἱ
690 1114 763 1153 τοῦ
792 1111 965 1165 κάστρου
992 1113 1207 1154 Ῥαουσίου
1247 1113 1465 1168 οἰκήτορες]
1491 1115 1588 1156 satis
1614 1116 1705 1157 illu·
1763 1162 1766 1166 .

300 1173 384 1210 stre
413 1175 472 1208 est
501 1171 573 1208 hoc
599 1169 930 1221 Porpbyrogeniti
963 1170 1223 1210 testimonium
1251 1171 1302 1210 ad
1329 1170 1438 1210 urbis
1466 1170 1705 1222 Ragusinae,

298 1224 453 1274 patriae
484 1236 618 1270 meae,
647 1224 917 1275 antiquitatem
954 1224 1307 1275 comprobandam:
1336 1224 1476 1277 quippe
1504 1236 1608 1263 nono
1636 1237 1703 1263 se-

298 1278 400 1326 culo,
425 1278 574 1317 Basilio
599 1278 816 1316 Macedone
844 1277 1074 1328 imperante,
1105 1277 1316 1317 Slavorum
1345 1278 1563 1329 principum
1590 1278 1703 1318 auxi-

297 1331 420 1370 liares
449 1331 583 1382 copias
612 1332 662 1370 ad
682 1331 839 1370 Barium
869 1331 1002 1369 urbem
1029 1332 1339 1382 recuperandam
1364 1331 1404 1370 in
1424 1331 1605 1383 Apuliam
1632 1344 1703 1371 no-

296 1389 442 1424 strates
473 1385 644 1436 propriis
685 1385 851 1423 navibus
887 1389 1232 1436 transportarunt,
1272 1389 1315 1424 ut
1343 1385 1704 1438 porphyrogenitus

294 1439 481 1487 adnotat;
510 1451 606 1490 quas
631 1438 902 1489 proculdubio
928 1450 1007 1477 non
1026 1439 1225 1478 habuisset
1241 1439 1446 1491 Ragusina
1475 1439 1569 1478 urbs
1597 1451 1703 1479 nono

295 1493 440 1542 seculo,
467 1492 542 1530 nisi
570 1492 645 1530 iam
676 1492 725 1531 ab
756 1492 905 1543 aliquot
934 1493 1075 1531 seculis
1106 1493 1275 1532 fundata
1306 1497 1410 1531 esset
1435 1497 1471 1532 et
1500 1497 1592 1531 tuuc
1619 1505 1703 1532 ma-

294 1558 375 1596 gna
406 1550 508 1584 esset
535 1559 582 1584 ac
609 1544 898 1595 florentissima,
926 1545 1155 1596 metropolis
1192 1546 1311 1585 totius
1337 1546 1539 1586 Romanae
1569 1546 1702 1598 gentis

294 1611 396 1650 quae
435 1599 475 1638 in
511 1599 710 1638 Dalmatia
736 1604 844 1648 erat,
884 1601 927 1638 ut
963 1599 1068 1638 infra
1108 1611 1159 1638 ex
1197 1600 1331 1639 eodem
1361 1599 1702 1651 Porphyrogenito

294 1654 477 1692 dicemus.
534 1653 727 1704 originem
758 1657 885 1691 autem
923 1664 971 1691 ac
998 1665 1251 1704 progressum
1278 1653 1510 1706 Ragusinae
1546 1653 1606 1693 rei
1632 1666 1704 1704 pu-

294 1706 434 1757 blicae,
464 1710 503 1745 et
531 1707 686 1758 quando
715 1706 885 1744 maxime
911 1705 1089 1745 floruerit
1123 1707 1162 1745 in
1197 1719 1242 1745 re
1272 1707 1409 1746 navali
1435 1707 1704 1759 subsequenti-

292 1760 364 1798 bus
391 1760 557 1806 seculis,
593 1760 711 1798 facile
740 1760 932 1811 quispiam
971 1761 1196 1812 intelligere
1226 1761 1371 1812 poterit
1397 1772 1447 1800 ex
1474 1761 1702 1812 compendio

290 1812 503 1853 Annalium
533 1813 844 1864 Ragusinorum‚
884 1813 988 1852 edito
1030 1814 1080 1852 ab
1121 1814 1386 1853 illustrissimo
1426 1815 1504 1854 Iac.
1535 1814 1702 1854 Luccari

292 1867 460 1918 patricio
474 1868 690 1917 Ragusino,
718 1867 856 1906 Italico
884 1867 1080 1915 idiomate,
1099 1868 1274 1907 Venetiis
1295 1869 1411 1917 1605,
1439 1871 1478 1906 et
1503 1879 1554 1907 ex
1582 1878 1703 1919 opere

292 1921 424 1960 Mauri
441 1916 577 1960 Orbini
598 1920 803 1971 Ragusini‚
830 1921 984 1959 abbatis
1000 1921 1229 1966 Melitensis,
1259 1922 1319 1960 cui
1343 1921 1479 1960 titulus
1498 1919 1541 1961 Il
1560 1918 1703 1973 Reyno

292 1974 403 2026 deyli
425 1973 560 2022 Slavz',
582 1975 686 2013 edito
705 1974 858 2012 Pisauri
881 1978 982 2013 1601
1001 1988 1011 2021 ;
1045 1975 1148 2013 unde
1168 1975 1275 2014 vires
1293 1975 1512 2014 maritimae
1529 1975 1701 2026 Ragusi-

294 2041 370 2068 nae
399 2029 456 2068 rei
486 2028 670 2080 publicae
696 2028 833 2079 quales
849 2028 995 2067 suerint
1018 2031 1099 2067 tum
1123 2040 1207 2067 cum
1236 2029 1334 2068 haec
1361 2029 1563 2078 scriberet,
1591 2028 1704 2068 nimi-

290 2095 376 2121 rum
403 2082 515 2121 initio
546 2082 684 2121 decimi
709 2081 862 2132 septimi
889 2082 1034 2130 seculi,
1074 2094 1237 2120 avorum
1265 2086 1488 2120 nostrorum
1515 2086 1702 2133 tempore,

290 2136 410 2174 facile
441 2135 627 2187 cognosci
656 2139 832 2186 possunt.
888 2147 1023 2173 earum
1051 2138 1179 2174 autem
1210 2136 1367 2174 navium
1392 2135 1699 2187 Ragusinarurn,

291 2190 432 2240 quibus
460 2190 510 2229 ab
539 2202 643 2228 anno
676 2189 823 2228 Christi
853 2191 959 2227 1584
987 2188 1036 2227 ad
1063 2201 1206 2228 annum
1237 2192 1342 2228 1654
1379 2189 1501 2228 veluti
1530 2190 1700 2229 auxilia-

291 2243 400 2281 ribus
432 2255 551 2295 reges
579 2243 859 2294 Hispaniarum
893 2242 955 2280 usi
981 2243 1115 2291 fuere,
1162 2243 1371 2294 catalogus
1409 2243 1536 2281 editus
1567 2247 1628 2282 est
1657 2243 1699 2282 in

291 2307 411 2347 opere
441 2298 503 2335 cui
542 2296 699 2336 titulus:
740 2293 807 2335 Le
838 2294 976 2347 ylorie
1001 2295 1155 2334 eadute
1194 2295 1294 2336 dell'
1322 2295 1617 2336 antichissima
1646 2296 1700 2336 ed

293 2352 598 2401 augustissima
624 2348 821 2401 famiylz‘a
851 2346 1071 2388 Comnena.
1101 2348 1146 2398 ἢ)

398 2413 505 2454 Ibid.
535 2418 599 2454 10.
656 2410 843 2462 Βάρεως]
874 2413 975 2465 quod
1007 2413 1064 2452 ait
1088 2413 1152 2451 hic
1178 2412 1545 2464 Porphyrogenitus
1567 2413 1700 2454 Barim

290 2471 491 2519 totamque
519 2468 719 2520 regionem
759 2479 807 2507 ac
834 2464 1022 2518 praedam
1061 2467 1286 2505 universam
1323 2466 1397 2505 sibi
1422 2467 1606 2506 habuisse
1629 2468 1700 2507 im-

291 2526 514 2573 peratorem
541 2522 783 2568 Romanum,
820 2520 1037 2561 Soldauum
1072 2532 1168 2560 vero
1198 2532 1282 2560 cum
1317 2521 1459 2560 ceteris
1487 2520 1700 2562 Saracenis

384 2670 418 2713 ³¹²)
447 2670 610 2713 apposuit
634 2679 711 2701 enm
738 2670 932 2712 catalogum
957 2668 1147 2702 Bandurins
1170 2680 1203 2712 p.
1230 2669 1364 2702 70-76
1397 2671 1421 2701 1.
1449 2670 1482 2701 B.
