1780 3132
60 472 150 520 EX
183 467 507 520 BANDURII
536 465 624 514 DE
654 463 942 512 IMPERIO
976 461 1110 512 SUO
1144 460 1517 514 ORIENTALI

541 554 1033 605 PRAEFATIONE.

170 673 294 718 Prima
311 679 436 729 parte,
467 671 506 713 in
529 685 600 727 qua
625 669 672 711 de
698 669 878 711 divisione
903 670 1173 724 provinciarum
1197 670 1343 726 imperii
1367 669 1521 713 Romani

60 747 100 789 in
133 745 315 794 themata,
354 757 494 785 necnon
532 742 579 783 de
614 740 813 797 provinciis
838 756 881 780 ac
906 739 1053 781 urbibus
1086 741 1299 795 imperatori
1326 743 1520 798 Cpolitano

59 816 149 857 olim
183 815 375 864 subiectis,
414 814 616 855 continetur
654 811 876 853 Constantini
908 810 1215 867 porphyrogeniti
1240 813 1336 854 liber
1360 828 1448 854 unus
1473 812 1521 853 de

58 885 275 927 thematibus
299 884 462 927 Orientis
488 891 525 925 et
548 883 642 925 alter
666 883 713 924 de
737 882 957 924 thematibus
983 882 1215 932 Occidentis,
1259 898 1401 924 necnon
1433 883 1520 924 Hie-

57 956 170 999 roclis
200 955 428 1012 grammatici
457 954 717 1012 SynecdemuS.
788 953 846 995 his
872 962 990 994 autem
1015 953 1155 995 duobus
1179 954 1283 995 libris
1311 953 1521 1011 Porphyre-

57 1028 203 1084 genitus
240 1027 290 1068 ita
326 1026 488 1067 themata
523 1023 697 1067 describit
739 1023 855 1077 (olim
885 1026 1020 1080 quippe
1045 1025 1152 1078 θὲμα
1178 1025 1274 1066 idem
1300 1025 1395 1081 quod
1419 1025 1522 1080 legio

58 1097 265 1146 dicebam
294 1097 428 1139 deinde
457 1095 612 1150 θέματα
641 1094 849 1151 appellatae
874 1096 1106 1149 provinciae,
1138 1097 1175 1137 in
1200 1096 1328 1152 quibus
1352 1095 1523 1150 legiones

58 1169 97 1218 in
120 1167 318 1225 praesidiis
341 1167 486 1209 locatae
512 1167 642 1218 erant)
667 1174 703 1207 ut
727 1173 846 1206 terras
870 1165 906 1206 in
932 1166 1058 1221 quibus
1083 1166 1203 1208 locata
1221 1167 1382 1213 fuerunt,
1411 1165 1522 1207 adeo·

58 1253 130 1296 que
163 1238 319 1295 populos
350 1238 478 1293 quibus
503 1237 635 1292 partim
660 1237 880 1292 cognomina
904 1252 970 1278 sua
996 1237 1218 1287 debuerunt,
1263 1237 1408 1278 insertis
1432 1237 1522 1278 anti-

56 1308 251 1364 quitatibus
301 1307 641 1362 narrationibusque
691 1309 804 1350 variis
856 1315 1127 1349 commemoret.
1204 1309 1302 1350 liber
1343 1309 1448 1363 prior
1485 1309 1524 1350 in

57 1377 214 1420 Oriente
251 1379 277 1420 i.
312 1393 346 1421 e.
387 1379 425 1420 in
461 1378 553 1418 Asia
590 1392 670 1419 cum
701 1378 836 1420 minori
862 1386 936 1420 tum
960 1379 1069 1420 etiam
1092 1379 1244 1428 maiori,
1276 1380 1461 1435 posterior
1486 1379 1526 1421 in

57 1448 259 1491 Occidente
283 1451 309 1492 i.
337 1463 372 1490 e.
398 1449 437 1490 in
460 1449 632 1504 Europae
656 1449 875 1505 provinciiS,
918 1449 1082 1491 Thracia
1114 1450 1336 1492 Macedonia
1368 1450 1526 1492 Hellade

56 1519 312 1577 Peloponneso
338 1527 374 1562 et
397 1519 575 1561 nonnullis
600 1520 682 1562 aliis
708 1521 864 1576 imperio
891 1519 1084 1576 Cpolitano
1108 1520 1280 1562 subiectis
1306 1520 1418 1571 locis,
1444 1521 1527 1562 the·

57 1599 155 1634 mata
191 1591 452 1648 complectitur.
528 1591 659 1633 horum
689 1592 851 1647 priorem
881 1591 1076 1634 Vulcanius
1105 1593 1242 1648 primus
1271 1593 1407 1649 publici
1438 1593 1527 1635 iuris

56 1662 146 1704 fecit
183 1677 231 1705 ex
267 1677 334 1704 sua
367 1662 613 1713 bibliotheca,
644 1663 774 1705 Latina
798 1663 970 1704 versione
1001 1671 1037 1704 et
1065 1664 1161 1705 notis
1188 1663 1420 1706 brevioribus
1446 1663 1524 1704 illu-

57 1741 216 1784 stratum,
239 1733 408 1789 Lugduni
426 1734 656 1783 Batavorum,
680 1749 749 1790 per
766 1734 999 1775 Franciscum
1019 1734 1323 1792 Raphelengium,
1350 1749 1384 1776 a.
1404 1737 1525 1784 1588,

58 1806 97 1847 in
121 1807 160 1848 8.
218 1805 346 1847 iterum
370 1805 505 1860 prodiit
530 1806 629 1847 idem
653 1805 750 1848 liber
775 1821 855 1847 cum
881 1806 994 1847 variis
1019 1805 1235 1847 lectionibus
1265 1804 1525 1847 emendationi·

56 1875 126 1918 bus
154 1890 200 1916 ac
227 1874 487 1930 supplementis
516 1890 564 1917 ex
592 1891 646 1916 ms
671 1877 800 1918 codice
825 1877 968 1932 Regio,
999 1876 1117 1917 studio
1141 1891 1186 1918 ac
1209 1890 1326 1931 opera
1350 1875 1528 1917 Federici

57 1945 230 1995 Mol-elli,
270 1946 309 1987 in
345 1946 518 2000 operibus
552 1946 777 1988 Constantini
803 1946 910 1987 editis
934 1947 1093 1995 ibidem,
1133 1961 1182 1988 ex
1210 1946 1356 1987 officina
1379 1946 1526 1987 Elzevi-

58 2019 188 2067 riana,
219 2031 254 2058 a.
284 2019 413 2066 1617,
444 2017 481 2058 in
506 2020 544 2059 8.
603 2017 758 2060 alterum
787 2033 877 2060 vero
902 2016 1214 2074 Porphbrogeniti
1238 2017 1391 2068 librum,
1421 2018 1526 2059 nimi-

58 2104 139 2132 rum
176 2088 224 2130 de
260 2087 478 2129 thematibus
507 2087 738 2139 Occidentis,
770 2089 868 2131 idem
892 2087 1070 2130 Metellus
1093 2089 1229 2143 primus
1256 2088 1369 2130 edidit
1394 2103 1442 2130 ex
1467 2104 1527 2130 co·
1600 2114 1604 2119 ·

60 2160 144 2202 dice
166 2175 221 2203 ms
243 2158 494 2201 bibliothecae
518 2161 663 2216 Regiae
688 2175 768 2202 cum
792 2160 923 2201 Latina
948 2159 1252 2214 interpretatione
1277 2173 1322 2199 ac
1346 2159 1459 2208 notis,
1492 2160 1529 2200 in

59 2229 234 2286 operibus
273 2228 516 2280 Constantini,
560 2231 706 2273 laudato
738 2231 821 2272 loco
846 2231 909 2284 ²³²).
967 2229 1062 2271 hunc
1086 2238 1206 2272 autem
1229 2237 1415 2286 utrumque
1440 2230 1530 2270 Por-

59 2300 298 2358 phyrogeniti
322 2300 466 2350 librum,
493 2302 540 2342 ad
564 2302 812 2343 illustrandam
838 2316 916 2343 rem
941 2301 1175 2358 Byzantinam
1199 2301 1527 2357 pernecessarium,

60 2371 232 2414 collatum
255 2386 336 2412 cum
359 2372 487 2414 codice
511 2388 566 2413 ms
590 2374 712 2429 Regio
737 2372 957 2430 bomb3*cino
981 2387 1017 2414 n.
1040 2373 1172 2422 2431,
1203 2381 1287 2414 ante
1313 2372 1531 2428 quingentos

61 2434 185 2483 annos
216 2442 363 2485 circiter
399 2444 558 2499 scripto,
608 2444 670 2485 hic
708 2459 787 2484 cum
825 2454 950 2485 nostra
986 2443 1119 2484 Latina
1157 2443 1460 2499 interpretatione
1494 2450 1531 2484 et

61 2511 438 2554 animadversionibus
463 2512 690 2553 emendatum
716 2527 760 2553 ac
784 2512 996 2556 illustratum
1021 2514 1151 2556 iterum
1171 2514 1419 2569 proponimuS‚
1451 2526 1533 2568 spe-

63 2591 188 2627 rantes
214 2582 300 2624 inde
325 2582 461 2638 aliquid
485 2581 575 2624 lucis
600 2591 637 2625 et
662 2583 848 2626 historicis
873 2592 910 2626 et
935 2584 1167 2643 geographis
1192 2598 1432 2626 accessurum.

151 2753 195 2798 ¹⁸)
242 2753 415 2788 Themata
437 2756 584 2799 utraque
609 2764 699 2788 nunc
723 2755 767 2790 ad
791 2756 868 2792 cod.
890 2755 1005 2792 Paris.
1023 2756 1113 2802 Reg.
1129 2755 1199 2792 854
1218 2755 1298 2801 (fol.
1320 2755 1529 2800 105—120)

61 2813 209 2850 contulit
229 2814 415 2851 Eduardus
438 2813 590 2851 Simson.
635 2815 666 2850 Ι.
690 2815 733 2850 Β.
