1780 3132
273 151 364 192 518
798 156 1146 196 WESSELlNGll

266 261 419 308 πόλεως
444 265 515 314 τῆς
551 261 747 313 ’[σαύρων
782 263 985 314 ἐπαρχίας
1023 266 1283 306 subscribunt·
1338 267 1508 308 Basilius
1535 269 1672 310 mirac.

264 318 308 358 S.
340 318 477 357 Thecl.
507 322 534 356 2
566 321 617 356 18
657 313 728 367 τήν
769 318 861 355 καθ’
899 317 1008 369 ἡμᾶς
1036 317 1346 372 Εἰρηνούπολιν,
1385 327 1428 362 ut
1456 335 1482 363 a
1509 323 1673 364 Ciliciae

265 373 363 412 urbe
390 372 626 422 distinguat,
655 377 867 423 nuncupat.

371 440 474 484 397,
501 440 566 475 23.
636 435 938 489 Φιλαδέλφεια]
986 442 1046 477 cst
1082 438 1121 477 in
1157 439 1380 478 Ptolemaeo
1427 440 1468 478 et
1507 442 1672 481 coneilio

265 490 504 530 Chalcedon.
544 503 580 541 p.
597 493 690 530 659.
758 497 981 542 sequentem
1027 493 1164 544 legere
1203 505 1282 532 non
1323 493 1491 533 memini.
1555 494 1674 535 habet

264 544 491 595 Stephanus
519 544 699 584 Isauriae
725 545 862 584 urbem
888 543 1085 595 Μονόβας
1126 558 1178 586 ex
1219 545 1432 598 Capitone,
1462 558 1578 600 quam
1602 561 1671 589 no·-

262 602 387 638 stram
414 609 502 636 esse
523 610 603 638 non
625 598 806 638 finivero.

368 660 476 702 Ibid.
505 665 571 703 24.
637 657 851 712 Δαρασὸς]
887 665 983 713 puto
1011 660 1197 702 Carolum
1234 672 1256 700 a
1289 662 1332 704 S.
1359 665 1499 705 Paullo
1527 662 1673 715 Ἀδρα-

262 713 335 753 σόν
361 720 469 755 recte
496 717 731 756 correxisse.
762 716 988 767 Stephanus
1024 711 1179 760 πόλεως
1203 713 1421 767 Ἀδρασοῦ
1447 717 1516 768 τῆς
1545 714 1674 758 ’Ioud-

261 782 345 817 ρων
376 769 592 818 ἐπαρχίας.
621 783 706 810 eam
735 771 885 819 urbem,
913 770 1018 808 male
1045 769 1087 808 in
1105 770 1363 824 Geographia
1378 772 1421 813 S.
1440 773 1674 826 neglectam,

261 823 427 876 requirit
456 824 606 863 Concil.
635 824 937 874 Constantinop.
966 827 1058 863 tert.
1089 837 1126 874 p.
1144 828 1237 865 6⁷1.

261 941 338 981 0ᾱο
361 887 500 994 {high
532 887 680 939 Ζεὲδη]
712 885 842 940 Σβίδη
871 888 962 928 aliis
975 888 1147 938 Notitiis‚
1176 884 1282 939 131'622
1301 887 1540 930 Chalcedon.
1570 887 1676 938 Syn-

366 1005 474 1047 Iln'd.
531 1003 759 1059 Νεάπολις]
799 1007 848 1046 de
876 1006 952 1046 hac
982 1007 1077 1046 nihil
1105 1007 1269 1059 dixero,
1296 1007 1374 1048 nisi
1401 1005 1565 1048 Suidam
1591 1007 1676 1047 eius

258 1061 373 1101 nobis
397 1062 625 1101 memoriam
651 1073 835 1101 servasse
857 1062 898 1101 in
918 1055 1113 1105 Ἴνδακος.

367 1129 475 1171 Ιῠὶᾱ.
532 1128 774 1178 Λαύζαδος]
810 1131 867 1171 ita
910 1131 1192 1171 Constantinus
1234 1132 1265 1170 1.
1296 1135 1319 1170 1
1346 1131 1484 1171 Them.
1517 1133 1582 1181 13,
1610 1130 1675 1170 ubi
1726 1117 1729 1120 .

260 1197 346 1225 eam
374 1185 413 1224 in
446 1185 625 1225 Isauriae
649 1185 950 1225 mediterraneis
980 1186 1102 1225 fuisse
1130 1186 1326 1226 adfirmat.

365 1253 474 1296 Ibid.
501 1257 566 1295 25.
634 1251 716 1292 ὑπὸ
745 1251 1054 1305 κονσουλάριον]
1099 1256 1293 1307 inscripta
1323 1258 1384 1294 est
1409 1255 1465 1294 lo.
1497 1252 1675 1302 Chryso-

261 1309 379 1349 stomi
405 1309 519 1361 epist.
551 1313 632 1349 139
659 1310 872 1349 Theodoro
898 1308 967 1360 τῆς
997 1306 1151 1358 Συρίας
1180 1308 1467 1364 κονσομλαρίῳ.
1522 1309 1613 1349 vide
1641 1312 1681 1347 ct

261 1365 342 1404 lac.
373 1363 661 1403 Gothofre'dum
687 1364 728 1403 in
759 1365 787 1403 l.
819 1368 870 1403 11
899 1376 932 1403 c.
964 1364 1039 1403 Th.
1069 1364 1119 1402 de
1147 1363 1354 1403 Cohortal.

371 1432 478 1474 lbz‘d.
510 1438 575 1474 26.
625 1427 888 1482 Ἀντιόχεια]
929 1433 1070 1473 Coeles
1106 1434 1250 1482 Syriae
1286 1433 1522 1485 metropolin
1551 1445 1678 1484 agno-

262 1492 377 1527 scunt
405 1500 554 1528 omnes.
610 1488 701 1528 vide
716 1488 997 1539 Spanhemium
1023 1487 1189 1527 Dissert.
1215 1492 1244 1527 9
1271 1488 1320 1526 de
1350 1488 1431 1526 Usu
1457 1491 1496 1526 et
1523 1486 1674 1526 Praest.

263 1543 377 1581 Num.
410 1556 448 1594 p.
469 1544 566 1582 586.
621 1543 713 1581 hinc
737 1542 918 1594 Eunapio
946 1542 986 1581 in
1017 1541 1184 1581 Libanio
1213 1536 1236 1591 ἦ
1265 1539 1337 1591 τῆς
1365 1538 1501 1590 κοίλης
1526 1541 1675 1576 καλου-

262 1596 386 1645 μένης
413 1595 569 1644 Συρίας
597 1592 739 1646 πρώτη
766 1592 938 1633 πόλεων.
994 1607 1110 1648 quam
1141 1596 1202 1634 illi
1228 1595 1462 1647 dignitatem
1489 1593 1677 1633 Theodo-

264 1650 400 1689 dosius
428 1651 574 1701 primus
602 1650 653 1689 ob
677 1653 822 1689 motam
849 1650 1094 1699 seditionem,
1122 1661 1285 1700 prorsus
1312 1653 1356 1688 ut
1382 1648 1475 1687 olim
1504 1647 1678 1687 Severus
1707 1667 1710 1669 -

264 1706 494 1756 imperator,
527 1704 691 1743 abstulit
727 1708 767 1742 et
793 1704 1016 1744 Laodiceae
1043 1702 1339 1754 transscripsit,
1365 1707 1467 1742 teste
1497 1701 1682 1741 Theodo-

264 1764 352 1798 reto
378 1759 426 1797 Η.
454 1759 500 1798 Ε.
530 1760 558 1797 5
583 1762 648 1808 20,
678 1758 741 1797 cui
771 1758 974 1811 egregiam
1001 1759 1056 1797 lo.
1094 1757 1398 1806 Chrysostomus
1424 1756 1595 1796 Humilia
1624 1758 1676 1795 17

265 1814 318 1853 ad
345 1813 579 1852 Antiochen.
607 1826 645 1865 p.
665 1814 745 1851 175
773 1813 864 1851 edit.
891 1825 984 1853 nov.
1009 1813 1138 1851 lucem
1166 1813 1281 1851 feret.

372 1882 479 1924 lbid.
536 1877 771 1928 Σελεύκεια]
812 1883 965 1923 auctori
1003 1883 1032 1922 1.
1065 1883 1083 1921 1
1122 1880 1300 1921 Maccab.
1337 1892 1370 1920 c.
1402 1883 1452 1919 11
1482 1882 1511 1920 S
1535 1874 1680 1918 Σελεύ-

266 1950 354 1974 κεια
382 1935 720 1985 παραθαλασσιά,
754 1937 861 1976 cuius
897 1938 1015 1976 situm
1053 1935 1346 1976 accuratissime
1372 1933 1581 1986 descripsit
1604 1933 1680 1972 Po-

266 1992 398 2040 lybius
420 1995 448 2031 5
466 1994 532 2031 59.
589 1991 778 2031 Libanius
804 1986 877 2041 τὴν
905 1984 1110 2028 Σελεύκου
1139 1989 1329 2041 appellat,
1357 1988 1461 2040 quod
1489 2000 1573 2027 cum
1599 2000 1679 2027 non

265 2047 603 2085 animadverteret
631 2046 841 2097 interpres,
872 2045 1041 2095 turpiter
1067 2045 1203 2095 lapsus
1229 2046 1290 2082 est
1316 2042 1357 2081 in
1375 2041 1607 2081 Antiochico
1637 2054 1677 2092 p.

263 2104 358 2147 363,
386 2097 458 2138 τὸν
483 2098 527 2137 ἐκ
552 2098 624 2149 τῆς
650 2097 853 2137 Σελεύκου
895 2096 1091 2148 τύραννον
1127 2097 1203 2148 (sio
1239 2095 1342 2135 enim
1370 2095 1529 2147 scripsit
1558 2095 1679 2135 Liba-

265 2154 371 2202 nius)
397 2159 608 2203 tyrannum
637 2167 662 2193 a
688 2153 855 2192 Seleuco
883 2160 1055 2192 vertens.
1110 2151 1312 2203 Eugenius
1332 2149 1583 2201 intelligitur,
1611 2149 1678 2202 qui

266 2208 485 2257 Seleuciae,
515 2221 601 2247 cum
630 2208 796 2259 imperio
810 2207 1076 2246 Diocletianus
1102 2208 1317 2257 praeesset,
1345 2203 1595 2252 tyrannidem
1617 2205 1679 2243 in-

264 2266 450 2309 vaserat3
477 2273 552 2314 quo
582 2262 630 2301 de
662 2262 838 2313 egregie,
869 2265 912 2300 ut
941 2261 1062 2310 solet,
1090 2260 1211 2299 Henr.
1239 2258 1423 2299 Valesius
1449 2257 1490 2297 in
1518 2257 1679 2297 Eusebii

264 2317 310 2354 H.
332 2317 376 2355 E.
401 2320 428 2355 8
450 2321 491 2355 6.
551 2315 846 2357 Seleucensium
864 2315 971 2354 numi
999 2318 1192 2366 superant
1220 2313 1368 2364 plures,
1396 2324 1418 2351 e
1449 2311 1587 2364 quibus
1614 2311 1678 2350 hic

263 2370 402 2408 Gazae
441 2368 667 2410 Wildianae
709 2370 906 2409 notandus
946 2373 1029 2415 est;
1069 2365 1307 2405 AYTOKP
1346 2393 1355 2403 .
1395 2396 1406 2406 .
1450 2393 1460 2402 .
1501 2392 1511 2401 .
1551 2364 1678 2403 ΝΕΡ.

266 2422 581 2460 ΤΡΑῙΑΝΟΟ.
613 2424 806 2463 APICT.
833 2423 950 2463 CEB.
977 2422 1015 2461 Γ
1013 2421 1152 2460 ΕΡΜ.
1172 2418 1316 2459 ΔΑΚ.
1347 2423 1386 2458 et
1410 2423 1526 2471 parte
1553 2419 1684 2458 altera

264 2476 621 2528 CEAEYKEL‘N.
666 2477 966 2516 HEIEPIAC.
1005 2476 1059 2513 B.
1102 2487 1188 2515 cum
1225 2474 1372 2525 templo
1401 2477 1587 2524 quattuor
1615 2483 1680 2510 co-

265 2531 410 2570 lumnis
449 2531 631 2578 suffulto,
675 2531 715 2570 in
755 2532 866 2570 cuius
899 2530 1029 2570 medio
1067 2542 1206 2582 mons,
1244 2528 1354 2567 infra
1394 2538 1508 2579 quem
1543 2524 1686 2564 ZEYC

271 2583 499 2622 KACIOC.
528 2585 618 2623 huic
648 2585 812 2624 similem
833 2585 872 2624 in
899 2586 1018 2624 Thes.
1053 2583 1206 2624 Frider.
1234 2595 1270 2621 c.
1300 2583 1358 2621 lx
1384 2585 1435 2620 11
1463 2591 1548 2620 cum
1575 2578 1617 2618 A
1641 2581 1680 2618 et

266 2639 307 2678 in
337 2640 448 2680 Num.
478 2639 599 2691 lmpp.
639 2639 783 2680 Graec.
814 2639 1023 2679 Vaillantii
1062 2651 1099 2690 p.
1113 2641 1169 2678 30
1205 2649 1291 2676 cum
1321 2639 1418 2676 nota
1445 2633 1594 2675 senarii
1618 2644 1682 2677 rc-
