<?xml version="1.0" encoding="UTF-8"?>
<!DOCTYPE html PUBLIC "-//W3C//DTD XHTML 1.0 Transitional//EN"
    "http://www.w3.org/TR/xhtml1/DTD/xhtml1-transitional.dtd">
<html xmlns="http://www.w3.org/1999/xhtml" xml:lang="en" lang="en">
 <head>
  <title>
</title>
<meta http-equiv="Content-Type" content="text/html;charset=utf-8" />
  <meta name='ocr-system' content='tesseract 3.04.00' />
  <meta name='ocr-capabilities' content='ocr_page ocr_carea ocr_par ocr_line ocrx_word'/>
</head>
<body>
  <div class='ocr_page' id='page_1' title='image "./corpusscriptorum09niebuoft_0174.png"; bbox 0 0 1780 3132; ppageno 0'>
   <div class='ocr_carea' id='block_1_1' title="bbox 266 170 1403 219">
    <p class='ocr_par' dir='ltr' id='par_1_1' title="bbox 266 170 1403 219">
     <span class='ocr_line' id='line_1_1' title="bbox 266 170 1403 219; baseline 0.002 -4"><span class='ocrx_word' id='word_1_1' title='bbox 266 170 354 216; x_wconf 73' lang='grc'><strong><em>164</em></strong></span> <span class='ocrx_word' id='word_1_2' title='bbox 548 178 896 218; x_wconf 76' lang='lat' dir='ltr'><strong>CONSTANTml</strong></span> <span class='ocrx_word' id='word_1_3' title='bbox 938 177 1403 219; x_wconf 72' lang='lat' dir='ltr'><strong>PORPHYROGENJ‘H</strong></span> 
     </span>
    </p>
   </div>
   <div class='ocr_carea' id='block_1_2' title="bbox 250 270 1677 582">
    <p class='ocr_par' dir='ltr' id='par_1_2' title="bbox 250 270 1677 582">
     <span class='ocr_line' id='line_1_2' title="bbox 256 270 1654 326; baseline 0.001 -15"><span class='ocrx_word' id='word_1_4' title='bbox 256 270 343 323; x_wconf 73' lang='grc' dir='ltr'><strong><em>ἔχις</em></strong></span> <span class='ocrx_word' id='word_1_5' title='bbox 369 273 438 314; x_wconf 74' lang='grc' dir='ltr'><strong><em>τὸν</em></strong></span> <span class='ocrx_word' id='word_1_6' title='bbox 478 270 589 326; x_wconf 74' lang='grc' dir='ltr'><strong><em>ἅγιον</em></strong></span> <span class='ocrx_word' id='word_1_7' title='bbox 631 275 804 313; x_wconf 80' lang='grc' dir='ltr'><strong><em>Παῦλον</em></strong></span> <span class='ocrx_word' id='word_1_8' title='bbox 845 271 923 313; x_wconf 72' lang='lat' dir='ltr'><strong><em>duc&gt;</em></strong></span> <span class='ocrx_word' id='word_1_9' title='bbox 964 276 1038 313; x_wconf 82' lang='grc' dir='ltr'><strong><em>τοῦ</em></strong></span> <span class='ocrx_word' id='word_1_10' title='bbox 1081 271 1278 313; x_wconf 76' lang='grc' dir='ltr'><strong><em>δακτύλου</em></strong></span> <span class='ocrx_word' id='word_1_11' title='bbox 1315 274 1575 326; x_wconf 75' lang='grc' dir='ltr'><em>προσήψατο,</em></span> <span class='ocrx_word' id='word_1_12' title='bbox 1603 270 1654 326; x_wconf 78' lang='grc' dir='ltr'><strong><em>ἢν</em></strong></span> 
     </span>
     <span class='ocr_line' id='line_1_3' title="bbox 254 333 1651 391; baseline 0.001 -16"><span class='ocrx_word' id='word_1_13' title='bbox 254 337 327 376; x_wconf 82' lang='grc' dir='ltr'>καί</span> <span class='ocrx_word' id='word_1_14' title='bbox 350 338 403 391; x_wconf 76' lang='grc' dir='ltr'><strong><em>τῷ</em></strong></span> <span class='ocrx_word' id='word_1_15' title='bbox 433 338 536 387; x_wconf 80' lang='grc' dir='ltr'><strong><em>πυρὶ</em></strong></span> <span class='ocrx_word' id='word_1_16' title='bbox 573 336 593 376; x_wconf 82' lang='grc' dir='ltr'><em>ὃ</em></span> <span class='ocrx_word' id='word_1_17' title='bbox 634 333 745 388; x_wconf 77' lang='grc' dir='ltr'><strong><em>ἅγιος</em></strong></span> <span class='ocrx_word' id='word_1_18' title='bbox 772 338 943 384; x_wconf 76' lang='grc' dir='ltr'><strong><em>Παῦλος</em></strong></span> <span class='ocrx_word' id='word_1_19' title='bbox 980 340 1205 390; x_wconf 78' lang='grc' dir='ltr'><strong><em>κατέφλεξε.</em></strong></span> <span class='ocrx_word' id='word_1_20' title='bbox 1260 340 1376 389; x_wconf 72' lang='grc' dir='ltr'><strong><em>νῆσος</em></strong></span> <span class='ocrx_word' id='word_1_21' title='bbox 1415 335 1534 389; x_wconf 65' lang='grc' dir='ltr'><strong><em>ἑτέρα</em></strong></span> <span class='ocrx_word' id='word_1_22' title='bbox 1575 352 1651 388; x_wconf 83' lang='grc' dir='ltr'><strong><em>με-</em></strong></span> 
     </span>
     <span class='ocr_line' id='line_1_4' title="bbox 253 397 1650 454; baseline 0.001 -15"><span class='ocrx_word' id='word_1_23' title='bbox 253 397 356 451; x_wconf 73' lang='grc' dir='ltr'><strong><em>γάλη</em></strong></span> <span class='ocrx_word' id='word_1_24' title='bbox 390 398 431 439; x_wconf 78' lang='grc' dir='ltr'><strong><em>τό</em></strong></span> <span class='ocrx_word' id='word_1_25' title='bbox 478 398 612 451; x_wconf 75' lang='grc' dir='ltr'><strong><em>Φάρα.</em></strong></span> <span class='ocrx_word' id='word_1_26' title='bbox 667 401 786 450; x_wconf 76' lang='grc' dir='ltr'><strong><em>νῆσος</em></strong></span> <span class='ocrx_word' id='word_1_27' title='bbox 822 397 938 452; x_wconf 72' lang='grc' dir='ltr'><strong><em>ἑτέρα</em></strong></span> <span class='ocrx_word' id='word_1_28' title='bbox 973 400 1128 452; x_wconf 68' lang='grc' dir='ltr'><strong><em>μεγάλη</em></strong></span> <span class='ocrx_word' id='word_1_29' title='bbox 1170 398 1191 438; x_wconf 75' lang='grc' dir='ltr'>ὅ</span> <span class='ocrx_word' id='word_1_30' title='bbox 1226 401 1422 454; x_wconf 75' lang='grc' dir='ltr'><strong><em>Βράτζης.</em></strong></span> <span class='ocrx_word' id='word_1_31' title='bbox 1488 401 1568 441; x_wconf 80' lang='grc' dir='ltr'><strong><em>εἰσί</em></strong></span> <span class='ocrx_word' id='word_1_32' title='bbox 1603 402 1650 441; x_wconf 79' lang='grc' dir='ltr'><strong><em>δέ</em></strong></span> 
     </span>
     <span class='ocr_line' id='line_1_5' title="bbox 255 461 1645 517; baseline 0.003 -16"><span class='ocrx_word' id='word_1_33' title='bbox 255 463 323 501; x_wconf 81' lang='grc' dir='ltr'><em>καί</em></span> <span class='ocrx_word' id='word_1_34' title='bbox 350 464 483 513; x_wconf 72' lang='grc' dir='ltr'><strong><em>ἕτεραι</em></strong></span> <span class='ocrx_word' id='word_1_35' title='bbox 510 465 626 514; x_wconf 76' lang='grc' dir='ltr'><strong><em>νῆσοι</em></strong></span> <span class='ocrx_word' id='word_1_36' title='bbox 655 461 698 502; x_wconf 82' lang='grc' dir='ltr'><strong><em>αἱ</em></strong></span> <span class='ocrx_word' id='word_1_37' title='bbox 725 461 781 513; x_wconf 87' lang='grc' dir='ltr'><strong><em>μή</em></strong></span> <span class='ocrx_word' id='word_1_38' title='bbox 811 463 1079 514; x_wconf 68' lang='grc' dir='ltr'><strong><em>κρατούμεναι</em></strong></span> <span class='ocrx_word' id='word_1_39' title='bbox 1109 463 1215 516; x_wconf 75' lang='grc' dir='ltr'><strong><em>παρά</em></strong></span> <span class='ocrx_word' id='word_1_40' title='bbox 1238 467 1316 503; x_wconf 74' lang='grc' dir='ltr'><strong><em>τῶν</em></strong></span> <span class='ocrx_word' id='word_1_41' title='bbox 1342 466 1476 504; x_wconf 65' lang='grc' dir='ltr'><strong><em>αὐτῶν</em></strong></span> <span class='ocrx_word' id='word_1_42' title='bbox 1498 467 1645 517; x_wconf 76' lang='grc' dir='ltr'><strong><em>Παγα·</em></strong></span> 
     </span>
     <span class='ocr_line' id='line_1_6' title="bbox 250 523 1677 582; baseline 0.002 -17"><span class='ocrx_word' id='word_1_43' title='bbox 250 527 338 578; x_wconf 80' lang='grc' dir='ltr'><strong><em>νῶν,</em></strong></span> <span class='ocrx_word' id='word_1_44' title='bbox 368 529 484 578; x_wconf 76' lang='grc' dir='ltr'><strong><em>νῆσος</em></strong></span> <span class='ocrx_word' id='word_1_45' title='bbox 505 524 551 567; x_wconf 74' lang='grc' dir='ltr'><strong><em>τὰ</em></strong></span> <span class='ocrx_word' id='word_1_46' title='bbox 580 525 738 582; x_wconf 79' lang='grc' dir='ltr'><strong><em>Χόαρα,</em></strong></span> <span class='ocrx_word' id='word_1_47' title='bbox 763 529 883 580; x_wconf 75' lang='grc' dir='ltr'><strong><em>νῆσος</em></strong></span> <span class='ocrx_word' id='word_1_48' title='bbox 898 523 993 581; x_wconf 76' lang='grc' dir='ltr'><strong><em>Ἴης,</em></strong></span> <span class='ocrx_word' id='word_1_49' title='bbox 1020 530 1136 580; x_wconf 75' lang='grc' dir='ltr'><strong><em>νῆσος</em></strong></span> <span class='ocrx_word' id='word_1_50' title='bbox 1161 527 1205 567; x_wconf 85' lang='grc' dir='ltr'><strong><em>τό</em></strong></span> <span class='ocrx_word' id='word_1_51' title='bbox 1235 526 1458 579; x_wconf 78' lang='grc' dir='ltr'><strong><em>Λάστοβον.</em></strong></span> <span class='ocrx_word' id='word_1_52' title='bbox 1655 531 1677 563; x_wconf 89' lang='grc'><em>5</em></span> 
     </span>
    </p>
   </div>
   <div class='ocr_carea' id='block_1_3' title="bbox 682 631 1208 687">
    <p class='ocr_par' dir='ltr' id='par_1_3' title="bbox 682 631 1208 687">
     <span class='ocr_line' id='line_1_7' title="bbox 682 631 1208 687; baseline 0 -13"><span class='ocrx_word' id='word_1_53' title='bbox 682 631 1085 687; x_wconf 76' lang='grc' dir='ltr'><strong><em>Κεφάλαιον</em></strong></span> <span class='ocrx_word' id='word_1_54' title='bbox 1140 632 1208 683; x_wconf 85' lang='grc' dir='ltr'><strong><em>λζ’.</em></strong></span> 
     </span>
    </p>
   </div>
   <div class='ocr_carea' id='block_1_4' title="bbox 576 714 1309 759">
    <p class='ocr_par' dir='ltr' id='par_1_4' title="bbox 576 714 1309 759">
     <span class='ocr_line' id='line_1_8' title="bbox 576 714 1309 759; baseline 0 -12"><span class='ocrx_word' id='word_1_55' title='bbox 576 717 662 759; x_wconf 81' lang='grc' dir='ltr'><strong><em>περὶ</em></strong></span> <span class='ocrx_word' id='word_1_56' title='bbox 687 717 749 748; x_wconf 80' lang='grc' dir='ltr'><strong><em>τοῦ</em></strong></span> <span class='ocrx_word' id='word_1_57' title='bbox 778 715 907 753; x_wconf 79' lang='grc' dir='ltr'><em>ἔθνους</em></span> <span class='ocrx_word' id='word_1_58' title='bbox 929 714 1000 749; x_wconf 75' lang='grc' dir='ltr'><strong><em>τῶν</em></strong></span> <span class='ocrx_word' id='word_1_59' title='bbox 1022 716 1309 754; x_wconf 83' lang='grc' dir='ltr'><strong><em>Πατζινακιτῶν.</em></strong></span> 
     </span>
    </p>
   </div>
   <div class='ocr_carea' id='block_1_5' title="bbox 225 787 1693 1811">
    <p class='ocr_par' dir='ltr' id='par_1_5' title="bbox 226 787 1693 1674">
     <span class='ocr_line' id='line_1_9' title="bbox 345 787 1642 844; baseline 0.001 -13"><span class='ocrx_word' id='word_1_60' title='bbox 345 790 491 831; x_wconf 83' lang='grc' dir='ltr'><strong><em>Ἰστέον</em></strong></span> <span class='ocrx_word' id='word_1_61' title='bbox 526 787 589 830; x_wconf 81' lang='grc' dir='ltr'><strong><em>δ’τι</em></strong></span> <span class='ocrx_word' id='word_1_62' title='bbox 619 793 914 840; x_wconf 80' lang='grc' dir='ltr'><strong><em>Πατζινακΐται</em></strong></span> <span class='ocrx_word' id='word_1_63' title='bbox 951 790 995 831; x_wconf 86' lang='grc' dir='ltr'><strong><em>τὸ</em></strong></span> <span class='ocrx_word' id='word_1_64' title='bbox 1026 791 1093 831; x_wconf 81' lang='lat' dir='ltr'><strong>a&#39;n’</strong></span> <span class='ocrx_word' id='word_1_65' title='bbox 1134 792 1264 844; x_wconf 71' lang='grc' dir='ltr'><strong><em>ἀρχῆς</em></strong></span> <span class='ocrx_word' id='word_1_66' title='bbox 1293 792 1350 838; x_wconf 82' lang='grc' dir='ltr'><strong><em>εἰς</em></strong></span> <span class='ocrx_word' id='word_1_67' title='bbox 1371 792 1438 831; x_wconf 81' lang='grc' dir='ltr'><strong><em>τόν</em></strong></span> <span class='ocrx_word' id='word_1_68' title='bbox 1463 790 1642 842; x_wconf 83' lang='grc' dir='ltr'><strong><em>ποταμὸν</em></strong></span> 
     </span>
     <span class='ocr_line' id='line_1_10' title="bbox 238 851 1638 908; baseline 0 -13"><span class='ocrx_word' id='word_1_69' title='bbox 238 853 360 907; x_wconf 84' lang='grc' dir='ltr'><strong><em>Ἀτήλ</em></strong></span> <span class='ocrx_word' id='word_1_70' title='bbox 388 852 462 905; x_wconf 88' lang='grc' dir='ltr'><strong><em>τήν</em></strong></span> <span class='ocrx_word' id='word_1_71' title='bbox 490 854 626 893; x_wconf 61' lang='grc' dir='ltr'><strong><em>αὐτῶν</em></strong></span> <span class='ocrx_word' id='word_1_72' title='bbox 650 851 762 906; x_wconf 80' lang='grc' dir='ltr'><strong><em>εἶχον</em></strong></span> <span class='ocrx_word' id='word_1_73' title='bbox 789 854 1030 908; x_wconf 71' lang='grc' dir='ltr'><em>κατοίκησιν,</em></span> <span class='ocrx_word' id='word_1_74' title='bbox 1059 853 1205 905; x_wconf 76' lang='grc' dir='ltr'><strong><em>ὅμοίως</em></strong></span> <span class='ocrx_word' id='word_1_75' title='bbox 1231 857 1275 895; x_wconf 77' lang='grc' dir='ltr'><strong><em>δὲ</em></strong></span> <span class='ocrx_word' id='word_1_76' title='bbox 1302 857 1373 895; x_wconf 84' lang='grc' dir='ltr'><em>καί</em></span> <span class='ocrx_word' id='word_1_77' title='bbox 1402 857 1458 902; x_wconf 87' lang='grc' dir='ltr'><strong><em>εἰς</em></strong></span> <span class='ocrx_word' id='word_1_78' title='bbox 1483 854 1552 895; x_wconf 86' lang='grc' dir='ltr'><strong><em>τόν</em></strong></span> <span class='ocrx_word' id='word_1_79' title='bbox 1569 870 1638 895; x_wconf 87' lang='lat' dir='ltr'><strong><em>no·</em></strong></span> 
     </span>
     <span class='ocr_line' id='line_1_11' title="bbox 240 913 1693 971; baseline -0.001 -13"><span class='ocrx_word' id='word_1_80' title='bbox 240 916 371 968; x_wconf 87' lang='grc' dir='ltr'><strong><em>ταμὸν</em></strong></span> <span class='ocrx_word' id='word_1_81' title='bbox 388 917 508 971; x_wconf 83' lang='grc' dir='ltr'><strong><em>Γεήχ,</em></strong></span> <span class='ocrx_word' id='word_1_82' title='bbox 541 913 696 969; x_wconf 79' lang='grc' dir='ltr'><strong><em>ἔχοντες</em></strong></span> <span class='ocrx_word' id='word_1_83' title='bbox 728 917 821 965; x_wconf 81' lang='grc' dir='ltr'><strong><em>τούς</em></strong></span> <span class='ocrx_word' id='word_1_84' title='bbox 849 933 890 958; x_wconf 90' lang='grc' dir='ltr'><strong><em>τε</em></strong></span> <span class='ocrx_word' id='word_1_85' title='bbox 909 918 1139 971; x_wconf 82' lang='grc' dir='ltr'><strong><em>Μαζάρους</em></strong></span> <span class='ocrx_word' id='word_1_86' title='bbox 1167 921 1436 971; x_wconf 81' lang='grc' dir='ltr'><strong><em>συνοροῦντας</em></strong></span> <span class='ocrx_word' id='word_1_87' title='bbox 1463 916 1640 968; x_wconf 72' lang='grc' dir='ltr'><strong><em>καίτούς</em></strong></span> <span class='ocrx_word' id='word_1_88' title='bbox 1652 924 1693 957; x_wconf 88' lang='grc'><strong><em>10</em></strong></span> 
     </span>
     <span class='ocr_line' id='line_1_12' title="bbox 240 977 1639 1036; baseline 0 -14"><span class='ocrx_word' id='word_1_89' title='bbox 240 982 613 1031; x_wconf 82' lang='grc' dir='ltr'><strong><em>ἐπονομαζομένους</em></strong></span> <span class='ocrx_word' id='word_1_90' title='bbox 635 977 735 1030; x_wconf 68' lang='grc' dir='ltr'><strong><em>Οἷὲζ.</em></strong></span> <span class='ocrx_word' id='word_1_91' title='bbox 793 980 869 1034; x_wconf 84' lang='grc' dir='ltr'><strong><em>πρὸ</em></strong></span> <span class='ocrx_word' id='word_1_92' title='bbox 905 983 1003 1022; x_wconf 80' lang='grc' dir='ltr'><strong><em>ἐτῶν</em></strong></span> <span class='ocrx_word' id='word_1_93' title='bbox 1031 985 1075 1024; x_wconf 78' lang='grc' dir='ltr'><strong><em>δὲ</em></strong></span> <span class='ocrx_word' id='word_1_94' title='bbox 1103 981 1340 1036; x_wconf 83' lang='grc' dir='ltr'><strong><em>πεντήκοντα</em></strong></span> <span class='ocrx_word' id='word_1_95' title='bbox 1371 982 1408 1022; x_wconf 86' lang='grc' dir='ltr'><strong><em>οὶ</em></strong></span> <span class='ocrx_word' id='word_1_96' title='bbox 1437 981 1639 1035; x_wconf 74' lang='grc' dir='ltr'><strong><em>λεγόμενοι</em></strong></span> 
     </span>
     <span class='ocr_line' id='line_1_13' title="bbox 242 1042 1638 1098; baseline -0.001 -12"><span class='ocrx_word' id='word_1_97' title='bbox 242 1042 329 1095; x_wconf 72' lang='grc' dir='ltr'><strong><em>Οόζ</em></strong></span> <span class='ocrx_word' id='word_1_98' title='bbox 358 1043 457 1095; x_wconf 78' lang='grc' dir='ltr'><strong><em>μετὰ</em></strong></span> <span class='ocrx_word' id='word_1_99' title='bbox 494 1047 572 1086; x_wconf 75' lang='grc' dir='ltr'><strong><em>τῶν</em></strong></span> <span class='ocrx_word' id='word_1_100' title='bbox 607 1044 815 1098; x_wconf 81' lang='grc' dir='ltr'><strong><em>Χαζοίρων</em></strong></span> <span class='ocrx_word' id='word_1_101' title='bbox 858 1043 1147 1098; x_wconf 80' lang='grc' dir='ltr'><strong><em>ὁμονοήσαντες</em></strong></span> <span class='ocrx_word' id='word_1_102' title='bbox 1180 1046 1252 1087; x_wconf 84' lang='grc' dir='ltr'><em>καί</em></span> <span class='ocrx_word' id='word_1_103' title='bbox 1276 1046 1451 1097; x_wconf 83' lang='grc' dir='ltr'><strong><em>πόλεμον</em></strong></span> <span class='ocrx_word' id='word_1_104' title='bbox 1477 1048 1638 1096; x_wconf 86' lang='grc' dir='ltr'><strong><em>συμβα-</em></strong></span> 
     </span>
     <span class='ocr_line' id='line_1_14' title="bbox 236 1106 1638 1163; baseline 0 -15"><span class='ocrx_word' id='word_1_105' title='bbox 236 1107 370 1157; x_wconf 87' lang='grc' dir='ltr'><strong><em>λόντες</em></strong></span> <span class='ocrx_word' id='word_1_106' title='bbox 407 1106 509 1160; x_wconf 83' lang='grc' dir='ltr'><strong><em>πρός</em></strong></span> <span class='ocrx_word' id='word_1_107' title='bbox 540 1106 635 1156; x_wconf 79' lang='grc' dir='ltr'><strong><em>τούς</em></strong></span> <span class='ocrx_word' id='word_1_108' title='bbox 663 1111 960 1159; x_wconf 83' lang='grc' dir='ltr'><strong><em>Πατζινακι’τας</em></strong></span> <span class='ocrx_word' id='word_1_109' title='bbox 996 1110 1302 1163; x_wconf 71' lang='grc' dir='ltr'><strong><em>ὕπερίσχυσαν,</em></strong></span> <span class='ocrx_word' id='word_1_110' title='bbox 1347 1112 1416 1148; x_wconf 81' lang='grc' dir='ltr'><em>καί</em></span> <span class='ocrx_word' id='word_1_111' title='bbox 1452 1108 1532 1149; x_wconf 82' lang='grc' dir='ltr'><strong><em>α’πό</em></strong></span> <span class='ocrx_word' id='word_1_112' title='bbox 1567 1110 1638 1160; x_wconf 78' lang='grc' dir='ltr'><strong><em>τῆς</em></strong></span> 
     </span>
     <span class='ocr_line' id='line_1_15' title="bbox 235 1171 1638 1226; baseline 0.001 -14"><span class='ocrx_word' id='word_1_113' title='bbox 235 1173 342 1220; x_wconf 75' lang='grc' dir='ltr'><strong><em>ἰδίας</em></strong></span> <span class='ocrx_word' id='word_1_114' title='bbox 370 1171 511 1225; x_wconf 81' lang='grc' dir='ltr'><strong><em>χώρας</em></strong></span> <span class='ocrx_word' id='word_1_115' title='bbox 539 1171 688 1220; x_wconf 68' lang='grc' dir='ltr'><strong><em>αὐτους</em></strong></span> <span class='ocrx_word' id='word_1_116' title='bbox 715 1174 939 1226; x_wconf 62' lang='grc' dir='ltr'><strong><em>ἐξεδίωξαν,</em></strong></span> <span class='ocrx_word' id='word_1_117' title='bbox 967 1173 1038 1213; x_wconf 83' lang='grc' dir='ltr'>καί</span> <span class='ocrx_word' id='word_1_118' title='bbox 1052 1175 1247 1226; x_wconf 82' lang='grc' dir='ltr'><strong><em>κατέσχον</em></strong></span> <span class='ocrx_word' id='word_1_119' title='bbox 1265 1173 1392 1225; x_wconf 77' lang='grc' dir='ltr'><strong><em>αὐτὴν</em></strong></span> <span class='ocrx_word' id='word_1_120' title='bbox 1417 1174 1543 1225; x_wconf 83' lang='grc' dir='ltr'><strong><em>μέχρι</em></strong></span> <span class='ocrx_word' id='word_1_121' title='bbox 1568 1173 1638 1224; x_wconf 82' lang='grc' dir='ltr'><strong><em>τῆς</em></strong></span> 
     </span>
     <span class='ocr_line' id='line_1_16' title="bbox 232 1232 1690 1291; baseline 0.001 -14"><span class='ocrx_word' id='word_1_122' title='bbox 232 1237 410 1289; x_wconf 78' lang='grc' dir='ltr'><strong><em>σήμερον</em></strong></span> <span class='ocrx_word' id='word_1_123' title='bbox 449 1234 487 1276; x_wconf 84' lang='grc' dir='ltr'><strong><em>οἱ</em></strong></span> <span class='ocrx_word' id='word_1_124' title='bbox 522 1236 722 1289; x_wconf 80' lang='grc' dir='ltr'><strong><em>λεγόμενοι</em></strong></span> <span class='ocrx_word' id='word_1_125' title='bbox 756 1232 892 1285; x_wconf 78' lang='grc' dir='ltr'><strong><em>Οῧζοι.</em></strong></span> <span class='ocrx_word' id='word_1_126' title='bbox 964 1236 1001 1277; x_wconf 83' lang='grc' dir='ltr'><strong><em>οἱ</em></strong></span> <span class='ocrx_word' id='word_1_127' title='bbox 1040 1239 1085 1277; x_wconf 78' lang='grc' dir='ltr'><strong><em>δὲ</em></strong></span> <span class='ocrx_word' id='word_1_128' title='bbox 1112 1240 1410 1286; x_wconf 85' lang='grc' dir='ltr'><strong><em>Πατζινακῖται</em></strong></span> <span class='ocrx_word' id='word_1_129' title='bbox 1441 1233 1636 1291; x_wconf 83' lang='grc' dir='ltr'><strong><em>φυγόντες</em></strong></span> <span class='ocrx_word' id='word_1_130' title='bbox 1649 1244 1690 1278; x_wconf 84' lang='grc'><strong><em>15</em></strong></span> 
     </span>
     <span class='ocr_line' id='line_1_17' title="bbox 231 1297 1636 1353; baseline -0.001 -14"><span class='ocrx_word' id='word_1_131' title='bbox 231 1301 498 1352; x_wconf 85' lang='grc' dir='ltr'><strong><em>περιήρχοντο</em></strong></span> <span class='ocrx_word' id='word_1_132' title='bbox 529 1301 882 1353; x_wconf 77' lang='grc' dir='ltr'><strong><em>ἅναψηλαφῶντες</em></strong></span> <span class='ocrx_word' id='word_1_133' title='bbox 905 1299 1023 1340; x_wconf 83' lang='grc' dir='ltr'><strong><em>τόπον</em></strong></span> <span class='ocrx_word' id='word_1_134' title='bbox 1041 1302 1098 1348; x_wconf 85' lang='grc' dir='ltr'><strong><em>εἰς</em></strong></span> <span class='ocrx_word' id='word_1_135' title='bbox 1123 1300 1192 1353; x_wconf 79' lang='grc' dir='ltr'><strong><em>τήν</em></strong></span> <span class='ocrx_word' id='word_1_136' title='bbox 1220 1302 1352 1341; x_wconf 65' lang='grc' dir='ltr'><strong><em>αὐτῶν</em></strong></span> <span class='ocrx_word' id='word_1_137' title='bbox 1381 1297 1636 1353; x_wconf 69' lang='grc' dir='ltr'><strong><em>κατασκήνω-</em></strong></span> 
     </span>
     <span class='ocr_line' id='line_1_18' title="bbox 230 1362 1636 1418; baseline -0.001 -15"><span class='ocrx_word' id='word_1_138' title='bbox 230 1378 319 1404; x_wconf 87' lang='grc' dir='ltr'><strong><em>σιν·</em></strong></span> <span class='ocrx_word' id='word_1_139' title='bbox 375 1362 666 1416; x_wconf 82' lang='grc' dir='ltr'><strong><em>καταλαβόντες</em></strong></span> <span class='ocrx_word' id='word_1_140' title='bbox 692 1366 737 1404; x_wconf 73' lang='grc' dir='ltr'><strong><em>δὲ</em></strong></span> <span class='ocrx_word' id='word_1_141' title='bbox 772 1363 844 1415; x_wconf 87' lang='grc' dir='ltr'><strong><em>τήν</em></strong></span> <span class='ocrx_word' id='word_1_142' title='bbox 875 1362 1053 1417; x_wconf 76' lang='grc' dir='ltr'><strong><em>σήμερον</em></strong></span> <span class='ocrx_word' id='word_1_143' title='bbox 1080 1366 1176 1418; x_wconf 85' lang='grc' dir='ltr'><strong><em>παρ’</em></strong></span> <span class='ocrx_word' id='word_1_144' title='bbox 1204 1364 1338 1405; x_wconf 79' lang='grc' dir='ltr'><strong><em>αὐτῶν</em></strong></span> <span class='ocrx_word' id='word_1_145' title='bbox 1363 1366 1636 1416; x_wconf 80' lang='grc' dir='ltr'><strong><em>κρατουμένην</em></strong></span> 
     </span>
     <span class='ocr_line' id='line_1_19' title="bbox 228 1425 1633 1483; baseline -0.001 -16"><span class='ocrx_word' id='word_1_146' title='bbox 228 1429 302 1481; x_wconf 80' lang='grc' dir='ltr'><strong><em>γῆν</em></strong></span> <span class='ocrx_word' id='word_1_147' title='bbox 346 1428 416 1468; x_wconf 83' lang='grc' dir='ltr'>καί</span> <span class='ocrx_word' id='word_1_148' title='bbox 440 1425 621 1481; x_wconf 74' lang='grc' dir='ltr'><strong><em>εὑρόντες</em></strong></span> <span class='ocrx_word' id='word_1_149' title='bbox 650 1427 745 1475; x_wconf 82' lang='grc' dir='ltr'><strong><em>τούς</em></strong></span> <span class='ocrx_word' id='word_1_150' title='bbox 781 1427 983 1481; x_wconf 82' lang='grc' dir='ltr'><strong><em>Τούρκους</em></strong></span> <span class='ocrx_word' id='word_1_151' title='bbox 1020 1430 1230 1476; x_wconf 83' lang='grc' dir='ltr'><strong><em>οἰκοῦντας</em></strong></span> <span class='ocrx_word' id='word_1_152' title='bbox 1271 1432 1315 1470; x_wconf 79' lang='grc' dir='ltr'><strong><em>ἐν</em></strong></span> <span class='ocrx_word' id='word_1_153' title='bbox 1354 1429 1479 1483; x_wconf 72' lang='grc' dir='ltr'><strong><em>αὐτῇ,</em></strong></span> <span class='ocrx_word' id='word_1_154' title='bbox 1515 1428 1633 1467; x_wconf 80' lang='grc' dir='ltr'><strong><em>πολέ-</em></strong></span> 
     </span>
     <span class='ocr_line' id='line_1_20' title="bbox 226 1490 1630 1547; baseline -0.001 -16"><span class='ocrx_word' id='word_1_155' title='bbox 226 1507 306 1542; x_wconf 85' lang='grc' dir='ltr'><strong><em>μου</em></strong></span> <span class='ocrx_word' id='word_1_156' title='bbox 340 1491 473 1547; x_wconf 78' lang='grc' dir='ltr'><strong><em>τρόπῳ</em></strong></span> <span class='ocrx_word' id='word_1_157' title='bbox 502 1493 666 1539; x_wconf 77' lang='grc' dir='ltr'><strong><em>τούτους</em></strong></span> <span class='ocrx_word' id='word_1_158' title='bbox 694 1490 926 1544; x_wconf 85' lang='grc' dir='ltr'><strong><em>νικήσαντες</em></strong></span> <span class='ocrx_word' id='word_1_159' title='bbox 954 1495 1023 1532; x_wconf 82' lang='grc' dir='ltr'>καί</span> <span class='ocrx_word' id='word_1_160' title='bbox 1051 1490 1284 1542; x_wconf 81' lang='grc' dir='ltr'><strong><em>ἐκβαλόντες</em></strong></span> <span class='ocrx_word' id='word_1_161' title='bbox 1311 1491 1523 1541; x_wconf 78' lang='grc' dir='ltr'><strong><em>ὲξεόί’ωξαν</em></strong></span> <span class='ocrx_word' id='word_1_162' title='bbox 1553 1491 1630 1530; x_wconf 77' lang='grc' dir='ltr'><strong><em>αὖ..</em></strong></span> 
     </span>
     <span class='ocr_line' id='line_1_21' title="bbox 226 1552 1684 1611; baseline 0.001 -17"><span class='ocrx_word' id='word_1_163' title='bbox 226 1553 322 1602; x_wconf 79' lang='grc' dir='ltr'><strong><em>τους</em></strong></span> <span class='ocrx_word' id='word_1_164' title='bbox 343 1558 413 1595; x_wconf 84' lang='grc' dir='ltr'><em>καί</em></span> <span class='ocrx_word' id='word_1_165' title='bbox 437 1556 741 1608; x_wconf 85' lang='grc' dir='ltr'><strong><em>κατεσκήνωσαν</em></strong></span> <span class='ocrx_word' id='word_1_166' title='bbox 770 1558 813 1596; x_wconf 81' lang='grc' dir='ltr'><strong><em>ἐν</em></strong></span> <span class='ocrx_word' id='word_1_167' title='bbox 843 1557 959 1611; x_wconf 72' lang='grc' dir='ltr'><strong><em>αύτῇ,</em></strong></span> <span class='ocrx_word' id='word_1_168' title='bbox 988 1559 1057 1596; x_wconf 86' lang='grc' dir='ltr'><em>καί</em></span> <span class='ocrx_word' id='word_1_169' title='bbox 1079 1556 1320 1605; x_wconf 79' lang='grc' dir='ltr'><strong><em>δεσπόζουσι</em></strong></span> <span class='ocrx_word' id='word_1_170' title='bbox 1343 1558 1414 1607; x_wconf 79' lang='grc' dir='ltr'><strong><em>τῆς</em></strong></span> <span class='ocrx_word' id='word_1_171' title='bbox 1442 1552 1629 1608; x_wconf 77' lang='grc' dir='ltr'><strong><em>τοιαύτης</em></strong></span> <span class='ocrx_word' id='word_1_172' title='bbox 1641 1563 1684 1598; x_wconf 81' lang='lat'><strong><em>20</em></strong></span> 
     </span>
     <span class='ocr_line' id='line_1_22' title="bbox 226 1617 1628 1674; baseline 0 -16"><span class='ocrx_word' id='word_1_173' title='bbox 226 1617 377 1672; x_wconf 78' lang='grc' dir='ltr'><strong><em>χώρας,</em></strong></span> <span class='ocrx_word' id='word_1_174' title='bbox 407 1618 461 1666; x_wconf 78' lang='grc' dir='ltr'><strong><em>ὦς</em></strong></span> <span class='ocrx_word' id='word_1_175' title='bbox 481 1619 648 1674; x_wconf 81' lang='grc' dir='ltr'><strong><em>εἴρηται,</em></strong></span> <span class='ocrx_word' id='word_1_176' title='bbox 675 1619 800 1673; x_wconf 82' lang='grc' dir='ltr'><strong><em>μέχρι</em></strong></span> <span class='ocrx_word' id='word_1_177' title='bbox 829 1623 897 1671; x_wconf 75' lang='grc' dir='ltr'><strong><em>τῆς</em></strong></span> <span class='ocrx_word' id='word_1_178' title='bbox 924 1619 1099 1672; x_wconf 84' lang='grc' dir='ltr'><strong><em>σήμερον</em></strong></span> <span class='ocrx_word' id='word_1_179' title='bbox 1136 1617 1204 1672; x_wconf 80' lang='grc' dir='ltr'><strong><em>ἔτη</em></strong></span> <span class='ocrx_word' id='word_1_180' title='bbox 1235 1617 1476 1672; x_wconf 84' lang='grc' dir='ltr'><strong><em>πεντήκοντα</em></strong></span> <span class='ocrx_word' id='word_1_181' title='bbox 1503 1621 1628 1661; x_wconf 84' lang='grc' dir='ltr'><strong><em>πέντε.</em></strong></span> 
     </span>
    </p>

    <p class='ocr_par' dir='ltr' id='par_1_6' title="bbox 225 1690 1629 1811">
     <span class='ocr_line' id='line_1_23' title="bbox 330 1690 1629 1746; baseline -0.002 -11"><span class='ocrx_word' id='word_1_182' title='bbox 330 1695 474 1735; x_wconf 78' lang='grc' dir='ltr'><strong><em>’ἰστέον</em></strong></span> <span class='ocrx_word' id='word_1_183' title='bbox 513 1690 578 1734; x_wconf 75' lang='grc' dir='ltr'><strong><em>ὅτι</em></strong></span> <span class='ocrx_word' id='word_1_184' title='bbox 619 1695 728 1734; x_wconf 80' lang='grc' dir='ltr'><strong><em>πᾶσα</em></strong></span> <span class='ocrx_word' id='word_1_185' title='bbox 755 1694 778 1746; x_wconf 79' lang='grc' dir='ltr'><em>ἦ</em></span> <span class='ocrx_word' id='word_1_186' title='bbox 809 1695 1070 1743; x_wconf 80' lang='grc' dir='ltr'><strong><em>Πατζινακιά</em></strong></span> <span class='ocrx_word' id='word_1_187' title='bbox 1113 1696 1169 1740; x_wconf 84' lang='grc' dir='ltr'><strong><em>εἰς</em></strong></span> <span class='ocrx_word' id='word_1_188' title='bbox 1195 1696 1357 1744; x_wconf 75' lang='grc' dir='ltr'><strong><em>θέματα</em></strong></span> <span class='ocrx_word' id='word_1_189' title='bbox 1388 1692 1492 1734; x_wconf 77' lang='grc' dir='ltr'><strong><em>ὄκτιό</em></strong></span> <span class='ocrx_word' id='word_1_190' title='bbox 1521 1695 1629 1732; x_wconf 78' lang='grc' dir='ltr'><strong><em>διαι-</em></strong></span> 
     </span>
     <span class='ocr_line' id='line_1_24' title="bbox 225 1753 1626 1811; baseline 0 -15"><span class='ocrx_word' id='word_1_191' title='bbox 225 1763 377 1810; x_wconf 82' lang='grc' dir='ltr'><strong><em>ρεῖται,</em></strong></span> <span class='ocrx_word' id='word_1_192' title='bbox 421 1757 573 1810; x_wconf 77' lang='grc' dir='ltr'><strong><em>ἔχουσα</em></strong></span> <span class='ocrx_word' id='word_1_193' title='bbox 611 1759 681 1798; x_wconf 85' lang='grc' dir='ltr'><em>καί</em></span> <span class='ocrx_word' id='word_1_194' title='bbox 712 1756 910 1810; x_wconf 85' lang='grc' dir='ltr'><strong><em>μεγάλους</em></strong></span> <span class='ocrx_word' id='word_1_195' title='bbox 948 1753 1153 1811; x_wconf 70' lang='grc' dir='ltr'><strong><em>ἄρχοντας</em></strong></span> <span class='ocrx_word' id='word_1_196' title='bbox 1191 1755 1422 1804; x_wconf 73' lang='grc' dir='ltr'><strong><em>τοσούτους.</em></strong></span> <span class='ocrx_word' id='word_1_197' title='bbox 1490 1757 1539 1798; x_wconf 80' lang='grc' dir='ltr'><strong><em>τὰ</em></strong></span> <span class='ocrx_word' id='word_1_198' title='bbox 1582 1759 1626 1797; x_wconf 79' lang='grc' dir='ltr'><strong><em>δὲ</em></strong></span> 
     </span>
    </p>
   </div>
   <div class='ocr_carea' id='block_1_6' title="bbox 219 1966 1623 2104">
    <p class='ocr_par' dir='ltr' id='par_1_7' title="bbox 219 1966 1623 2104">
     <span class='ocr_line' id='line_1_25' title="bbox 221 1966 1623 2013; baseline -0.001 -12"><span class='ocrx_word' id='word_1_199' title='bbox 221 1980 317 2001; x_wconf 82' lang='lat' dir='ltr'><strong>cussa</strong></span> <span class='ocrx_word' id='word_1_200' title='bbox 345 1969 424 2013; x_wconf 86' lang='lat' dir='ltr'><strong>igne</strong></span> <span class='ocrx_word' id='word_1_201' title='bbox 449 1968 690 2011; x_wconf 74' lang='lat' dir='ltr'><strong>conflagravit3</strong></span> <span class='ocrx_word' id='word_1_202' title='bbox 713 1969 850 2001; x_wconf 85' lang='lat' dir='ltr'><strong>tertiam</strong></span> <span class='ocrx_word' id='word_1_203' title='bbox 877 1969 1024 2000; x_wconf 86' lang='lat' dir='ltr'><strong>insulam</strong></span> <span class='ocrx_word' id='word_1_204' title='bbox 1050 1979 1217 2011; x_wconf 84' lang='lat' dir='ltr'><strong>magnam,</strong></span> <span class='ocrx_word' id='word_1_205' title='bbox 1242 1978 1330 2011; x_wconf 86' lang='lat' dir='ltr'><strong>qnae</strong></span> <span class='ocrx_word' id='word_1_206' title='bbox 1353 1967 1460 2000; x_wconf 81' lang='lat' dir='ltr'><strong>Phara</strong></span> <span class='ocrx_word' id='word_1_207' title='bbox 1485 1966 1623 2004; x_wconf 84' lang='lat' dir='ltr'><strong>dicitur,</strong></span> 
     </span>
     <span class='ocr_line' id='line_1_26' title="bbox 220 2011 1622 2059; baseline -0.001 -13"><span class='ocrx_word' id='word_1_208' title='bbox 220 2020 389 2058; x_wconf 80' lang='lat' dir='ltr'>quartam,</span> <span class='ocrx_word' id='word_1_209' title='bbox 415 2025 503 2059; x_wconf 76' lang='lat' dir='ltr'><strong>quae</strong></span> <span class='ocrx_word' id='word_1_210' title='bbox 533 2016 678 2046; x_wconf 73' lang='lat' dir='ltr'><strong>Bratzes.</strong></span> <span class='ocrx_word' id='word_1_211' title='bbox 728 2013 790 2046; x_wconf 84' lang='lat' dir='ltr'><strong>sed</strong></span> <span class='ocrx_word' id='word_1_212' title='bbox 815 2020 851 2047; x_wconf 87' lang='lat' dir='ltr'><strong>et</strong></span> <span class='ocrx_word' id='word_1_213' title='bbox 875 2015 963 2046; x_wconf 77' lang='lat' dir='ltr'><strong>aliae</strong></span> <span class='ocrx_word' id='word_1_214' title='bbox 989 2020 1168 2058; x_wconf 83' lang='lat' dir='ltr'><strong>praeterea</strong></span> <span class='ocrx_word' id='word_1_215' title='bbox 1190 2014 1325 2045; x_wconf 80' lang='lat' dir='ltr'><strong>insulae</strong></span> <span class='ocrx_word' id='word_1_216' title='bbox 1349 2018 1440 2053; x_wconf 89' lang='lat' dir='ltr'><strong>sunt,</strong></span> <span class='ocrx_word' id='word_1_217' title='bbox 1465 2022 1553 2057; x_wconf 81' lang='lat' dir='ltr'><strong>qnae</strong></span> <span class='ocrx_word' id='word_1_218' title='bbox 1578 2011 1622 2044; x_wconf 86' lang='lat' dir='ltr'><strong>ad</strong></span> 
     </span>
     <span class='ocr_line' id='line_1_27' title="bbox 219 2058 1190 2104; baseline -0.002 -11"><span class='ocrx_word' id='word_1_219' title='bbox 219 2061 368 2104; x_wconf 76' lang='lat' dir='ltr'><strong>paganos</strong></span> <span class='ocrx_word' id='word_1_220' title='bbox 392 2071 463 2093; x_wconf 88' lang='lat' dir='ltr'><strong><em>non</em></strong></span> <span class='ocrx_word' id='word_1_221' title='bbox 485 2060 673 2104; x_wconf 80' lang='lat' dir='ltr'><strong>pertinent,</strong></span> <span class='ocrx_word' id='word_1_222' title='bbox 700 2060 832 2092; x_wconf 78' lang='lat' dir='ltr'>Choara</span> <span class='ocrx_word' id='word_1_223' title='bbox 855 2060 920 2099; x_wconf 81' lang='lat' dir='ltr'><strong>les,</strong></span> <span class='ocrx_word' id='word_1_224' title='bbox 945 2064 980 2092; x_wconf 88' lang='lat' dir='ltr'><strong>et</strong></span> <span class='ocrx_word' id='word_1_225' title='bbox 1004 2058 1190 2092; x_wconf 80' lang='lat' dir='ltr'><strong>Lastobon.</strong></span> 
     </span>
    </p>
   </div>
   <div class='ocr_carea' id='block_1_7' title="bbox 600 2147 1238 2192">
    <p class='ocr_par' dir='ltr' id='par_1_8' title="bbox 600 2147 1238 2192">
     <span class='ocr_line' id='line_1_28' title="bbox 600 2147 1238 2192; baseline -0.002 -12"><span class='ocrx_word' id='word_1_226' title='bbox 600 2147 656 2180; x_wconf 83' lang='lat'><strong><em>37.</em></strong></span> <span class='ocrx_word' id='word_1_227' title='bbox 712 2147 755 2182; x_wconf 79' lang='lat' dir='ltr'><strong>de</strong></span> <span class='ocrx_word' id='word_1_228' title='bbox 785 2147 1092 2182; x_wconf 78' lang='lat' dir='ltr'><strong>Patzinacitarum</strong></span> <span class='ocrx_word' id='word_1_229' title='bbox 1124 2155 1238 2192; x_wconf 77' lang='lat' dir='ltr'><strong>gente.</strong></span> 
     </span>
    </p>
   </div>
   <div class='ocr_carea' id='block_1_8' title="bbox 215 2215 1620 2720">
    <p class='ocr_par' dir='ltr' id='par_1_9' title="bbox 215 2215 1620 2673">
     <span class='ocr_line' id='line_1_29' title="bbox 307 2215 1620 2264; baseline -0.003 -12"><span class='ocrx_word' id='word_1_230' title='bbox 307 2219 493 2252; x_wconf 84' lang='lat' dir='ltr'>Sciendum</span> <span class='ocrx_word' id='word_1_231' title='bbox 524 2224 576 2252; x_wconf 87' lang='lat' dir='ltr'><strong>est</strong></span> <span class='ocrx_word' id='word_1_232' title='bbox 611 2220 835 2252; x_wconf 82' lang='lat' dir='ltr'><strong>Patzinacitas</strong></span> <span class='ocrx_word' id='word_1_233' title='bbox 865 2229 885 2251; x_wconf 88' lang='lat' dir='ltr'><strong>a</strong></span> <span class='ocrx_word' id='word_1_234' title='bbox 906 2219 1078 2264; x_wconf 87' lang='lat' dir='ltr'><strong>principio</strong></span> <span class='ocrx_word' id='word_1_235' title='bbox 1101 2219 1146 2250; x_wconf 81' lang='lat' dir='ltr'><strong>ad</strong></span> <span class='ocrx_word' id='word_1_236' title='bbox 1169 2218 1249 2251; x_wconf 89' lang='lat' dir='ltr'><strong>Atel</strong></span> <span class='ocrx_word' id='word_1_237' title='bbox 1275 2222 1311 2250; x_wconf 90' lang='lat' dir='ltr'><strong>et</strong></span> <span class='ocrx_word' id='word_1_238' title='bbox 1334 2215 1452 2249; x_wconf 82' lang='lat' dir='ltr'><strong>Geech</strong></span> <span class='ocrx_word' id='word_1_239' title='bbox 1477 2215 1620 2249; x_wconf 80' lang='lat' dir='ltr'><strong>flumina</strong></span> 
     </span>
     <span class='ocr_line' id='line_1_30' title="bbox 216 2262 1618 2309; baseline -0.001 -13"><span class='ocrx_word' id='word_1_240' title='bbox 216 2265 402 2304; x_wconf 77' lang='lat' dir='ltr'>habitasse,</span> <span class='ocrx_word' id='word_1_241' title='bbox 428 2266 542 2309; x_wconf 83' lang='lat' dir='ltr'><strong>iisque</strong></span> <span class='ocrx_word' id='word_1_242' title='bbox 571 2266 803 2298; x_wconf 88' lang='lat' dir='ltr'><strong>conterminos</strong></span> <span class='ocrx_word' id='word_1_243' title='bbox 833 2265 937 2298; x_wconf 88' lang='lat' dir='ltr'><strong>fuisse</strong></span> <span class='ocrx_word' id='word_1_244' title='bbox 969 2265 1119 2309; x_wconf 81' lang='lat' dir='ltr'><strong>populos</strong></span> <span class='ocrx_word' id='word_1_245' title='bbox 1145 2264 1226 2296; x_wconf 80' lang='lat' dir='ltr'><strong>illos</strong></span> <span class='ocrx_word' id='word_1_246' title='bbox 1254 2264 1314 2308; x_wconf 91' lang='lat' dir='ltr'><strong><em>qui</em></strong></span> <span class='ocrx_word' id='word_1_247' title='bbox 1340 2262 1467 2295; x_wconf 87' lang='lat' dir='ltr'><strong>Mazari</strong></span> <span class='ocrx_word' id='word_1_248' title='bbox 1513 2267 1618 2306; x_wconf 79' lang='lat' dir='ltr'><strong>atque</strong></span> 
     </span>
     <span class='ocr_line' id='line_1_31' title="bbox 215 2307 1618 2354; baseline -0.003 -11"><span class='ocrx_word' id='word_1_249' title='bbox 215 2312 277 2343; x_wconf 88' lang='lat' dir='ltr'><strong><em>Uzi</em></strong></span> <span class='ocrx_word' id='word_1_250' title='bbox 306 2311 604 2354; x_wconf 81' lang='lat' dir='ltr'><strong>cognominantur.</strong></span> <span class='ocrx_word' id='word_1_251' title='bbox 651 2317 731 2344; x_wconf 86' lang='lat' dir='ltr'><strong>ante</strong></span> <span class='ocrx_word' id='word_1_252' title='bbox 765 2322 874 2343; x_wconf 85' lang='lat' dir='ltr'><strong>annos</strong></span> <span class='ocrx_word' id='word_1_253' title='bbox 913 2321 993 2343; x_wconf 87' lang='lat' dir='ltr'><strong>vero</strong></span> <span class='ocrx_word' id='word_1_254' title='bbox 1018 2310 1270 2354; x_wconf 77' lang='lat' dir='ltr'><strong>quinquaginta</strong></span> <span class='ocrx_word' id='word_1_255' title='bbox 1302 2310 1327 2340; x_wconf 87' lang='lat' dir='ltr'><strong><em>ii</em></strong></span> <span class='ocrx_word' id='word_1_256' title='bbox 1350 2308 1411 2353; x_wconf 86' lang='lat' dir='ltr'><strong><em>qui</em></strong></span> <span class='ocrx_word' id='word_1_257' title='bbox 1438 2307 1500 2340; x_wconf 80' lang='lat' dir='ltr'><strong><em>Uzi</em></strong></span> <span class='ocrx_word' id='word_1_258' title='bbox 1526 2317 1618 2340; x_wconf 83' lang='lat' dir='ltr'><strong>nun-</strong></span> 
     </span>
     <span class='ocr_line' id='line_1_32' title="bbox 216 2353 1616 2401; baseline -0.002 -13"><span class='ocrx_word' id='word_1_259' title='bbox 216 2362 386 2401; x_wconf 86' lang='lat' dir='ltr'><strong>cupantnr</strong></span> <span class='ocrx_word' id='word_1_260' title='bbox 413 2368 489 2389; x_wconf 85' lang='lat' dir='ltr'><strong><em>cum</em></strong></span> <span class='ocrx_word' id='word_1_261' title='bbox 515 2356 675 2389; x_wconf 83' lang='lat' dir='ltr'><strong>Chazaris</strong></span> <span class='ocrx_word' id='word_1_262' title='bbox 703 2357 952 2399; x_wconf 81' lang='lat' dir='ltr'><strong>conspirantes,</strong></span> <span class='ocrx_word' id='word_1_263' title='bbox 975 2361 1010 2388; x_wconf 91' lang='lat' dir='ltr'><strong>et</strong></span> <span class='ocrx_word' id='word_1_264' title='bbox 1033 2355 1226 2387; x_wconf 84' lang='lat' dir='ltr'><strong>coniunctis</strong></span> <span class='ocrx_word' id='word_1_265' title='bbox 1247 2355 1348 2387; x_wconf 77' lang='lat' dir='ltr'><strong>annis</strong></span> <span class='ocrx_word' id='word_1_266' title='bbox 1377 2353 1616 2387; x_wconf 80' lang='lat' dir='ltr'><strong>Patcinatzitas</strong></span> 
     </span>
     <span class='ocr_line' id='line_1_33' title="bbox 215 2401 1617 2446; baseline -0.003 -12"><span class='ocrx_word' id='word_1_267' title='bbox 215 2403 375 2446; x_wconf 72' lang='lat' dir='ltr'><strong>aggressi,</strong></span> <span class='ocrx_word' id='word_1_268' title='bbox 398 2402 593 2445; x_wconf 83' lang='lat' dir='ltr'><strong>superiores</strong></span> <span class='ocrx_word' id='word_1_269' title='bbox 618 2402 700 2434; x_wconf 84' lang='lat' dir='ltr'><strong>facti</strong></span> <span class='ocrx_word' id='word_1_270' title='bbox 724 2402 864 2434; x_wconf 85' lang='lat' dir='ltr'><strong>sedibus</strong></span> <span class='ocrx_word' id='word_1_271' title='bbox 885 2412 943 2433; x_wconf 85' lang='lat' dir='ltr'><strong>eos</strong></span> <span class='ocrx_word' id='word_1_272' title='bbox 967 2401 1035 2434; x_wconf 86' lang='lat' dir='ltr'><strong>suis</strong></span> <span class='ocrx_word' id='word_1_273' title='bbox 1059 2401 1278 2444; x_wconf 84' lang='lat' dir='ltr'><strong>expulerunt,</strong></span> <span class='ocrx_word' id='word_1_274' title='bbox 1304 2401 1452 2443; x_wconf 85' lang='lat' dir='ltr'><strong>illasque</strong></span> <span class='ocrx_word' id='word_1_275' title='bbox 1472 2403 1617 2430; x_wconf 79' lang='lat' dir='ltr'><strong>tenuere</strong></span> 
     </span>
     <span class='ocr_line' id='line_1_34' title="bbox 215 2446 1616 2492; baseline -0.004 -12"><span class='ocrx_word' id='word_1_276' title='bbox 215 2448 253 2480; x_wconf 82' lang='lat' dir='ltr'><strong>in</strong></span> <span class='ocrx_word' id='word_1_277' title='bbox 279 2447 485 2480; x_wconf 83' lang='lat' dir='ltr'><strong>hodiernum</strong></span> <span class='ocrx_word' id='word_1_278' title='bbox 509 2458 618 2492; x_wconf 88' lang='lat' dir='ltr'><strong>usque</strong></span> <span class='ocrx_word' id='word_1_279' title='bbox 643 2447 734 2480; x_wconf 84' lang='lat' dir='ltr'><strong>diem</strong></span> <span class='ocrx_word' id='word_1_280' title='bbox 772 2449 842 2480; x_wconf 90' lang='lat' dir='ltr'><strong>Uzi.</strong></span> <span class='ocrx_word' id='word_1_281' title='bbox 890 2452 927 2479; x_wconf 80' lang='lat' dir='ltr'><strong>at</strong></span> <span class='ocrx_word' id='word_1_282' title='bbox 963 2447 1191 2479; x_wconf 83' lang='lat' dir='ltr'><strong>Patzinacitae</strong></span> <span class='ocrx_word' id='word_1_283' title='bbox 1216 2446 1275 2490; x_wconf 88' lang='lat' dir='ltr'><strong><em>qui</em></strong></span> <span class='ocrx_word' id='word_1_284' title='bbox 1312 2446 1391 2488; x_wconf 81' lang='lat' dir='ltr'><strong>fuga</strong></span> <span class='ocrx_word' id='word_1_285' title='bbox 1427 2448 1616 2482; x_wconf 84' lang='lat' dir='ltr'><strong>evaserant,</strong></span> 
     </span>
     <span class='ocr_line' id='line_1_35' title="bbox 217 2490 1616 2537; baseline -0.004 -12"><span class='ocrx_word' id='word_1_286' title='bbox 217 2494 468 2526; x_wconf 82' lang='lat' dir='ltr'><strong>circumeuntes</strong></span> <span class='ocrx_word' id='word_1_287' title='bbox 492 2493 707 2537; x_wconf 77' lang='lat' dir='ltr'><strong>quaerebant</strong></span> <span class='ocrx_word' id='word_1_288' title='bbox 725 2493 866 2525; x_wconf 86' lang='lat' dir='ltr'><strong>ubinam</strong></span> <span class='ocrx_word' id='word_1_289' title='bbox 890 2492 987 2524; x_wconf 90' lang='lat' dir='ltr'><strong>sedes</strong></span> <span class='ocrx_word' id='word_1_290' title='bbox 1008 2504 1084 2525; x_wconf 83' lang='lat' dir='ltr'><strong>suas</strong></span> <span class='ocrx_word' id='word_1_291' title='bbox 1106 2493 1340 2532; x_wconf 81' lang='lat' dir='ltr'><strong>conocarent;</strong></span> <span class='ocrx_word' id='word_1_292' title='bbox 1366 2490 1616 2532; x_wconf 80' lang='lat' dir='ltr'><strong>venientesque</strong></span> 
     </span>
     <span class='ocr_line' id='line_1_36' title="bbox 216 2533 1617 2582; baseline -0.004 -12"><span class='ocrx_word' id='word_1_293' title='bbox 216 2539 253 2571; x_wconf 86' lang='lat' dir='ltr'><strong>in</strong></span> <span class='ocrx_word' id='word_1_294' title='bbox 277 2544 400 2571; x_wconf 83' lang='lat' dir='ltr'><strong>terram</strong></span> <span class='ocrx_word' id='word_1_295' title='bbox 426 2550 529 2582; x_wconf 87' lang='lat' dir='ltr'><strong>quam</strong></span> <span class='ocrx_word' id='word_1_296' title='bbox 552 2550 645 2570; x_wconf 90' lang='lat' dir='ltr'><strong>nunc</strong></span> <span class='ocrx_word' id='word_1_297' title='bbox 669 2539 848 2577; x_wconf 84' lang='lat' dir='ltr'><strong>incolunt,</strong></span> <span class='ocrx_word' id='word_1_298' title='bbox 877 2538 1026 2570; x_wconf 83' lang='lat' dir='ltr'><strong>inventis</strong></span> <span class='ocrx_word' id='word_1_299' title='bbox 1049 2537 1123 2569; x_wconf 78' lang='lat' dir='ltr'><strong>illic</strong></span> <span class='ocrx_word' id='word_1_300' title='bbox 1147 2538 1267 2570; x_wconf 87' lang='lat' dir='ltr'><strong>Turcis</strong></span> <span class='ocrx_word' id='word_1_301' title='bbox 1293 2536 1428 2574; x_wconf 85' lang='lat' dir='ltr'><strong>incolis,</strong></span> <span class='ocrx_word' id='word_1_302' title='bbox 1458 2533 1617 2566; x_wconf 81' lang='lat' dir='ltr'><strong>debella-</strong></span> 
     </span>
     <span class='ocr_line' id='line_1_37' title="bbox 216 2579 1615 2628; baseline -0.004 -12"><span class='ocrx_word' id='word_1_303' title='bbox 216 2585 304 2617; x_wconf 77' lang='lat' dir='ltr'><strong>latos</strong></span> <span class='ocrx_word' id='word_1_304' title='bbox 321 2585 506 2623; x_wconf 86' lang='lat' dir='ltr'><strong>eiecerunt,</strong></span> <span class='ocrx_word' id='word_1_305' title='bbox 530 2584 700 2627; x_wconf 83' lang='lat' dir='ltr'><strong>sedesque</strong></span> <span class='ocrx_word' id='word_1_306' title='bbox 730 2585 796 2628; x_wconf 87' lang='lat' dir='ltr'><strong>ipsi</strong></span> <span class='ocrx_word' id='word_1_307' title='bbox 819 2594 895 2616; x_wconf 83' lang='lat' dir='ltr'><strong>suas</strong></span> <span class='ocrx_word' id='word_1_308' title='bbox 914 2584 1180 2628; x_wconf 61' lang='lat' dir='ltr'><strong>imposuerunt,</strong></span> <span class='ocrx_word' id='word_1_309' title='bbox 1206 2587 1398 2625; x_wconf 79' lang='lat' dir='ltr'><strong>tenentque</strong></span> <span class='ocrx_word' id='word_1_310' title='bbox 1419 2581 1485 2612; x_wconf 87' lang='lat' dir='ltr'><strong>iam</strong></span> <span class='ocrx_word' id='word_1_311' title='bbox 1509 2579 1615 2611; x_wconf 87' lang='lat' dir='ltr'><strong>hodie</strong></span> 
     </span>
     <span class='ocr_line' id='line_1_38' title="bbox 215 2628 1204 2673; baseline -0.003 -11"><span class='ocrx_word' id='word_1_312' title='bbox 215 2641 341 2662; x_wconf 83' lang='lat' dir='ltr'><strong>annum</strong></span> <span class='ocrx_word' id='word_1_313' title='bbox 370 2630 692 2673; x_wconf 80' lang='lat' dir='ltr'><strong>quinquagesimum</strong></span> <span class='ocrx_word' id='word_1_314' title='bbox 715 2631 887 2673; x_wconf 87' lang='lat' dir='ltr'><strong>quintum,</strong></span> <span class='ocrx_word' id='word_1_315' title='bbox 912 2630 963 2661; x_wconf 85' lang='lat' dir='ltr'><strong><em>uti</em></strong></span> <span class='ocrx_word' id='word_1_316' title='bbox 989 2628 1116 2661; x_wconf 76' lang='lat' dir='ltr'><strong>dictum</strong></span> <span class='ocrx_word' id='word_1_317' title='bbox 1141 2634 1204 2660; x_wconf 81' lang='lat' dir='ltr'><strong>est.</strong></span> 
     </span>
    </p>

    <p class='ocr_par' dir='ltr' id='par_1_10' title="bbox 305 2669 1615 2720">
     <span class='ocr_line' id='line_1_39' title="bbox 305 2669 1615 2720; baseline -0.006 -12"><span class='ocrx_word' id='word_1_318' title='bbox 305 2676 348 2708; x_wconf 79' lang='lat' dir='ltr'><strong><em>Et</em></strong></span> <span class='ocrx_word' id='word_1_319' title='bbox 371 2675 558 2708; x_wconf 67' lang='lat' dir='ltr'><strong>Patzinacia</strong></span> <span class='ocrx_word' id='word_1_320' title='bbox 581 2674 722 2720; x_wconf 84' lang='lat' dir='ltr'><strong>quidem</strong></span> <span class='ocrx_word' id='word_1_321' title='bbox 754 2675 912 2711; x_wconf 85' lang='lat' dir='ltr'><strong>universa</strong></span> <span class='ocrx_word' id='word_1_322' title='bbox 934 2676 971 2708; x_wconf 90' lang='lat' dir='ltr'><strong>in</strong></span> <span class='ocrx_word' id='word_1_323' title='bbox 1006 2673 1158 2710; x_wconf 81' lang='lat' dir='ltr'><strong>themata</strong></span> <span class='ocrx_word' id='word_1_324' title='bbox 1195 2677 1273 2706; x_wconf 84' lang='lat' dir='ltr'><strong>octo</strong></span> <span class='ocrx_word' id='word_1_325' title='bbox 1317 2669 1502 2710; x_wconf 86' lang='lat' dir='ltr'><strong>dividitur,</strong></span> <span class='ocrx_word' id='word_1_326' title='bbox 1526 2679 1615 2713; x_wconf 84' lang='lat' dir='ltr'><strong>quae</strong></span> 
     </span>
    </p>
   </div>
  </div>
 </body>
</html>
