1780 3132
203 137 258 178 ΙΝ
295 132 651 178 CONSTANTml
691 132 888 175 PORPH.
912 134 1009 173 Lm.
1035 131 1107 173 DE
1125 128 1257 173 ΑΒΜ.
1284 130 1391 172 IMP.
1431 126 1526 172 329

91 250 390 293 saracenorum
417 249 587 302 imperil,
616 249 792 290 conferri
818 251 986 301 possunt
1003 259 1090 286 cum
1114 246 1166 287 iis
1194 258 1296 299 quae
1322 245 1365 287 iu
1393 244 1528 285 diver-

89 306 148 348 sis
172 305 274 346 locis
301 317 399 345 suae
434 304 783 358 chronographiae
813 303 953 343 scribit
986 302 1266 355 Theophanes.

198 373 294 419 114,
323 374 391 412 11.
459 368 641 422 κουράν,
670 363 908 419 Κουροένιον
935 372 975 408 et
1003 366 1170 418 Κοροίν,
1208 365 1366 417 Cur-an,
1397 367 1528 406 Leun-

89 426 223 466 clavio
253 426 295 466 in
321 426 525 466 Onomast.
561 426 612 466 ad
642 425 743 466 Hist.
775 426 896 465 Ture.
927 420 1192 466 Alcoranum
1206 421 1528 465 Mahnmetano-

88 492 195 526 rm.
225 493 265 521 v,
294 481 495 534 Ducangii
521 480 587 521 Gl.
619 481 692 521 Gr.

199 544 308 588 Ibid.
337 551 404 588 20.
463 547 550 600 Ugo
592 547 670 586 iste
701 545 751 586 ab
783 545 897 585 Italis
930 548 1095 585 vocatus
1111 576 1122 596 ‚
1153 545 1278 585 eiecto
1301 542 1528 596 Rodulplm,

90 601 236 641 ltaliae
263 613 433 654 regnum
461 601 652 650 obtinuit,
683 601 751 639 sed
781 600 980 640 Franciae
1008 611 1109 651 rex,
1138 605 1182 640 ut
1215 600 1337 653 paulo
1366 599 1476 640 infra
1503 611 1530 638 a

88 656 438 709 Porphyrogenito
478 657 729 709 appellatur,
757 668 953 709 nusquam
981 655 1075 707 fuit,
1112 655 1184 696 sed
1213 667 1345 696 comes
1373 658 1528 695 tantum

88 711 325 752 Provinciae
353 711 441 751 sive
470 710 733 751 Arelatensis.

196 778 291 829 115,
319 781 357 818 1.
415 772 592 828 ῥηγάτον
621 777 791 818 Graecis
822 777 1112 817 recentioribus
1138 788 1325 830 reymtm,
1353 779 1397 817 ut
1428 773 1526 814 dov-

86 824 223 884 xvim,
250 826 536 883 πριγκιπὰτον,
565 835 638 873 etc.
694 844 733 872 v.
766 832 831 872 Gl.
863 832 935 873 Gr.
966 832 1178 884 Ducangii.

198 895 306 939 [bid.
335 901 374 938 6.
431 898 648 939 Lotharius
677 897 743 939 hic
770 898 954 939 Lotharii
981 899 1101 948 filius,
1130 897 1373 939 Ludovicill
1402 897 1529 950 impe-

87 951 265 1004 tatoris,
307 952 376 1006 qui
412 957 580 1006 quartus
619 965 645 994 a
683 953 833 994 Carolo
873 966 1020 1007 magno
1061 954 1281 1006 imperator
1314 953 1531 994 occidentis

87 1011 334 1058 numeratur,
361 1009 504 1059 frater,
533 1009 583 1049 ab
611 1009 751 1049 eodem
772 1009 976 1049 Ludovico
1004 1014 1145 1050 contra
1170 1009 1398 1050 Saracenos
1416 1007 1528 1048 Afri-

90 1074 216 1103 canos
246 1062 407 1103 ltaliam
434 1066 644 1104 vastantes
674 1064 725 1104 ad
754 1063 948 1104 auxilium
977 1069 1144 1105 vocatus
1161 1065 1331 1105 Romam
1358 1063 1459 1104 adiit
1488 1076 1528 1104 a.

87 1116 184 1158 Chr.
206 1120 302 1168 869,
327 1121 483 1158 mortuo
513 1118 594 1159 iam
619 1124 714 1160 ante
740 1119 943 1159 biennium
971 1119 1138 1160 Nicolao
1171 1120 1379 1171 pontifice;
1409 1122 1449 1158 et
1475 1118 1528 1159 ab

87 1173 173 1213 eius
202 1184 433 1212 successore
461 1172 666 1214 Hadriano
692 1175 729 1214 11
755 1186 828 1226 per
859 1175 1042 1215 fraudem
1070 1187 1119 1214 ac
1148 1174 1397 1215 mendacium
1425 1185 1527 1214 exo-

89 1231 182 1268 rata
208 1227 350 1279 venia,
376 1240 466 1268 cum
502 1230 578 1269 sub
611 1229 925 1269 communionem
963 1229 1151 1269 dominici
1191 1229 1374 1282 corporis
1415 1228 1530 1269 Wal-

89 1281 222 1323 drada
250 1294 295 1322 se
333 1283 478 1335 pellice
506 1288 598 1336 post
626 1284 880 1324 interdictum
921 1284 1163 1324 abstinuisse
1193 1290 1233 1324 et
1259 1285 1301 1324 in
1325 1287 1530 1336 potestate

88 1337 212 1377 fuisse
227 1337 386 1378 Nicolai
410 1339 607 1390 pontificis
630 1339 817 1389 iurasset,
835 1339 1040 1393 sacrilegii
1067 1339 1176 1380 illius
1204 1339 1246 1379 in
1275 1339 1408 1379 reditu
1433 1351 1530 1392 poe-

87 1404 164 1433 nas
210 1392 323 1432 dedit
353 1393 583 1434 Placentiae
625 1394 741 1445 letali
789 1395 929 1434 morbo
981 1396 1185 1435 confectus
1234 1395 1373 1435 eodem
1403 1407 1530 1444 anno,

88 1451 206 1498 sexto
246 1446 337 1488 idus
376 1447 576 1501 Augusti,
615 1454 660 1490 ut
698 1449 880 1490 scribunt
923 1450 1119 1490 nonnulli.
1182 1450 1255 1490 alii
1289 1462 1388 1490 vero
1428 1449 1533 1489 lulio

89 1515 226 1543 mense
261 1507 463 1543 mortuum
491 1509 665 1546 narrant
682 1536 692 1556 ,
734 1516 862 1558 neque
902 1504 944 1545 id
981 1505 1092 1545 cuius
1131 1517 1254 1546 eausa
1283 1509 1452 1546 venerat
1478 1505 1532 1545 ab

87 1558 295 1598 Hadriano
324 1558 572 1611 impetrasse.

198 1611 307 1653 lbid.
336 1617 403 1654 13.
459 1610 563 1664 μετὰ
599 1613 662 1663 δὲ]
692 1614 761 1655 diu
789 1618 880 1667 post
913 1614 1099 1655 Lotharii
1126 1614 1277 1655 obitum
1305 1615 1533 1655 Ludovicus

88 1666 154 1708 hic
181 1667 233 1708 ab
262 1668 482 1710 Adelberto
510 1670 683 1710 Tusciae
711 1670 941 1710 marchione
971 1670 1125 1710 excitus
1154 1675 1296 1711 contra
1323 1670 1533 1723 Berenga-

87 1722 194 1763 rium
219 1722 262 1762 in
293 1723 453 1764 ltaliam
483 1725 612 1775 venit3
658 1725 803 1777 quippe
845 1725 1062 1765 Lotharius
1103 1737 1125 1764 e
1153 1725 1259 1765 vivis
1290 1725 1465 1765 excessit
1492 1738 1530 1765 a.

88 1778 184 1818 Chr.
213 1781 316 1828 869,
354 1779 582 1820 Ludovieus
620 1792 719 1820 vero
756 1779 822 1820 hic
852 1780 896 1821 iu
924 1780 1086 1821 Italiam
1113 1780 1224 1821 venit
1258 1793 1296 1821 a.
1326 1780 1422 1822 Chr.
1450 1784 1534 1820 900

92 1834 160 1873 vel
184 1833 378 1885 sequenti.

196 1886 305 1929 Ibid.
334 1892 400 1930 14.
422 1883 645 1937 Λοδόϊκος]
674 1888 903 1930 Ludovicus
933 1888 1192 1940 hic‚B0sonis
1210 1889 1328 1940 filius,
1354 1890 1534 1931 nascitur

87 1955 140 1984 ex
167 1943 463 1997 Hermingarde
490 1944 576 1985 filia
601 1944 796 1985 Ludovici
830 1944 998 1984 iunioris
1027 1945 1299 1997 imperatoris.

199 1996 309 2040 Ibid.
341 2003 406 2040 16.
464 1991 516 2050 ἧν
544 1998 623 2047 μὲν
654 1992 864 2047 ἅστεπτος]
900 1999 1152 2051 Ludovicus,
1191 2000 1233 2040 in
1270 2001 1411 2052 fugam
1439 2014 1534 2041 con-

87 2051 194 2092 iecto
222 2053 487 2107 Berengario,
516 2055 669 2095 Romae
697 2067 723 2095 a
754 2066 861 2107 papa
878 2054 1035 2107 imperii
1066 2056 1239 2096 donatus
1270 2061 1332 2095 est
1359 2055 1533 2109 insigni-

87 2106 165 2148 bus
194 2120 234 2148 a.
264 2108 360 2150 Chr.
388 2113 484 2150 901.

197 2172 307 2216 Ιῠίἆ.
377 2169 555 2225 ὕστερον
586 2173 657 2224 δὲ]
686 2188 793 2216 anno
823 2175 945 2215 tertio
981 2175 1139 2228 imperii
1180 2176 1407 2217 Ludovicus
1446 2189 1535 2217 cum

89 2231 196 2267 esset
223 2230 421 2279 Veronae,
451 2230 662 2271 Adelberti
689 2231 947 2279 marchionis,
980 2243 1006 2271 a
1035 2244 1111 2285 quo
1133 2236 1299 2273 vocatus
1331 2232 1465 2272 fuerat
1491 2232 1535 2272 in

88 2282 260 2335 ltaliam,
290 2285 519 2336 proditione
548 2286 705 2339 capitur
743 2299 769 2326 a
794 2286 1067 2338 Berengarm,
1101 2290 1141 2326 et
1164 2286 1290 2326 oculis
1317 2291 1437 2339 atque
1459 2287 1535 2328 im-

89 2338 203 2388 perio
233 2339 419 2390 privatur
444 2340 629 2393 Augusto
659 2353 796 2381 mense
827 2354 864 2380 a.
896 2341 991 2382 Chr.
1021 2344 1128 2390 904,
1167 2345 1212 2382 ιιι
1239 2341 1298 2381 ait
1323 2342 1534 2396 Rhegino‚

88 2393 166 2432 etsi
192 2393 404 2434 Gotfridus
431 2395 682 2437 Viterbensis
711 2402 752 2436 et
780 2397 874 2436 Otto
898 2396 1172 2450 Frisingensis
1199 2397 1381 2450 sequenti
1425 2410 1534 2438 anno

90 2445 133 2487 id
161 2449 312 2489 factum
342 2449 529 2500 prodant.

197 2501 308 2544 Ibid.
328 2507 394 2545 21.
452 2502 665 2557 ἐστέφθη]
690 2505 962 2559 Berengarius
984 2506 1143 2547 sublato
1157 2507 1360 2547 Ludovieo
1393 2518 1535 2547 rursus

88 2557 233 2598 ltaliae
260 2563 433 2611 occupat
461 2571 656 2611 regnum3
688 2574 737 2601 ac
765 2562 933 2601 Romam
961 2574 1048 2601 cum
1088 2562 1269 2602 exercitu
1297 2562 1438 2603 adiens
1467 2575 1535 2602 co-

87 2624 230 2653 ronam
259 2613 417 2666 imperii
446 2627 472 2654 a
501 2615 654 2655 Ioanne
683 2628 790 2668 papa
818 2616 1018 2656 violenter
1057 2617 1248 2668 extorsit,
1277 2622 1318 2657 et
1349 2618 1533 2670 Septem-

89 2667 154 2708 bri
180 2679 318 2710 meuse
347 2681 386 2710 a.
415 2670 499 2711 915
524 2674 587 2711 est
612 2669 809 2724 inunctus,
836 2675 882 2713 ut
908 2683 960 2715 ex
981 2672 1065 2713 eius
1083 2672 1370 2726 diplomatibus
1391 2676 1532 2714 osten-
