1780 3132
290 208 384 258 242
540 216 893 258 CONSTANTlNl
931 205 1400 260 PORPHYROGENth

283 311 439 368 μητρὸς
455 315 528 354 τοῦ
554 312 755 363 βασιλέως
779 312 967 365 τυγχάνει
984 314 1056 353 καί
1073 310 1206 354 αὕτοῦ
1221 317 1295 355 τοῦ
1312 315 1695 371 βασιλέως,ἰἰνάγκη

283 380 355 417 καί
382 375 484 431 πρὸς
502 374 597 421 τούς
625 376 755 420 ἰδίους
773 377 970 423 δεσπότας
995 379 1066 418 καί
1092 377 1306 430 εὐεργέτας
1330 382 1598 431 προσπαθεῖν.
1627 380 1704 421 κατ’·

280 441 342 489 τίς
357 440 379 493 ἦ
394 441 514 492 χρεία
533 438 602 479 τόν
618 438 718 479 λαὸν
732 441 811 479 τῶν
829 440 1035 492 α’γραρίων
1052 444 1124 494 τῆς
1137 441 1287 495 φιάλης
1303 444 1346 484 ἑν
1361 442 1478 484 δυσίν
1494 443 1696 492 ἐξουσίαις

277 505 555 557 διαιρεῖσθαις
585 503 755 542 δύναται
779 501 856 556 γὰρ
884 502 907 542 ὅ
931 507 998 558 τῆς
1026 507 1227 558 τραπέζης
1263 508 1335 559 τῆς
1349 503 1617 561 Λῦγούστης,
1644 508 1695 562 τῇ

279 566 382 620 πρός
409 567 482 607 τὸν
522 568 698 618 βασιλέα
738 568 809 607 καί
848 566 920 620 τήν
957 569 1200 623 Λῦγούστην
1237 571 1374 626 ειῖνοίᾳ
1411 570 1726 624 ›comminentes-,5

277 633 532 683 ἐξαπατῆσαι
573 630 668 678 τούς
707 631 779 671 ὑπ’
825 631 956 672 αὐτοῦ
999 637 1297 686 κρατουμένους
1338 633 1696 688 αὕγουστιατικοῦς

280 695 549 748 ἁγραριώτας,
580 693 772 743 πολλάκις
796 697 840 736 δὲ
859 694 930 736 καί
949 696 1045 744 τούς
1070 700 1148 738 τῶν
1179 699 1413 751 δρομωνίων
1439 698 1601 753 ἐλάτας,
1626 698 1698 739 καὶ

277 757 534 811 μελετὴσωσί
559 774 649 799 τινα
677 758 954 800 ἐπανάστασιν
977 759 1081 801 κατὰ
1112 763 1184 814 τῆς
1209 761 1420 814 βασιλείας
1447 777 1539 804 σου.
1567 762 1696 802 ταῦτα

280 821 404 863 εἰπών
432 825 570 863 πείθει
596 821 667 863 τὸν
696 822 816 864 κακὸν
846 825 998 865 ἐκεῖνον
1024 824 1090 865 καὶ
1124 825 1284 866 σκολιὸν
1314 825 1519 879 ῥαίκτωρα
1543 828 1615 866 καί
1641 827 1695 866 δι’

281 887 411 927 αὐτοῦ
439 886 510 926 τὸν
537 887 732 938 βασιλέα·
788 883 951 928 εὔκολον
977 887 1053 942 γάρ
1086 889 1107 941 ἢ
1137 887 1338 944 κουφότης
1368 893 1438 931 καί
1462 887 1750 942 ἅδιάκριτοςιο

278 951 420 1004 γνώμη
447 949 550 1002 πρός
590 948 701 990 ἅπαν
724 950 768 991 τὸ
800 950 1034 1004 κακούργως
1064 954 1276 1006 λεγόμενον
1307 953 1377 994 καί
1403 954 1695 1006 ὑποτιθέμενον

282 1017 599 1055 ἀποπλανᾶσθαι
641 1014 713 1054 καί
755 1016 1026 1056 ε’κκυλίεσθαι.
1093 1019 1165 1057 καί
1189 1016 1314 1058 εἰπών
1340 1019 1485 1072 πείθει,
1515 1018 1585 1058 καί
1609 1021 1695 1058 πεί·

280 1094 357 1125 σας
386 1081 541 1118 δίδοται
576 1078 685 1134 αὐτῷ
713 1081 783 1119 καί
808 1077 831 1132 ἧ
854 1081 934 1119 τῶν
964 1080 1313 1131 αὔγουστιατικῶν
1339 1082 1549 1135 α’γραρίων
1575 1084 1691 1131 ἐξου-

279 1143 373 1184 σία·
428 1142 498 1183 καί
525 1141 660 1182 ἔκτοτε
689 1143 932 1196 ἐπεκράτησε
960 1142 1004 1183 τὸ
1033 1144 1104 1183 τὸν
1133 1145 1448 1198 πρωτοκὰραβον
1473 1147 1550 1186 τοῦ
1573 1149 1695 1198 βασι-

280 1208 397 1247 λικοῦ
426 1207 653 1258 δρομωνώυ
683 1208 846 1258 ἐπέχειν
876 1206 948 1246 καί
973 1206 1223 1258 ε”ξουσιοίζειν
1251 1208 1406 1256 πάντας
1425 1207 1520 1257 τούς
1546 1207 1693 1257 ἐλάτας
1708 1225 1748 1258 15

280 1273 361 1310 τῶν
388 1286 428 1311 τε
469 1272 706 1322 δρομωνίων
744 1273 970 1322 βασιλικῶν
994 1286 1037 1311 τε
1067 1271 1138 1311 καί
1176 1272 1523 1324 αὕγουστιατικῶν
1559 1272 1694 1328 ἄγρα-

282 1338 394 1388 ρίων,
415 1336 487 1374 καί
510 1331 616 1375 εἶναι
646 1335 718 1374 καί
747 1332 1123 1387 πρωτοσπαθάριον
1152 1337 1224 1388 τῆς
1251 1336 1414 1390 φιάλης.

382 1400 528 1439 Ἰστέον
557 1398 621 1438 ὅτι
649 1400 718 1439 ἐπί
737 1401 919 1445 Λέοντος
945 1401 1019 1439 τοῦ
1054 1400 1298 1453 ἀειμνήστου
1325 1400 1395 1441 καὶ
1429 1403 1695 1455 φιλοχρίστου

279 1465 482 1514 βασιλέως
521 1464 676 1514 ἐγένετο
721 1460 801 1503 α’πὸ
844 1464 924 1503 τῶν
960 1464 1032 1515 τῆς
1078 1462 1232 1511 δύσεως
1274 1464 1466 1515 θεμάτων
1504 1467 1695 1518 λογαρίου

282 1529 501 1580 α’παίτησις
538 1526 606 1566 διὰ
643 1529 719 1566 τοῦ
745 1527 1119 1579 πρωτοσηαθαρίου
1162 1529 1342 1575 Λέοντος
1379 1530 1451 1568 καί
1487 1528 1749 1581 γεγονότοςρο

282 1594 513 1645 στρατηγοῦ
540 1592 610 1631 τοῦ
642 1590 815 1644 Τζικὰνη
843 1590 887 1631 ἐκ
923 1594 1003 1632 τῶν
1033 1591 1289 1643 αἱρουμένων
1318 1589 1374 1644 μή
1402 1589 1639 1641 ταξιδεύειν.

387 1655 532 1696 Ἰστέον
571 1651 635 1694 ὅτι
679 1657 749 1695 καί
784 1652 904 1694 πάλιν
942 1656 1012 1696 ἐπὶ
1049 1655 1122 1695 τοῦ
1160 1654 1290 1695 αὐτοῦ
1329 1657 1597 1708 φιλοχρίστου
1624 1657 1695 1695 καὶ

284 1719 530 1773 ἀειμνήστου
568 1721 745 1766 Λέοντος
783 1721 938 1771 ἐγένετο
975 1717 1055 1759 αἠὁ
1099 1721 1179 1759 τῶν
1216 1720 1284 1772 τῆς
1323 1717 1477 1768 δύσεως
1504 1717 1693 1771 θεμάτων

371 1833 395 1866 6
420 1834 685 1879 κρατουμένους
710 1832 780 1865 add
803 1834 826 1865 B

280 1942 496 1986 imperatoris
536 1948 571 1975 et
594 1943 711 1976 matris
736 1943 842 1986 ipsius
866 1942 1030 1975 tutandas
1056 1954 1185 1987 pronus
1221 1948 1305 1982 erat,
1330 1942 1524 1975 necessario
1549 1952 1591 1973 ex
1615 1942 1690 1985 ipso

280 1991 404 2020 affectu
432 1988 652 2021 dominorum
692 2000 830 2020 suorum
864 1988 966 2020 rebus
999 1988 1210 2032 advigilat-(23
1244 1990 1362 2032 itaque
1388 1987 1478 2019 nihil
1503 1998 1591 2030 opus
1617 1998 1691 2019 esse

279 2034 491 2077 agrariorum
519 2034 657 2066 Phialae
681 2034 849 2079 populum
880 2033 943 2066 sub
970 2033 1102 2066 duabus
1121 2034 1353 2077 potestatibus
1371 2032 1507 2072 dirimi3
1533 2037 1568 2064 et
1590 2043 1691 2075 posse

278 2089 417 2111 mensae
438 2080 612 2121 Augustae
641 2079 867 2111 domesticum
893 2079 1007 2111 studio
1034 2079 1172 2112 ductum
1197 2090 1276 2122 erga
1304 2080 1546 2123 imperatorem
1567 2083 1603 2110 et
1618 2078 1691 2109 Au·-

278 2130 410 2168 gustam
435 2126 620 2167 agrariotas
656 2137 734 2157 suos
764 2126 969 2167 Augustales
998 2125 1137 2164 fallere,
1168 2136 1207 2156 ac
1233 2135 1336 2168 saepe
1362 2124 1466 2156 etiam
1490 2123 1693 2158 dromonio-

280 2181 354 2201 rum
379 2171 536 2213 remigeS,
566 2177 602 2203 et
626 2171 834 2204 seditionem
859 2171 1009 2215 aliquam
1035 2176 1152 2202 contra
1181 2171 1394 2202 maiestatem
1419 2175 1513 2201 tuam
1541 2168 1692 2200 molien-

278 2221 344 2247 tur.
394 2215 482 2247 haec
507 2227 584 2248 cum
610 2217 774 2256 dixisset,
810 2215 995 2260 persuadet
1021 2217 1167 2259 primum
1203 2217 1348 2248 scelesto
1374 2215 1429 2247 illi
1453 2220 1490 2247 et
1514 2214 1693 2258 versipelli

278 2262 422 2302 rectori,
451 2267 558 2306 atque
584 2274 645 2306 per
669 2273 747 2294 eum
773 2262 992 2305 imperatori:
1018 2262 1149 2305 quippe
1186 2262 1288 2293 facile
1317 2261 1402 2293 levis
1433 2265 1469 2292 et
1490 2259 1692 2303 imprudens

277 2307 413 2338 animus
446 2307 489 2338 ad
520 2307 698 2351 quidlibet
734 2308 975 2339 fraudulenter
1001 2306 1131 2338 dictum
1164 2306 1298 2339 fallitur
1332 2307 1581 2348 evertiturque.
1631 2305 1691 2336 ubi

276 2352 506 2396 persuasisset
529 2353 669 2397 itaque,
697 2354 938 2395 Augustalium
964 2353 1175 2395 agrariorum
1201 2358 1352 2396 potestas
1380 2351 1433 2383 illi
1461 2350 1589 2385 collata
1615 2355 1690 2382 est:

277 2409 319 2430 ex
344 2408 456 2441 eoque
490 2404 646 2442 tempore
683 2399 839 2431 obtinuit
878 2404 916 2430 ut
939 2398 1157 2441 imperatoris
1184 2398 1355 2429 dromonii
1382 2396 1629 2440 protocarabus
1653 2396 1691 2427 in

277 2454 396 2475 omnes
422 2443 636 2487 reliquorum
662 2444 921 2476 dromoniorum
947 2443 1177 2486 imperialium
1203 2443 1514 2486 Augusta'liumque
1539 2441 1692 2484 agrario-

276 2500 349 2521 rum
375 2490 518 2531 remiges
543 2490 596 2521 ius
622 2489 769 2522 haberet
796 2496 957 2533 essetque
986 2489 1123 2521 phialae
1150 2488 1461 2532 protospatharius.

368 2534 439 2565 Sub
473 2535 587 2567 Leone
620 2547 701 2567 vero
729 2547 864 2579 semper
888 2534 1109 2567 memorando
1137 2539 1172 2565 et
1200 2534 1325 2567 Christi
1361 2532 1592 2565 amantissimo
1627 2531 1693 2563 im-

277 2584 437 2621 peratore
484 2580 527 2611 ab
560 2580 760 2613 Occidentis
796 2580 1006 2613 thematibus
1049 2580 1175 2612 tributi
1221 2580 1354 2612 exactio
1400 2580 1490 2611 sacta
1539 2583 1592 2609 est
1630 2587 1693 2620 per

278 2625 431 2656 Leonem
461 2626 776 2670 protospatharium
801 2632 837 2660 et
854 2627 1001 2659 Tzicane
1021 2631 1214 2670 praetorem
1240 2636 1283 2658 ex
1306 2626 1350 2657 iis
1372 2625 1434 2670 qui
1459 2627 1571 2655 eastra
1591 2622 1692 2666 sequi

277 2671 427 2703 nollent.

369 2715 412 2749 Et
440 2726 574 2750 rursum
599 2716 662 2749 sub
688 2716 811 2750 eodem
834 2717 1042 2762 imperatore
1064 2716 1179 2749 Leone
1202 2716 1270 2749 alia
1295 2715 1416 2748 tributi
1440 2714 1573 2748 exactio
1601 2712 1691 2745 facta
