1780 3132
279 174 373 223 224
555 179 906 223 CONSTAN'an
946 180 1413 223 PORPHYROGENJTI

274 278 369 326 τούς
412 280 488 330 μὲν
520 277 759 330 ΙΗιληγγούς
798 277 827 327 ξ’
856 279 1108 328 νομίσματα,
1145 275 1242 324 τούς
1268 278 1313 317 δὲ
1336 278 1534 330 Ἐζερίτας
1561 280 1675 330 νομί·

274 358 409 394 σματα
435 340 478 382 τ’.
547 338 649 394 αὕτη
687 337 759 381 οὖν
798 341 906 380 ἐστίν
944 340 969 393 ἦ
998 341 1108 381 αἰτία
1147 342 1219 392 τῆς
1252 339 1484 394 προσθήκης
1508 343 1675 395 καὶτῆς

276 408 442 459 ἐκκοπῆς
469 408 550 446 τῶν
576 403 736 445 πάκτων
761 407 840 445 τῶν
866 407 1091 458 Μιληγγῶν
1118 403 1190 445 καί
1210 406 1290 445 τῶν
1315 405 1531 457 Ἐζεριτὶόν.

375 470 522 510 Ἰστὲον
562 466 624 508 ὅτι
654 467 692 508 οἱ
734 471 810 509 τοῦ
838 469 1015 522 κάστρου
1045 470 1211 521 Μαΐνης
1240 468 1440 521 οἰκήτορες
1467 470 1540 509 ουἰι
1568 469 1670 510 εἰσίν

273 533 353 573 α’πὸ
380 535 449 585 τῆς
475 535 616 584 γενεᾶς
641 534 720 572 τῶν
744 535 1051 586 προρρηθέντων
1070 532 1274 586 Σκλάβων,
1301 534 1387 573 ἀλλ’
1412 533 1456 573 ἐκ
1482 533 1563 574 τῶν
1589 541 1701 574 ποι-5

273 599 489 647 λαιοτέρων
516 596 752 648 Ῥωμαίων,
789 596 832 636 οἳ
865 597 937 637 καί
962 600 1087 650 μέχρι
1124 597 1198 637 τοῦ
1221 599 1295 638 νῦν
1319 595 1431 650 παρὰ
1457 597 1536 637 ταῖν
1561 598 1671 638 ἐντο-

268 659 373 699 πίων
400 657 584 712 Ἓλληνες
621 659 988 712 προσαγορεύονται
1025 659 1093 701 διά
1134 660 1178 701 τὸ
1216 662 1259 702 ἑν
1299 665 1382 707 τοῖς
1406 663 1670 713 προπαλαιοῖς

265 721 427 776 χρόνοις
468 723 767 776 εἰδωλολάτρας
806 720 910 765 εἶναι
945 723 1018 765 καί
1050 723 1328 779 προσκυνητάς
1370 724 1448 765 τῶν
1490 723 1670 767 εἰδώλων

266 786 367 828 κατα
395 787 491 835 τοὺς
509 786 711 835 παλαιούς
730 785 942 842 Ἓλληνας·
999 790 1141 836 οἵτινες
1168 790 1238 830 ε’πί
1262 789 1335 842 τῆς
1358 790 1569 840 βασιλείας
1596 788 1668 828 τοῦ

265 851 456 903 ἅοιδιζιιου
485 855 705 893 Βασιλείου
734 855 1022 904 βαπτισθέντες
1037 853 1284 904 Χριστιανοὶ
1308 850 1529 905 γεγόνασιν.
1570 848 1664 893 ὅδὲ
1678 861 1719 894 10

263 915 381 964 τόπος
404 918 447 956 ἐν
471 911 502 972 ᾧ
527 917 705 958 οἰκοῦσίν
736 920 846 958 ἑστιν
869 914 1041 969 ἄνυδρος
1071 918 1142 957 καί
1173 915 1399 970 ἅπρόσοδος
1427 914 1665 970 ἐλαιοφόρος

264 983 334 1021 δέ·
376 978 473 1022 ὅθεν
501 981 570 1022 καί
596 980 666 1035 τήν
683 983 954 1034 παραμυθίαν
970 980 1125 1035 ἔχουσι.
1166 979 1362 1022 διάκειται
1387 978 1466 1021 δὲὸ
1487 982 1664 1028 τοιοῦτος

144 1057 169 1088 Ρ
187 1057 248 1090 135
262 1043 384 1092 τόπος
410 1047 469 1092 εἰς
496 1042 624 1097 ἄκραν
644 1049 718 1087 τοῦ
748 1048 924 1099 Μαλέα,
950 1042 1072 1100 ἤγουν
1107 1044 1261 1086 ἐκεῖθεν
1283 1047 1355 1085 τοῦ
1378 1045 1536 1098 Ἐζεροῦ
1562 1042 1665 1096 πρὸς

261 1112 618 1162 παραθαλασσίαν.
691 1109 758 1150 διὰ
796 1112 841 1150 δὲ
895 1110 938 1151 τὸ
977 1113 1137 1158 τελείως
1183 1107 1527 1161 ὑποτεταγμένους
1559 1103 1663 1148 εἶναι

260 1171 408 1220 αὐτούς
436 1173 507 1214 καί
532 1170 711 1226 ἄρχοντα
734 1172 844 1228 παρὰ
883 1176 959 1214 τοῦ
983 1176 1211 1228 στρατηγοῦ
1230 1175 1426 1225 δέχεσθαι
1452 1174 1522 1213 καί
1546 1175 1661 1212 aas.
1675 1181 1715 1214 15

258 1243 401 1291 αρχεῖν
451 1240 520 1278 καί
558 1236 736 1279 ὑπείκειν
771 1245 859 1285 ταῖς
891 1240 962 1279 τοῦ
991 1239 1218 1290 στρατηγοῦ
1260 1234 1547 1290 προστάξεσιν,
1582 1253 1660 1278 πα-

255 1304 423 1354 ρέχουσι
453 1301 600 1343 πάκτον
630 1304 673 1342 ἐκ
705 1302 956 1342 παλαιτάτου
985 1300 1139 1354 χρόνου
1168 1303 1396 1352 νομίσματα
1423 1301 1471 1342 v'.
1497 1337 1499 1339 .

354 1366 498 1407 Ἰστὲον
535 1363 598 1406 ὅτι
637 1366 661 1419 ἢ
706 1369 774 1419 τῆς
820 1357 1120 1413 Καππαδοκίας
1158 1365 1374 1418 στρατηγίς
1411 1363 1454 1406 τὸ
1487 1363 1659 1407 παλαιὸν

251 1430 409 1481 τοῦρμα
436 1424 485 1483 ἦν
512 1432 584 1483 τῆς
612 1431 692 1470 τῶν
718 1431 991 1470 Ἀνατολικῶν
1019 1431 1295 1483 στρατηγίδος.

356 1494 495 1535 ’[στέον
538 1492 598 1534 ὅτι
646 1494 670 1548 ἦ
709 1493 974 1548 Κεφαληνίας
1017 1493 1234 1547 στρατηγὶς
1279 1489 1401 1546 ἤγουν
1436 1493 1486 1534 τοὶ
1535 1495 1711 1547 νησίαῖὶθ

251 1559 408 1611 τοῦρμα
439 1553 488 1611 ἦν
518 1557 563 1599 τὸ
598 1558 774 1599 παλαιὸν
802 1560 874 1610 τῆς
901 1558 1164 1611 στρατηγίδος
1191 1558 1528 1610 Λογουβαρὸῗας·
1586 1558 1656 1598 ἐπὶ

249 1623 295 1663 δὲ
324 1625 500 1670 Λέοντος
529 1625 601 1664 τοῦ
629 1624 896 1678 φιλοχρίστου
924 1620 1124 1662 δεσπότου
1150 1626 1284 1675 γέγονε
1310 1624 1534 1676 στρατηγίς.

246 1813 451 1845 nomismata
476 1813 675 1856 sexaginta,
700 1813 856 1845 Ezeritae
889 1823 968 1845 vero
994 1813 1197 1845 nomismata
1223 1817 1387 1845 trecenta.
1435 1817 1541 1856 atque
1565 1812 1650 1846 haec

248 1859 392 1902 quidem
416 1870 518 1891 causa
540 1859 610 1892 fuit
643 1859 737 1891 aucti
761 1859 1003 1903 imminutique
1041 1869 1154 1890 rursus
1183 1858 1411 1902 Milengorum
1433 1863 1470 1892 et
1495 1859 1648 1892 Ezerita-

246 1915 320 1936 rum
345 1903 476 1937 tributi.

337 1959 523 1993 Sciendum
546 1971 628 1993 vero
653 1965 707 1993 est
729 1959 941 1993 habitatores
968 1958 1064 1991 urbis
1101 1959 1236 1991 Maines
1262 1969 1281 1990 a
1307 1951 1493 2003 pr'aedictis
1517 1960 1648 1993 Sclavis

245 2001 413 2049 originem
436 2017 507 2038 non
532 2006 681 2046 ducere,
708 2006 768 2038 sed
793 2005 835 2038 ab
865 2005 1119 2049 antiquioribus
1149 2004 1330 2045 Romanis3
1359 2007 1418 2049 qui
1443 2006 1478 2038 in
1505 2005 1648 2039 hodier-

242 2064 326 2084 num
350 2062 460 2096 usque
485 2052 575 2084 diem
600 2052 644 2084 ab
684 2052 808 2084 incolis
832 2051 954 2084 Graeci
985 2051 1218 2094 appellantur,
1244 2050 1337 2094 quod
1365 2052 1483 2094 priscis
1510 2057 1646 2096 tempo-

243 2098 337 2131 ribus
355 2099 560 2130 idololatrae
586 2098 719 2130 suerint
732 2109 769 2130 ac
793 2097 965 2129 idolorum
983 2096 1135 2129 cultores
1161 2102 1313 2129 veterum
1327 2095 1536 2129 Graecorum
1559 2098 1645 2140 ritu3

243 2145 302 2188 qui
327 2144 468 2187 quidem
496 2154 564 2175 rem
590 2143 765 2188 publicam
790 2145 975 2176 Romanam
1006 2142 1267 2174 administrante
1291 2143 1469 2185 praeclaro
1491 2142 1553 2175 illo
1578 2144 1645 2175 irn-

241 2195 400 2233 peratore
426 2189 554 2222 Basilio
584 2201 660 2222 cum
700 2189 875 2233 baptismo
902 2187 1131 2221 Christianam
1158 2187 1260 2219 fidem
1280 2188 1430 2231 amplexi
1450 2194 1540 2221 sunt.
1591 2189 1645 2220 lo-

241 2246 300 2268 cus
324 2247 405 2267 vero
430 2246 532 2280 quem
555 2234 726 2275 habitant,
751 2245 916 2279 aquarum
943 2245 1064 2277 expers
1094 2238 1145 2265 est
1171 2238 1206 2265 et
1228 2234 1424 2273 inaccessus,
1453 2233 1513 2266 sed
1540 2234 1644 2267 olivi-

241 2281 303 2320 fer,
329 2292 398 2325 quo
423 2293 458 2314 se
483 2281 716 2313 consolantur.
765 2282 856 2312 iacet
878 2285 991 2311 autem
1015 2278 1072 2310 hic
1095 2279 1190 2311 locus
1215 2279 1249 2310 in
1274 2279 1385 2311 Malea
1406 2281 1644 2324 promontorio

240 2327 331 2359 ultra
355 2327 498 2358 Ezerum
523 2338 639 2359 versus
664 2337 759 2358 oram
794 2327 1011 2358 maritimam.
1066 2330 1100 2356 et
1124 2324 1407 2368 quandoquidem
1431 2326 1534 2368 plane
1560 2325 1644 2358 sub-

240 2373 322 2404 iecti
351 2378 431 2404 sunt
458 2372 720 2417 principemque
747 2384 767 2404 a
791 2377 950 2415 praetore
977 2371 1162 2414 accipiunt,
1188 2371 1285 2402 cuius
1311 2370 1481 2403 mandatis
1505 2370 1643 2404 obtem-

238 2422 382 2462 perant,
419 2428 461 2450 ex
495 2419 737 2463 antiquissimo
775 2423 931 2462 tempore
965 2417 1135 2449 tributum
1169 2417 1308 2449 solvunt
1330 2417 1532 2450 nomismata
1556 2427 1643 2462 qua-

239 2463 430 2507 dringenta.

329 2518 571 2564 Cappadociae
596 2525 758 2565 praetura
782 2519 864 2551 olim
888 2524 998 2552 turma
1025 2523 1097 2550 erat
1120 2523 1303 2562 praeturae
1325 2518 1594 2551 Anatolicorum.

329 2565 579 2609 Cephalleniae
611 2571 775 2610 praetura
818 2565 888 2598 sive
931 2563 1197 2601 insula‚turma
1237 2565 1318 2596 olim
1355 2569 1428 2596 erat
1457 2569 1639 2608 praeturae

237 2610 520 2653 Longobanliae,
549 2612 609 2644 sed
637 2612 672 2645 in
700 2617 897 2656 praeturam
935 2615 1048 2643 erecta
1077 2610 1145 2643 fuit
1171 2609 1234 2643 sub
1261 2609 1387 2643 Christi
1413 2614 1548 2643 amante
1571 2609 1639 2642 im·-

235 2662 394 2700 peratore
419 2657 546 2690 Leone.
