1780 3132
264 134 338 178 DE
373 99 837 178 ADlvflNisTRANDO
870 135 1106 180 IMPERIO
1143 137 1254 180 CAP.
1284 140 1310 180 3
1334 162 1391 169 —
1415 141 1454 182 6.
1526 138 1586 184 71

606 246 992 305 Κεφάλαιον
1063 247 1107 292 ε’.

444 321 529 366 περὶ
551 321 626 356 τῶν
649 320 927 363 Πατζινακιτῶν
949 321 1012 356 καὶ
1035 319 1268 366 Βουλγᾶρων.

256 393 346 438 ’Ὁτι
364 398 429 437 καὶ
448 403 531 446 τοῖς
549 395 804 452 Βουλγάροις
823 394 1102 453 φοβερώτερος
1119 395 1167 438 ἂν
1185 393 1283 438 εἶναι
1304 394 1453 447 δόξειεν
1471 394 1492 439 ὅ
1510 400 1589 439 τιῦν

125 462 333 522 Ῥωμαίων
347 462 559 518 βασιλεύς,
583 466 648 507 καὶ
670 462 845 520 ἀνάγκην
862 461 1033 518 ἡσυχίας
1049 464 1271 507 ἐπιτιθέναι
1287 462 1443 514 τούτοις
1465 463 1588 507 δύνα-

94 541 216 584 5ται,
251 533 295 574 ἔκ
321 536 395 574 τοῦ
421 534 523 588 μετὰ
549 537 628 576 τῶν
650 534 954 584 Πατζινακιτῶν
974 532 1185 590 εἰρηνεύειν
1196 564 1210 584 ,
1245 532 1380 588 ἐπειδὴ
1400 534 1466 575 καὶ
1489 533 1590 590 πρὸς

128 600 276 651 αὐτοὺς
299 600 395 651 τοὺς
419 601 682 659 Βουλγάρους
713 602 751 643 οἳ
779 601 976 657 εἷρημένοι
1000 603 1291 653 Πατζινακΐται
1313 599 1590 656 πλησιάζουσι,

126 670 194 711 καὶ
223 667 341 724 ἡνίκα
367 673 629 725 βουληθῶσιν
645 669 672 725 ἢ
693 670 749 712 δι’
775 671 917 713 οἰκεῖον
934 670 1075 726 κέρδος
1096 668 1122 724 ἢ
1142 673 1194 726 τῇ
1212 669 1312 726 πρὸς
1330 670 1400 712 τὸν
1417 670 1590 724 βασιλέα

121 735 330 792 Ῥωμαίων
340 735 490 796 χάριτι,
510 738 681 796 εὐχερῶς
698 735 887 780 δύνανται
905 738 1008 781 κατὰ
1027 739 1285 795 Βουλγαριάς
1302 737 1590 795 ἐκστρατεύειν,

126 807 193 848 καὶ
218 805 297 848 ἀπὸ
324 810 397 848 τοῦ
421 806 626 863 περιόντος
652 805 838 861 πλήθους
866 802 934 849 καὶ
963 811 1035 861 τῆς
1060 804 1199 861 ἰσχύος
1223 807 1355 849 αὐτῶν
1376 805 1591 864 ὖπερνικᾶν

72 881 117 917 10
128 873 276 924 αὖτοὺς
303 876 369 916 καὶ
393 872 529 930 ἧττᾶν.
600 875 668 918 διὰ
688 879 805 917 τοῦτο
828 877 892 917 καὶ
915 875 953 917 οἳ
971 873 1202 932 Βούλγαροι
1222 875 1358 931 ἀγῶνα
1376 877 1443 917 καὶ
1462 892 1591 918 σπου-

125 942 202 998 δὴν
231 944 419 998 διηνεκῶς
446 943 581 998 ἔχουσι
600 947 675 987 τοῦ
695 942 905 999 εἷρηνεύειν
926 945 994 986 καὶ
1016 941 1196 997 ὁμονοεῖν
1212 943 1315 998 μετὰ
1334 947 1415 985 τῶν
1433 945 1591 996 Πατζι-

125 1015 319 1054 νακιτῶν·
354 1012 397 1053 ἐκ
426 1017 499 1055 τοῦ
525 1012 603 1070 γὰρ
633 1010 826 1062 πολλάκις
851 1010 925 1054 ὑπ’
959 1012 1091 1055 αὐτῶν
1113 1015 1500 1066 καταπολεμηθῆναι
1523 1013 1591 1054 καὶ

100 1130 104 1133 ¹
124 1081 421 1136 πραιὸευθῆναι
444 1085 495 1138 τῇ
519 1082 638 1140 πείρᾳ
660 1079 855 1137 ἐγνώκασι
879 1081 1003 1124 καλὸν
1025 1082 1091 1123 καὶ
1113 1081 1322 1139 συμφέρον
1346 1078 1444 1124 εἶναι
1463 1080 1509 1124 τὸ
1535 1081 1592 1124 εἷ-

125 1146 302 1207 ρηνεύειν
325 1147 385 1191 ἀεὶ
407 1149 512 1208 πρὸς
536 1147 697 1200 αὐτούς.

71 1279 115 1316 15
610 1261 991 1318 Κεφάλαιον
1061 1259 1109 1310 ς’.

429 1333 515 1380 περὶ
538 1334 615 1371 τῶν
637 1334 917 1383 Πατζινακιτῶν
939 1332 1004 1369 καὶ
1026 1332 1279 1377 Χερσωνιτῶν.

248 1408 340 1451 ’Ότι
367 1409 435 1450 καὶ
467 1409 600 1466 ἕτερος
627 1409 725 1460 λαὸς
752 1413 832 1452 τῶν
855 1408 1048 1452 τοιούτων
1071 1410 1379 1461 Πατζινακιτῶν
1399 1411 1458 1465 τῷ
1475 1407 1588 1466 με’ρει

121 1482 194 1533 τῆς
212 1480 430 1535 Χερσῶνος
452 1476 734 1534 παράκεινται,
771 1479 910 1528 οἵτινες
927 1479 994 1521 καὶ
1015 1474 1363 1534 πραγματεύονται
1384 1476 1486 1530 μετὰ
1506 1481 1588 1520 τῶν

121 1549 392 1604 Χερσωνιτῶν
401 1578 414 1597 ,
440 1548 507 1589 καὶ
526 1551 684 1590 ποιοῦσι
703 1547 776 1596 τὰς
798 1548 981 1596 ὁόυλειάς
1001 1546 1133 1588 αὐτῶν
1151 1563 1194 1588 τε
1211 1547 1277 1588 καὶ
1297 1550 1371 1589 τοῦ
1388 1545 1588 1599 βασιλέως

65 1615 179 1666 Ξθεῖς
202 1632 246 1658 τε
270 1614 344 1669 τὴν
358 1612 529 1658 Ῥωσίαν
547 1617 614 1657 καὶ
636 1617 850 1672 Χαζαρίαν
872 1617 939 1657 καὶ
960 1614 1033 1669 τὴν
1055 1615 1199 1668 Ζιχιάν
1218 1615 1284 1656 καὶ
1307 1616 1362 1664 εἷς
1382 1612 1513 1656 πάντα
1535 1613 1587 1656 τὰ

120 1685 274 1727 ἐκεῖθεν
300 1683 428 1741 με’ρη,
464 1682 648 1738 δηλονότι
675 1682 949 1738 λαμβάνοντες
979 1683 1090 1739 παρὰ
1118 1687 1198 1725 τῶν
1223 1685 1492 1740 Χερσωνιτῶν
1517 1681 1587 1724 τὸν

121 1749 569 1811 προσυμπεφωνημένον
590 1753 745 1807 μισθὸν
764 1751 866 1811 ὑπὲρ
891 1757 963 1808 τῆς
984 1749 1173 1807 τοιαύτης
1194 1753 1399 1802 διακονίας
1415 1750 1519 1795 κατὰ
1537 1750 1584 1794 τὸ

207 1883 255 1918 22
277 1879 613 1926 συμπεφωνημένον
633 1881 672 1917 Μ

521 2004 557 2040 5.
606 2005 649 2039 de
675 2005 908 2041 Patzinacitis
934 2012 968 2041 et
994 2006 1182 2050 Bulgaris.

1609 255 1708 292 1³57

208 2061 369 2108 Bulgaris
413 2071 552 2106 quoque
597 2061 851 2096 formidabilior
896 2063 1129 2097 Romanorum
1167 2062 1357 2106 imperator
1394 2048 1612 2104 videbitur-J

117 2109 285 2154 ipsosque
307 2108 352 2142 ad
375 2119 494 2153 pacem
519 2112 555 2142 et
577 2107 727 2152 quietem
752 2108 895 2152 adigere
917 2109 1030 2152 valet,
1066 2110 1096 2143 si
1127 2108 1174 2142 sit
1194 2108 1338 2142 foedere
1363 2117 1438 2141 cum
1462 2105 1582 2140 Patzi-

119 2155 244 2190 necitis
273 2154 433 2197 iunctus,
468 2153 637 2199 siquidem
670 2154 851 2188 memorati
873 2155 1110 2188 Patzinacitae
1132 2153 1293 2198 Bulgaris
1316 2153 1420 2187 etiam
1443 2150 1581 2185 finitimi

118 2205 220 2244 sunt,
255 2205 292 2234 et
323 2199 495 2234 arbitratu
527 2211 610 2243 suo,
644 2199 720 2234 sive
750 2200 886 2245 proprii
910 2206 1075 2244 quaestus
1098 2211 1202 2234 causa
1225 2199 1301 2234 sive
1326 2200 1371 2233 ad
1394 2197 1579 2232 ineundam

117 2258 195 2280 cum
228 2246 383 2280 Romano
415 2244 626 2290 imperatore
655 2245 825 2290 gratiam,
862 2246 1062 2290 Bulgariam
1100 2245 1191 2280 nullo
1230 2244 1370 2289 negotio
1411 2244 1579 2277 invadere

115 2296 282 2339 possunt,
317 2302 359 2326 ac
388 2290 606 2326 multitudine
638 2294 833 2335 roboreque
865 2304 927 2325 suo
962 2292 1058 2336 ipsos
1090 2292 1278 2326 devincere
1309 2296 1345 2325 et
1374 2289 1579 2335 profligare.

117 2342 334 2383 quapropter
366 2336 510 2381 Buigari
542 2348 697 2380 magnam
731 2337 827 2381 pacis
853 2350 893 2371 ac
916 2338 1124 2372 concordiae
1146 2349 1221 2372 cum
1245 2335 1471 2370 Patzinacitis
1501 2347 1578 2368 ser-

116 2383 252 2418 vandae
273 2394 389 2416 curam
411 2382 748 2427 sollicitudinemque
770 2388 909 2427 gerunt.
957 2395 1034 2419 nam
1057 2384 1260 2427 frequenter
1284 2384 1327 2417 ab
1349 2382 1393 2416 iis
1413 2379 1580 2416 debellati

116 2435 224 2509 {zutque
251 2428 382 2463 vastati
410 2428 647 2474 experimento
671 2429 869 2463 didicerunt
891 2435 1055 2474 quantum
1079 2429 1148 2464 sibi
1175 2430 1335 2465 conferat
1356 2434 1480 2474 pacate
1502 2437 1580 2461 cum

155 2487 185 2510 ιε
209 2485 348 2520 semper
370 2485 486 2519 agere.

499 2553 535 2588 6.
583 2554 627 2587 de
651 2552 885 2587 Patzinacitis
907 2557 941 2586 et
965 2552 1192 2588 chersonitis.

208 2607 501 2643 Patzinacitarum
531 2620 617 2652 gens
646 2610 759 2644 altera
787 2608 977 2643 Chersonis
1010 2609 1104 2655 parti
1136 2607 1349 2644 contermina
1380 2613 1452 2651 est,
1489 2617 1580 2651 quae

117 2653 222 2690 etiam
245 2665 322 2689 cum
345 2654 566 2689 Chersonitis
587 2656 858 2700 negotiationem
881 2660 1040 2699 exercet,
1077 2661 1112 2689 et
1137 2661 1207 2690 tam
1229 2655 1318 2700 ipsis
1343 2665 1445 2698 quam
1467 2652 1580 2698 impe-

116 2699 229 2736 ratori
252 2699 480 2735 ministerium
502 2703 672 2746 praebent
693 2702 729 2735 in
754 2701 881 2735 Russia
903 2702 1078 2735 Chazaria
1100 2701 1224 2735 Zicbia
1244 2706 1350 2745 atque
1367 2700 1404 2734 in
1423 2698 1581 2733 omnibus

117 2746 199 2781 istic
220 2745 346 2792 positis
370 2747 592 2791 regionibus,
628 2754 764 2792 pactam
795 2746 961 2782 videlicet
983 2748 1175 2782 mercedem
1199 2759 1220 2782 a
1242 2745 1463 2781 Chersonitis
1486 2743 1581 2778 acci-

117 2791 254 2839 pientes
268 2818 278 2837 ,
313 2792 357 2827 de
388 2804 456 2838 qua
486 2804 549 2840 pro
581 2794 644 2830 tali
678 2793 870 2829 ministerio
906 2797 1023 2829 mutuo
1055 2798 1312 2837 convenerant,
1350 2803 1413 2838 pro
1445 2789 1582 2826 ratione
