1780 3132
242 151 338 193 302
553 151 806 191 BANDURH
847 149 1339 190 ANIMADVERSIONES

240 262 449 304 victoriam
476 262 677 310 nimirum,
707 272 784 312 qua
813 260 1067 300 Mithridates
1094 260 1273 312 Eupator
1303 260 1549 300 Chersoneso
1576 260 1656 300 Bo-

238 329 434 369 sporoque
461 316 608 367 potitus
643 318 713 352 est.
743 314 850 353 Mon.

344 385 417 429 63,
447 384 511 418 11.
579 373 905 425 Παντικάπαιον]
956 378 1005 416 de
1042 378 1263 430 Phlegonte
1301 380 1532 427 Tralliano,
1571 379 1653 418 Ha-

239 435 381 484 driani,
411 438 454 472 ut
482 432 603 480 aiunt,
628 431 785 481 liberto,
807 431 898 471 vide
915 444 966 472 ex
984 433 1270 471 recentioribus
1291 433 1486 483 Vossium,
1514 434 1648 472 Meur-

238 488 348 537 sium,
377 486 599 525 Morellum.

346 550 452 590 Ibid.
491 553 556 589 13.
627 545 785 597 Κότυϊ]
839 549 1033 589 Arrianus
1073 550 1114 589 in
1155 550 1313 600 Periplo
1349 550 1464 589 Ponti
1505 549 1653 589 Euxini

237 605 366 653 Cotyn
403 602 576 652 βασιλέα
626 602 698 639 τοῦ
733 601 952 652 Βοσπόρου
1002 603 1078 640 τοῦ
1121 602 1357 652 Κιμμερίου
1399 604 1653 650 καλουμένου

237 660 286 699 ab
315 658 492 698 Adriano
521 657 761 708 imperatore
790 657 972 696 diadema
1003 662 1042 696 et
1069 656 1187 696 urbes
1217 658 1428 709 plerasque
1455 657 1653 708 accepisse

236 717 390 753 narrat.

346 765 452 806 Ibid.
483 769 547 804 19.
604 764 687 802 Hoc
705 763 830 815 ipsum
859 763 1104 815 epigramma
1131 764 1299 804 habetur
1328 769 1368 803 et
1394 763 1499 815 apud
1527 763 1654 811 Hesy-

235 820 363 859 chium
393 819 589 859 Milesium
614 818 656 857 in
677 817 907 869 Originibus
921 818 996 864 GP,
1026 831 1074 857 ac
1100 818 1367 870 Anthologiae
1397 819 1423 857 l.
1453 821 1480 857 3
1508 817 1569 857 tit.
1600 820 1653 855 12

235 875 283 912 de
312 874 564 922 Muneribus,
594 884 745 910 necnon
771 871 875 922 apud
897 871 1087 911 Codiuum
1115 872 1156 911 in
1176 873 1406 924 Originibus
1421 871 1493 923 Cp.
1523 882 1652 910 emen-

235 929 367 967 datum
396 932 526 967 autem
552 938 604 965 ex
631 925 827 973 Hesychia
858 925 985 965 textui
1013 925 1260 966 inseruimus.

342 984 595 1039 64,12.τὸ
626 985 855 1035 Βυζάντιον
888 988 1218 1053 πολιορκοῦντος]
1246 990 1475 1030 Eustatbius
1501 989 1544 1029 in
1558 989 1652 1029 Dio-

232 1046 336 1095 nysii
365 1058 521 1095 περιηγ.
553 1047 633 1083 140
661 1044 713 1094 τῇ
740 1041 780 1079 δ’
809 1039 878 1080 ἐπι
917 1041 1115 1093 Θρηϊκιου
1149 1043 1280 1091 στόιια
1304 1041 1533 1094 Βοσπόρου,
1562 1043 1653 1083 huic

233 1102 321 1139 loco
353 1100 491 1140 affinia
521 1101 693 1146 tractat,
722 1100 761 1135 et
789 1097 995 1136 commenti
1038 1098 1159 1148 lepidi
1183 1098 1378 1146 lacunam,
1407 1109 1508 1149 quae
1532 1097 1653 1137 lacri-

232 1166 335 1194 mani
362 1156 467 1193 forte
498 1165 550 1192 an
578 1151 811 1214 quibusdam
857 1155 1041 1214 pareret,
1069 1152 1216 1214 explet,
1244 1163 1328 1190 cum
1356 1151 1414 1190 ita
1442 1151 1600 1191 scribit.
1629 1144 1651 1186 ὅ

231 1204 328 1256 περὶ
352 1203 396 1245 τὸ
411 1201 661 1268 Βυζάντιον
672 1202 717 1241 δὲ
736 1199 870 1265 λιμήν
902 1199 1030 1248 οὕτως
1059 1199 1232 1266 ὕστερον
1259 1198 1412 1253 ἐκλήθη
1437 1200 1540 1241 κατὰ
1571 1217 1652 1241 πα-

230 1254 602 1312 ραγραμματισμὸν
632 1253 661 1309 ἢ
685 1253 868 1305 μάλιστα
898 1271 999 1295 κατα
1031 1253 1104 1321 τὴν
1130 1256 1242 1307 παρὰ
1272 1260 1356 1301 τοῖς
1388 1253 1558 1321 ῥήτορσι
1585 1258 1651 1294 λε-

229 1315 402 1378 γομένην
433 1308 727 1364 παραφθοροέν,
750 1308 999 1376 Φωσφόριον
1021 1307 1199 1362 οφειλων
1225 1311 1453 1361 καλεῖσθαι,
1483 1306 1539 1355 ω’ς
1567 1323 1652 1373 φα-

230 1381 296 1406 σιν
324 1365 361 1407 οἱ
389 1367 569 1406 παλαιοί.
606 1365 814 1404 Φιλίππου
854 1361 932 1415 γὰρ
960 1364 1003 1402 ἐν
1027 1363 1240 1427 πολιορκίᾳ
1272 1342 1534 1412 διορύξαντος
1563 1360 1652 1402 εἴσ-

230 1421 322 1460 οδον
354 1419 560 1484 κρυπτήν,
603 1414 699 1457 ὅθεν
728 1414 974 1479 ὀρύσσοντες
1009 1414 1175 1483 ἔμελλον
1205 1417 1376 1467 α’φανῶς
1404 1417 1651 1464 ἐξαναδῦναι

225 1475 300 1514 τοῦ
328 1471 574 1526 ὀρύγματος,
603 1469 628 1524 ἦ
651 1469 795 1535 Ἑκατη
823 1467 1046 1522 φωσφόρος
1070 1465 1172 1508 οῧσα
1191 1470 1320 1522 deicias·
1342 1471 1498 1508 ἐκεῖθεν
1526 1468 1651 1522 ἔφηνε

225 1532 310 1574 τοῖς
337 1530 531 1573 πολίταις.
588 1540 656 1565 και
686 1522 761 1576 τὴν
782 1525 1017 1575 πολιορκίαν
1046 1519 1154 1562 ου’τω
1185 1520 1382 1575 φυγόντες
1404 1523 1652 1576 Φωσφόριον

225 1578 264 1621 οἶ
290 1579 486 1634 ἐγχώριοι
516 1578 589 1619 τὸν
618 1576 742 1618 τόπον
772 1577 980 1617 ἐκάλεσαν.
1009 1579 1109 1619 haec
1134 1580 1220 1618 fere
1248 1578 1300 1618 ad
1326 1578 1489 1618 verbum
1517 1582 1652 1618 trans-

223 1638 310 1677 lata
345 1637 600 1688 reperiuntur
643 1635 686 1674 in
715 1632 887 1683 ἐπιτομῇ
916 1631 997 1669 τῶν
1040 1630 1210 1670 ἐθνικῶν
1241 1631 1435 1696 Stephani
1467 1631 1653 1681 Byzantii

225 1692 270 1732 in
299 1689 539 1740 Βόσπορος,
587 1688 653 1728 ubi
687 1686 936 1726 scribendum
971 1683 1046 1722 τοῦ
1089 1681 1320 1736 ὄριῖγματος
1359 1682 1559 1723 οἷναὸὗναι
1587 1686 1655 1724 vel

226 1743 487 1792 ἐξαναὸὗναι,
516 1748 560 1782 ut
599 1741 703 1804 apud
731 1740 1004 1790 Eustathium,
1041 1740 1106 1792 qui
1136 1752 1229 1779 mox
1267 1740 1491 1779 illustratur
1519 1740 1654 1779 facula

226 1800 395 1839 voculae
425 1794 587 1846 νύκτωρ
621 1797 663 1835 in
692 1794 753 1833 his
781 1793 1003 1845 Stephani,
1036 1792 1165 1846 ὸοῖδας
1193 1789 1357 1844 ἐποίησε
1387 1788 1544 1845 νύκτωρ
1572 1794 1654 1838 τοῖς

225 1853 410 1898 πολίταις
440 1851 636 1903 φανῆναι.
664 1850 770 1889 Mon.

386 2024 438 2061 IN
466 2021 672 2060 LIBRUM
702 2019 776 2059 DE
806 2019 1236 2059 ADMINISTRANDO
1265 2019 1503 2062 IMPERIO.

336 2145 495 2187 65,11.
552 2138 797 2189 εὐβουλίας]
842 2150 1050 2191 perperam
1091 2138 1133 2178 in
1171 2150 1252 2177 mss
1287 2138 1474 2177 scribitur
1500 2134 1652 2186 εὔβου-

228 2196 352 2241 λεια.ς
381 2196 528 2236 Graeci
556 2196 699 2247 quippe
727 2194 969 2234 recentiores
995 2192 1266 2244 diphthongos
1299 2197 1337 2231 et
1364 2192 1525 2231 vocales
1552 2191 1652 2230 mire

228 2251 504 2299 confundunt3
552 2262 604 2290 ex
645 2261 722 2302 quo
762 2248 860 2300 ipsis
898 2247 1129 2297 barbaries,
1168 2246 1341 2286 literatis
1372 2257 1470 2285 vero
1494 2245 1652 2284 dubium

229 2305 422 2358 quomodo
460 2281 699 2356 diphthongi
742 2306 781 2342 et
820 2302 981 2342 vocales
1020 2301 1349 2362 pronuntiandae..
1420 2299 1496 2338 hoc
1522 2303 1652 2339 autem

227 2360 350 2398 semel
379 2359 578 2398 monuisse
610 2357 804 2397 sufficiat:
833 2367 926 2395 nam
946 2356 1059 2395 nulla
1087 2354 1271 2406 apposita
1300 2353 1558 2393 adnotatione
1583 2364 1653 2392 ve-

227 2413 300 2453 luti
325 2413 480 2452 scribae
504 2413 686 2451 mendum
715 2412 969 2462 castigamus,

335 2471 495 2517 66,10.
554 2464 839 2513 σταδιασμοῠ]
873 2462 1088 2513 Meursius‚
1115 2475 1162 2502 ac
1190 2463 1224 2502 si
1250 2463 1453 2515 legeretur
1479 2471 1651 2498 στασια-

227 2519 336 2569 σμοῢ
379 2533 453 2572 pro
505 2517 763 2566 σταδιασμοῦ
780 2547 791 2568 ,
846 2519 946 2559 haec
995 2517 1053 2557 ita
1096 2517 1384 2568 interpretatur
1427 2513 1652 2555 seditionis

227 2579 351 2615 motu.
422 2586 560 2613 verum
598 2575 640 2612 in
683 2585 765 2612 mss
793 2572 931 2624 Regiis
960 2575 1000 2610 et
1028 2571 1068 2610 in
1112 2571 1294 2610 Palatino
1321 2581 1401 2609 non
1430 2569 1556 2608 solum
1588 2567 1653 2606 hic

227 2641 364 2670 verum
393 2629 511 2670 etiam
541 2632 600 2668 1c.
618 2631 645 2667 3
672 2628 781 2667 circa
808 2628 924 2666 finem
949 2625 1099 2677 legitur
1118 2623 1391 2674 σταδιασμοῦ,
1423 2622 1490 2663 ubi
1518 2622 1652 2661 Meur-
