1780 3132
221 160 283 206 46
489 163 853 207 CONSTANTINI
885 165 1188 209 PORPHYRO
1194 166 1380 209 GENITI

219 277 275 327 τῷ
295 277 582 327 χειροτονῆσαι.
649 274 794 327 ἐγένετο
814 274 856 316 δὲ
876 273 902 327 ἡ
923 281 1000 317 τῶν
1022 275 1241 331 βαρβάρων
1260 279 1469 332 περαίωσις
1489 279 1551 319 ἐπὶ
1574 279 1641 320 τὸν

212 337 373 394 Ἵστρον
390 340 567 392 ποταμὸν
585 341 639 388 εἷς
654 340 703 380 τὰ
720 341 810 394 τέλη
829 345 898 394 τῆς
912 345 1116 394 βασιλείας
1134 345 1431 385 Κωνσταντίνου
1452 349 1522 386 τοῦ
1539 347 1641 386 Πω-

221 404 411 458 γωνάτου,
441 405 503 447 ὅτε
522 408 588 447 καὶ
610 407 653 447 τὸ
677 405 802 459 ὄνομα
820 408 949 449 αὐτῶν
970 410 1140 466 φανερὸν
1160 411 1327 463 ἐγένετο·
1359 409 1548 466 πρότερον
1562 410 1638 466 γὰρ

218 470 570 527 Ὀνογουνδούρους
604 473 747 522 αὐτοὺς
774 473 949 517 ἐκάλουν.
1025 475 1050 528 ἡ
1077 477 1120 517 δὲ
1154 476 1292 534 Θρᾴκη
1325 477 1538 529 ὀνομασίαν
1566 478 1639 530 μὲν

222 536 319 591 εἶχεν
340 539 416 579 ἀπὸ
443 538 602 596 Θρᾳκὸς
628 541 822 591 βασιλέως
848 547 917 583 τοῦ
950 541 1072 583 πάλαι
1101 545 1141 584 ἐν
1171 544 1304 591 αὐτοῖς
1325 542 1670 597 τελευτήσαντος,5

223 604 248 657 ’ἢ
268 604 343 645 ἀπὸ
360 604 517 660 νύμφης
536 607 763 657 Τιτανίδος,
798 608 872 662 ἀφ’
891 603 938 660 ἧς
957 611 1021 650 καὶ
1041 607 1200 664 Κρόνου
1222 608 1445 664 Δόλογκος,
1480 609 1574 651 ὅθεν
1590 610 1636 652 τὸ

221 675 375 724 πρῶτον
401 670 517 720 ἔθνος
539 676 617 713 τῶν
640 673 808 731 Θρᾳκῶν
825 674 1022 729 Δόλογκοι
1043 675 1309 729 ὀνομάζονται.
1375 682 1574 732 μαρτυρεῖ
1597 677 1641 718 δὲ

219 743 280 792 τῷ
300 736 402 793 λόγῳ
423 740 489 778 καὶ
507 736 709 794 Ἱεροκλῆς
731 738 750 781 ὃ
778 742 1049 795 γραμματικὸς
1070 741 1090 783 ὅ
1110 741 1273 798 γράψας
1288 743 1355 784 τὸν
1372 743 1638 796 Συνέκδημον,

219 803 265 844 τὸ
289 809 366 845 τῶν
396 803 609 859 Λολόγκων
644 805 760 855 ἔθνος
792 811 841 862 τῇ
869 807 1008 865 Θρᾴκῃ
1038 813 1317 864 συναριθμῶν,
1365 809 1488 863 λέγων
1515 808 1640 857 οὕτως

215 867 340 911 ηεἰσὶν
374 871 415 911 αἱ
442 876 566 914 πᾶσαι
596 873 779 927 ἓπαρχιάι
809 876 874 914 καὶ
904 874 1056 925 πόλεις,
1092 876 1133 916 αἶ
1162 874 1237 918 ὑπὸ
1270 876 1337 917 τὸν
1365 876 1532 928 βασιλέα
1560 879 1639 918 τῶν
1651 881 1693 915 10

215 934 425 990 “Ρωμαι’ων
453 938 717 991 διοικούμεναι
745 939 811 980 τὸν
833 941 873 980 ἐν
898 941 1328 992 Κωνσταντινουπόλει,
1362 943 1546 998 ἐπαρχίαι
1568 941 1639 995 μὲν

219 1002 293 1053 ξδ’,
322 1003 452 1052 πόλεις
469 1006 510 1045 δὲ
532 1004 675 1049 (π)λε’.”
739 1007 866 1061 ἀρχὴν
884 1003 953 1049 οὗν
971 1012 1041 1061 τῆς
1059 1008 1255 1063 Εὐρώπης
1271 1009 1341 1063 τὴν
1359 1011 1546 1061 βασιλίδα
1562 1013 1640 1050 τῶν

218 1069 367 1111 πόλεων
388 1073 454 1111 καὶ
476 1076 545 1112 τοῦ
565 1071 716 1124 κόσμου
733 1073 898 1124 παντός,
932 1075 1003 1126 τὴν
1022 1075 1111 1116 νέαν
1133 1073 1294 1129 εΡιῦμην
1316 1073 1640 1117 Κωνσταντινού-

217 1140 330 1178 πολιν
349 1137 424 1191 ἐγώ
442 1129 604 1191 τίθημιῖ
643 1139 709 1180 διὰ
727 1144 842 1181 τοῦτο
859 1142 923 1181 καὶ
943 1141 986 1182 τὸ
1010 1143 1096 1197 περὶ
1119 1141 1241 1196 αὐτὴν
1263 1142 1371 1194 θέμα
1382 1173 1394 1192 ,
1428 1141 1472 1183 τὸ
1494 1139 1636 1182 καλού-

215 1219 332 1255 μενον
364 1203 502 1262 Θρᾴκη
512 1235 524 1254 ,
567 1210 644 1246 τῶν
663 1207 703 1246 ἓν
722 1213 803 1255 τοῖς
823 1206 1018 1261 Εὐρώπης
1038 1208 1172 1263 μέρεσι
1192 1208 1379 1260 θεμάτων
1397 1211 1552 1262 πρῶτον
1576 1223 1639 1248 τε·
1653 1211 1694 1244 15
1733 1205 1736 1209 ’

217 1271 419 1323 θείκαμεν,
444 1269 497 1320 ὥς
513 1273 578 1312 καὶ
601 1272 721 1325 αὐτῆς
743 1278 812 1325 τῆς
834 1272 983 1322 πόλεως
1005 1280 1074 1326 τῆς
1093 1273 1214 1315 πάλαι
1233 1274 1476 1325 Βυζαντίδος
1495 1269 1641 1315 καλου-

216 1337 334 1390 μένης
358 1340 397 1378 ἓν
414 1341 464 1392 τῇ
481 1342 559 1378 τῶν
581 1338 750 1395 Θρᾳκῶν
772 1339 1022 1394 ἱδρυνθείσης
1039 1339 1166 1397 χώρᾳ.
1235 1341 1331 1382 αὐτὸ
1355 1341 1398 1381 δὲ
1419 1340 1464 1381 τὸ
1485 1338 1640 1391 Βυζάν-

217 1419 301 1444 τιον
320 1405 540 1458 ΖΙἸεγαρέων
574 1406 638 1445 καὶ
659 1406 991 1458 Λακεδαιμονίων
1018 1409 1083 1447 καὶ
1114 1409 1301 1448 Βοιωτῶν
1331 1408 1434 1447 ἐστὶν
1467 1407 1640 1456 ἀποικία,

218 1475 295 1511 τῶν
324 1470 592 1525 ἀρχαιοτάτων
618 1469 840 1525 (Ελλήνων
890 1473 950 1514 διὸ
973 1475 1038 1514 καὶ
1068 1477 1137 1527 τῆς
1157 1477 1235 1515 τῶν
1255 1474 1445 1528 Δωριέων
1469 1471 1643 1527 γλώττης

217 1538 259 1578 ἓν
276 1536 468 1592 ἐπιστήμῃ
492 1536 760 1592 τυγχάνουσιν.
796 1539 964 1592 εἴπωμεν
985 1541 1125 1589 τοίνυν,
1157 1538 1210 1588 ὥς
1230 1540 1374 1593 ἀρχαία
1394 1538 1503 1589 τάξις
1520 1537 1639 1595 ἕκρά-
1650 1543 1693 1576 20

216 1619 272 1645 τει
282 1635 296 1654 ,
329 1606 393 1645 καὶ
411 1604 540 1645 αὐτῶν
560 1610 637 1646 τῶν
656 1607 850 1661 ἐπαρχιῶν
872 1606 922 1648 τὰ
941 1605 1129 1659 ὀνόματα.
1245 1615 1248 1617 ’

304 1741 326 1774 7
349 1741 422 1774 τῶν
448 1740 599 1786 Θρᾳκῶν
624 1742 689 1775 add
713 1741 742 1774 C
835 1741 876 1777 15
896 1740 983 1784 2·ch]
1007 1740 1048 1775 τὸ
1070 1742 1149 1776 libri
1237 1744 1283 1776 20
1305 1742 1451 1785 εἴπομεν
1473 1742 1534 1776 ΑΟ
1557 1746 1592 1776 et
1609 1742 1639 1775 1⁴*

303 1785 328 1818 i.
353 1799 383 1819 e.
408 1786 568 1820 Federici
596 1786 729 1819 Morelli
753 1786 875 1820 editio:
901 1787 1050 1819 correxit
1072 1786 1262 1820 ssandurius

216 1906 315 1940 matis
350 1907 500 1941 ordinem
525 1906 706 1940 Thraciam
738 1906 901 1940 reducere
932 1911 967 1940 et
996 1912 1188 1950 praetorem
1218 1906 1253 1940 in
1277 1918 1318 1940 eo
1340 1907 1488 1941 themate
1509 1918 1639 1940 creare.

215 1952 436 1985 barbarorum
461 1958 570 1985 autem
595 1952 759 1985 transitus
784 1953 826 1984 ad
848 1952 971 1985 Istrum
998 1952 1137 1985 fluvium
1162 1952 1252 1985 circa
1274 1953 1375 1985 finem
1398 1951 1532 1996 imperii
1549 1952 1643 1985 Con—

215 1997 357 2030 stantini
380 1997 548 2040 Pogonati
572 1997 725 2037 exstitit3
758 1996 848 2030 unde
881 2007 994 2029 eorum
1026 2008 1145 2029 nomen
1178 1996 1335 2030 inclaruit
1361 2008 1401 2030 ac
1422 2001 1642 2040 pervagatum

215 2047 289 2075 est:
314 2048 415 2075 antea
435 2043 562 2086 quippe
580 2041 830 2085 Onogunduros
854 2052 912 2075 eos
935 2040 1163 2085 appellabant.
1210 2041 1361 2075 Thracia
1382 2051 1466 2074 vero
1490 2040 1642 2086 appella-

214 2085 340 2119 tionem
365 2087 498 2131 accepit
522 2098 541 2120 a
564 2098 646 2130 rege
670 2086 825 2129 Thrace,
858 2085 918 2130 qui
941 2086 1020 2118 olim
1043 2085 1111 2118 iilic
1136 2098 1154 2118 e
1177 2085 1267 2119 vivis
1292 2090 1506 2126 excesserat3
1541 2090 1600 2119 aut
1620 2096 1642 2118 a

214 2131 362 2175 nympha
386 2131 560 2172 Titanide‚
586 2143 628 2164 ex
651 2142 718 2175 qua
743 2137 777 2164 et
799 2131 948 2164 Saturno
973 2130 1165 2163 Dolonchus
1190 2137 1286 2163 natus
1311 2136 1375 2173 est,
1400 2131 1490 2163 unde
1510 2129 1641 2163 Dolon-

215 2176 353 2208 chorum
377 2176 468 2209 natio
493 2176 635 2219 primum
659 2187 779 2209 nomen
802 2180 902 2208 nacta
924 2179 989 2208 est.
1035 2175 1133 2208 testis
1153 2181 1264 2208 autem
1288 2174 1385 2208 huius
1406 2174 1460 2208 rei
1483 2179 1535 2208 est
1554 2173 1642 2207 Hie-

213 2220 323 2254 rocles
344 2221 599 2263 grammaticus,
634 2221 693 2264 qui
717 2220 921 2264 conscripsit
942 2217 1187 2262 Συνέκδημον,
1221 2220 1255 2253 id
1287 2225 1340 2253 est
1370 2219 1644 2252 commentarium

213 2265 500 2309 peregrinationis
535 2266 710 2308 comitem,
743 2265 993 2298 Dolonchorum
1021 2271 1155 2307 gentem
1188 2263 1359 2297 Thraciae
1387 2274 1643 2306 connumerans,

214 2320 287 2342 cum
311 2310 359 2342 ita
383 2309 532 2353 loquitur
552 2307 655 2343 “sunt
676 2321 791 2343 omnes
814 2310 1051 2355 praefecturae
1074 2315 1109 2342 et
1132 2309 1245 2351 urbes,
1271 2320 1358 2352 quae
1375 2309 1418 2342 ab
1437 2309 1644 2353 imperatore

212 2354 441 2388 Romanorum
462 2354 561 2398 cpoli
586 2354 733 2397 degente
757 2354 1053 2396 administrantur,
1078 2354 1313 2398 praefecturae
1337 2353 1472 2396 quidem
1495 2352 1559 2395 64,
1582 2363 1643 2386 ur-

212 2398 276 2432 bes
298 2404 410 2433 autem
432 2395 534 2433 935.”
579 2399 739 2442 quocirca
769 2399 971 2443 principium
995 2399 1158 2442 Europae
1184 2398 1431 2442 imperatricem
1454 2397 1584 2431 urbium
1608 2402 1644 2431 et

212 2443 328 2477 mundi
348 2444 471 2487 totius,
511 2454 632 2476 novam
655 2444 794 2476 Romam
828 2455 891 2487 ego
923 2443 1108 2483 constitu03
1142 2454 1182 2476 ac
1212 2449 1396 2487 propterea
1417 2442 1528 2476 thema
1550 2442 1643 2475 circa

212 2488 334 2532 ipsam,
358 2489 448 2533 quod
472 2487 661 2532 appellatur
683 2488 846 2532 Thracia,
870 2488 906 2521 in
931 2487 1125 2532 Europaeis
1147 2488 1300 2531 partibus
1321 2487 1436 2529 situm,
1458 2487 1643 2520 thematum

239 2532 354 2566 timum
388 2532 585 2575 statuimus,
620 2533 748 2585 quippe
779 2544 851 2566 cum
882 2534 962 2566 urbs
995 2532 1071 2576 ipsa
1103 2531 1178 2564 olim
1203 2532 1368 2575 Byzantis
1390 2535 1584 2574 nuncupata
1606 2530 1642 2563 in

251 2577 387 2610 hracum
410 2577 550 2621 regione
574 2577 727 2611 stabihta
749 2577 807 2610 sit.
865 2583 1013 2612 attamen
1034 2577 1236 2619 Byzantium
1259 2577 1367 2621 ipsum
1389 2574 1641 2619 Megarensium

215 2626 251 2656 et
270 2621 616 2656 Lacedaemoniorum
640 2634 680 2655 ac
705 2621 911 2655 Boeotorum
946 2627 998 2655 est
1031 2621 1175 2662 colonia,
1211 2623 1418 2655 Graecorum
1441 2619 1640 2664 antiquissi-

212 2677 358 2701 morum:
398 2666 523 2700 iccirco
567 2667 667 2700 etiam
695 2666 912 2700 Doriensium
950 2667 1066 2710 lingua
1103 2672 1242 2699 utuntur
1273 2666 1358 2700 scite
1389 2670 1424 2698 et
1455 2663 1640 2708 eleganter.

212 2710 362 2765 dicamus
384 2711 512 2756 itaque,
543 2716 583 2746 ut
604 2711 764 2756 antiquus
789 2712 872 2746 ordo
899 2711 1092 2754 obtinebat,
1124 2717 1159 2745 et
1178 2711 1327 2756 ipsarum
1350 2710 1642 2756 praefecturarum

211 2766 358 2791 nomina.
