1780 3132
322 119 376 159 lN
416 117 780 160 SYNECDEMUM
815 116 1241 162 COMMENTARms
1399 111 1492 161 543

164 233 357 283 399,16.
413 226 758 282 Λεοντώ]-’πόιις
793 228 990 271 Λεόντων
1020 233 1250 274 Ptolemaeo
1276 232 1386 273 circa
1414 232 1494 273 Bu-

55 285 251 329 siriticum
279 298 462 337 amnem,
488 285 594 326 unde
620 286 706 326 elus
746 286 788 327 in
814 287 1017 340 Ephesino
1042 289 1214 329 concilio
1243 302 1283 342 p.
1301 290 1383 328 474
1411 289 1496 340 epi-

56 354 205 395 scopus
231 341 490 382 Metrodorus
517 336 714 379 Λεόντων
743 341 902 383 dicitur.
957 355 1032 384 nec
1061 344 1331 385 damnandum
1361 347 1496 384 tamen

55 401 238 439 nostrum
269 401 344 448 est,
371 396 478 450 quod
519 396 691 436 formam
719 395 964 450 Aegyptiam
1004 401 1197 451 praefert,
1227 403 1267 439 et
1290 402 1497 463 receptum

54 453 158 494 satis
188 456 263 494 est.
328 450 568 514 Xenophon
590 450 787 502 Ephesius
814 455 841 492 4
879 466 918 505 Ρ.
936 454 1017 495 56.
1057 449 1293 499 διελθόντες
1333 452 1411 503 μὲν
1451 451 1498 491 δὲ

59 505 181 547 Ταῦα
217 503 289 547 ἐπι
328 501 499 547 Λεοντώ
540 500 732 556 ἔρχονται
761 503 893 547 πόλιν.
959 508 1018 549 sic
1045 508 1148 550 enim
1175 508 1498 562 ingeniosissime

55 563 268 616 vulgatum
307 559 444 600 ταῦτα
479 561 543 604 Ti
584 561 907 603 Hemsterhusius
934 563 1109 604 refinxit.
1164 564 1280 604 Nilus
1307 565 1499 626 Doxopa-

54 618 160 659 trius
188 618 302 670 (tom.
331 617 473 658 1Var.
506 616 600 658 Sac.
637 617 696 656 Le
724 617 871 667 Moyne
911 631 950 671 Ρ.
976 618 1077 670 223)
1111 613 1185 670 τήν
1215 616 1388 658 Azonai
1417 631 1500 659 me-

52 673 233 726 tropolin
269 671 608 726 Augustamnicae
645 672 846 714 secundae
878 685 966 714 esse
1006 674 1077 716 ait.
1146 674 1238 715 vide
1279 674 1371 716 ltin.
1402 674 1497 715 Ant.

162 791 275 836 Ibid.
319 784 537 843 Ἀθριβις]
574 791 654 833 fuit
694 792 736 834 ιιι
775 794 1012 847 cognomine
1039 807 1180 845 nomo,
1211 808 1293 836 non
1320 796 1445 837 multo
1475 809 1502 836 a

53 849 232 893 Leonum
259 847 359 890 urbe
386 848 607 889 dissociata
633 849 765 900 spatio
786 850 892 902 apud
914 851 1196 891 Ptolemaeum.
1227 851 1350 891 habet
1380 852 1502 892 etiam

53 904 264 946 Palladius
301 904 405 944 nist.
434 904 555 945 Laus.
591 916 626 945 c.
654 905 732 955 35,
776 905 846 944 ubi
876 905 1151 970 maximopere
1191 906 1338 947 vellem
1361 906 1413 947 ab
1442 907 1500 946 lo.

53 959 234 1002 meursio
270 959 372 1000 nihil
410 959 535 1000 fuisse
575 958 823 1011 adscriptum
861 972 956 1010 περι
986 958 1055 1010 τῆς
1082 959 1298 1011 Αἰθρίβου
1330 957 1502 1009 πόλεως,

55 1027 109 1057 ex
134 1026 214 1078 qua
243 1019 394 1056 sectam
410 1013 703 1054 Muhammedis
734 1014 932 1067 prodiisse
955 1015 1143 1056 Zonaras
1162 1015 1368 1056 cedrenus
1397 1016 1504 1057 Con-

53 1070 332 1123 stantinusque
373 1069 596 1122 imperator
638 1069 878 1134 prodidere:
916 1083 966 1110 ea
1002 1071 1106 1111 enim
1143 1071 1195 1111 ab
1223 1071 1394 1111 Athribe
1428 1071 1505 1111 hac

54 1126 180 1169 multo
211 1129 273 1165 est
299 1124 598 1175 diversissima,
630 1124 775 1177 quippe
813 1125 855 1165 in
883 1125 1023 1166 intima
1050 1126 1207 1166 Arabia
1237 1127 1393 1191 posita.
1423 1139 1505 1166 nou

52 1181 176 1222 aliam
206 1179 310 1221 enim
339 1193 429 1221 esse
457 1193 506 1220 ac
532 1179 762 1230 Medinam,
800 1192 903 1234 quae
931 1181 1058 1222 Iatrib
1087 1181 1207 1231 olim,
1241 1181 1505 1222 certissimum

53 1239 128 1278 est.
189 1234 282 1276 vide
310 1236 390 1276 lac.
410 1235 574 1276 Golium
607 1235 649 1275 in
679 1236 896 1289 Alfergan.
934 1250 972 1290 p
984 1239 1052 1277 97.
1108 1237 1160 1276 de
1193 1212 1394 1290 heliopoli
1418 1237 1506 1278 sive

56 1289 198 1330 Ηλίου
227 1290 322 1331 Αιιι.
350 1291 441 1331 Ιιιιι.
471 1304 509 1343 Ρ.
530 1294 626 1333 169.

165 1355 280 1399 Ibid·
337 1353 598 1406 Βούβαστος]
629 1357 819 1410 apposita
848 1357 924 1398 fuit
944 1356 1160 1398 Bubastico
1190 1356 1327 1406 fluvio,
1357 1369 1384 1398 a
1407 1355 1507 1397 nia-

53 1424 121 1462 na,
150 1424 254 1465 quae
272 1412 488 1476 Aegyptiis
505 1408 749 1463 Βοι’βαστις
780 1413 887 1466 apud
914 1413 1162 1453 Herodotum
1188 1416 1215 1452 2
1245 1416 1339 1463 137,
1368 1412 1410 1452 ιιι
1435 1425 1508 1452 no-

46 1467 172 1508 minis
204 1468 361 1508 sortita.
431 1468 607 1508 Hermon
650 1466 723 1519 τῆς
752 1467 1061 1517 Βουμαστικῶν
1097 1480 1172 1522 pro
1204 1466 1506 1518 Βουβαστικων

55 1527 118 1564 est
145 1523 189 1564 ιιι
215 1527 309 1564 ιοιιι
337 1527 365 1564 3
389 1523 489 1564 Maii
517 1523 607 1564 Act.
637 1522 682 1564 S.
713 1537 751 1576 Ρ.
770 1527 838 1563 71.

167 1587 277 1631 Ιῠὶἆ.
337 1583 570 1652 Φαρζιθος]
602 1594 756 1630 rectum
796 1594 858 1630 est
888 1584 1148 1641 Φάρβαιθος,
1175 1592 1219 1629 ιιι
1250 1589 1505 1629 Ptolemaeus

55 1647 98 1684 et
127 1642 372 1697 Stephanus,
400 1649 470 1685 aut
501 1640 737 1696 Φάρβητος,
777 1645 973 1698 quomodo
1006 1644 1158 1684 Strabo
1186 1648 1226 1684 et
1253 1643 1503 1696 Epiphanius

56 1699 98 1740 in
115 1699 267 1752 Expos.
297 1699 390 1740 fidei
419 1712 452 1741 c.
468 1703 523 1739 12
551 1714 588 1752 Ρ
607 1703 732 1740 1093.
790 1701 924 1740 sedem
943 1699 1040 1740 urbs
1059 1699 1433 1740 interBubasticum
1463 1702 1504 1738 et

55 1753 315 1795 Busiriticum
341 1766 479 1795 amnes
507 1755 697 1796 habebat.

164 1830 277 1874 Ibid.
328 1828 529 1883 Ἀραβία]
559 1833 803 1886 intelligitur
832 1845 972 1873 nomus
999 1831 1198 1872 Arabicus
1227 1832 1336 1872 circa
1363 1831 1503 1871 Buba-

57 1887 199 1929 sticum
225 1887 387 1928 fluvium
418 1887 610 1928 Arabiam
651 1901 794 1928 versus
834 1892 1055 1952 protent.us
1115 1888 1319 1940 ceteroqui
1350 1892 1391 1927 et
1420 1887 1505 1927 alia

57 1943 212 1984 Arabia
239 1942 467 1996 cognomini
504 1944 609 1983 sinui
637 1944 804 1984 confinis
844 1949 883 1983 et
912 1944 953 1983 in
981 1942 1235 1994 Aethiopiam
1267 1943 1503 1995 pertingens

55 1999 98 2040 in
128 1999 244 2051 Aegy
249 2003 317 2050 pto
347 2003 447 2039 erat.
526 1998 674 2038 nobilis
719 2012 768 2039 ea
799 2004 859 2038 est
887 2011 983 2039 mar
977 2010 1086 2038 nore
1112 1998 1361 2050 porphyrite,
1392 1997 1503 2036 cuius

57 2054 112 2095 ibi
138 2055 315 2103 metalla,
344 2054 414 2093 sed
447 2058 488 2094 et
516 2054 744 2094 aridissimo
774 2055 862 2093 solo
892 2059 1011 2106 atque
1041 2053 1175 2093 arenis
1204 2053 1367 2093 infamis
1397 2053 1504 2118 apud

57 2109 277 2150 Aristidem
321 2113 414 2149 tom.
445 2113 474 2150 3
513 2123 550 2161 p.
572 2113 666 2150 587.
725 2114 845 2162 atque
873 2109 956 2159 hic,
989 2113 1101 2161 puto,
1138 2108 1215 2147 fuit
1243 2107 1505 2159 ποοφυοίτης

56 2160 193 2212 τόπος,
226 2164 338 2204 cuius
366 2165 576 2204 Palladius
606 2164 708 2204 Hist.
741 2165 862 2204 Laus.
898 2177 931 2204 c.
963 2167 1016 2202 42
1047 2164 1247 2211 meminit,
1278 2167 1319 2202 et
1348 2174 1504 2202 eremus

57 2219 296 2271 Porphyrio,
328 2231 447 2272 quam
476 2220 527 2259 ab
555 2219 715 2272 oppidis
744 2225 813 2259 aut
832 2219 1042 2258 habitabili
1069 2223 1181 2258 terra
1211 2222 1363 2270 septem
1391 2230 1505 2257 man-

57 2274 237 2315 sionibus
266 2274 334 2314 vel
372 2287 420 2314 eo
447 2275 617 2327 amplius
654 2278 884 2326 separatam
930 2274 1148 2313 Cassianus
1175 2273 1224 2312 de
1259 2273 1367 2325 Spir.
1402 2273 1505 2312 Ace-

57 2329 151 2370 diae
179 2333 206 2369 7
235 2332 289 2370 24
317 2329 477 2381 prodit:
524 2330 624 2369 bene
653 2329 757 2369 enim
790 2329 850 2368 illi
882 2328 923 2367 in
961 2329 1082 2368 eremi
1121 2328 1390 2380 descriptione
1417 2340 1505 2368 cum

56 2384 238 2424 Aristide
267 2384 466 2424 convenit.
501 2384 541 2423 id
575 2396 673 2423 vero
703 2384 844 2423 mirum
873 2383 1031 2433 accidit,
1056 2383 1307 2433 Babylonem
1334 2383 1385 2423 ab
1411 2382 1504 2422 Hie-

56 2440 170 2480 rocle
213 2439 256 2479 in
294 2439 373 2479 hac
416 2439 627 2491 provincia
670 2438 850 2490 negligi,
883 2438 983 2478 satis
1020 2451 1092 2478 sua
1125 2443 1260 2478 aetate
1292 2439 1501 2478 celebrem.

55 2494 202 2534 aberat
231 2494 282 2534 ab
311 2494 487 2534 Arabico
517 2494 619 2541 sinu,
651 2494 685 2533 si
708 2493 892 2533 iumentis
920 2494 1187 2534 sarcinalibus
1205 2493 1283 2533 iter
1310 2494 1502 2546 ingrede-

56 2552 209 2600 rentur,
237 2549 457 2589 intervallo
475 2554 666 2601 quattuor
688 2549 851 2600 dierum,
882 2549 987 2601 quod
1006 2553 1138 2589 tamen
1155 2549 1365 2601 expeditus
1384 2560 1505 2601 eques

58 2603 179 2644 unius
207 2603 286 2644 diei
319 2608 359 2643 et
388 2605 519 2643 noctis
546 2604 720 2643 decursu
751 2603 966 2644 absolvere
992 2608 1164 2656 poterat.
1224 2604 1299 2643 hoc
1325 2605 1380 2643 lo.
1410 2604 1504 2643 Phi-

57 2657 229 2710 loponus
260 2659 310 2697 de
341 2660 479 2699 Mund.
503 2658 640 2701 creat.
670 2661 696 2697 4
727 2660 757 2697 5
780 2659 843 2698 his
876 2659 1024 2709 verbis,
1050 2671 1153 2712 quae
1182 2658 1403 2699 Corderius
1423 2671 1504 2699 ιιοιι
