1780 3132
268 155 362 203 334
592 164 846 204 BANDURH
886 162 1377 206 ANlMADvERSIONFs

262 273 430 312 Ioannes
458 273 551 312 xm
583 274 625 312 in
653 274 819 312 concilio
847 275 996 313 Romae
1023 274 1172 323 habito,
1202 275 1354 315 Othone
1378 288 1520 328 magno
1549 290 1671 329 prae..

261 332 397 372 sente,
445 326 606 365 venetis
645 328 789 379 legatis
816 329 1051 379 'petentibus
1088 329 1225 368 statuit
1260 330 1461 370 ecclesiam
1489 331 1670 371 Graden-

261 393 341 419 sem
358 380 547 420 Venetiae
577 381 696 419 totius
723 382 969 433 metropolim
1000 393 1096 421 esse.
1154 382 1244 421 vide
1283 394 1382 433 quae
1409 385 1458 422 de
1471 385 1669 425 Gradensi

264 434 537 484 patriarchatu
567 438 606 472 et
631 435 871 485 patriarchis
912 436 1032 475 habet
1061 435 1251 487 Ugheuus
1277 441 1303 474 t.
1332 438 1371 474 5.
1424 438 1563 478 Italiae
1592 439 1668 478 Sa-

260 500 353 527 crae
382 501 419 538 p.
443 490 548 526 1164
578 492 617 526 et
649 500 758 541 seqq.

368 554 459 599 122,
486 555 524 591 9.
576 547 856 603 Ῥιβαλενσής]
890 553 1072 593 fortassis
1091 550 1366 604 Ripaltenses
1391 555 1612 607 legendum.

365 614 472 656 Ibid.
529 613 778 669 Λουλιανόν]
807 621 900 669 puto
930 618 1174 657 scribendum
1194 615 1383 658 Sanctus
1399 616 1604 664 Iulianus.

257 734 288 775 S
335 678 469 772 Pllgifl.
501 683 565 721 11.
595 678 782 730 Βινιόλα]
813 686 906 735 puto
933 680 1102 723 Olivula
1137 681 1359 735 legendum,
1387 684 1454 724 ubi
1481 684 1666 736 templum

291 764 301 774 .
369 747 389 772 e
410 746 455 774 ri.

363 797 471 839 Ibid.
502 802 564 838 13.
621 793 821 853 Βρόιίον]
864 801 1049 841 fortassis
1074 798 1259 842 Breonia
1293 801 1422 842 insula
1457 801 1509 842 ad
1545 801 1667 843 Polae

259 856 475 947 portuffiid.
532 904 779 958 Μαὸαὗκον]
825 905 1124 949 Metamaucon
1153 909 1375 960 legendum.

363 969 471 1011 lbid.
499 972 563 1010 14.
621 969 821 1023 Κλουγιά]
849 973 1107 1024 scriptoribus
1143 971 1285 1014 Fossa
1313 970 1467 1014 Clodia
1493 973 1612 1014 dicta.

362 1033 471 1075 Ibid.
505 1036 570 1073 15.
626 1034 854 1087 Βροῦνδον]
887 1037 1072 1076 fortassis
1099 1034 1328 1077 Brondola.

360 1098 467 1140 lhid.
527 1097 719 1146 Φοσαῶν]
750 1101 888 1140 forsan
910 1099 1153 1141 Foscellum
1181 1102 1246 1141 vel
1274 1100 1466 1143 Fossone
1494 1101 1648 1142 flumen.

361 1162 468 1204 Ibid.
529 1163 768 1214 Λαυριτῶν]
812 1166 1071 1217 scriptoribus
1101 1163 1346 1207 Lauretum.

360 1227 468 1270 lhid.
501 1233 563 1269 19.
623 1223 788 1279 Κάπρε]
819 1230 1003 1270 fortassis
1033 1228 1261 1282 Capralae.

360 1291 467 1334 Ibid.
526 1287 726 1341 Αἴκυλον]
755 1294 940 1334 fortassis
969 1293 1194 1348 Equitium.

360 1357 467 1399 Ibid.
501 1362 566 1398 20.
622 1354 858 1411 Ἀειμιὶνας]
885 1356 1143 1400 Ammianum
1173 1362 1312 1400 forsan
1351 1359 1611 1401 scribendum.

281 1479 289 1487 ι
361 1421 467 1463 Ιῠὶᾱ.
554 1420 752 1473 Μουροὲν]
809 1421 1035 1464 Muranum
1099 1425 1380 1477 scriptoribus,
1435 1425 1520 1464 sive
1569 1422 1665 1466 Mu-

251 1488 425 1517 manum.

359 1529 466 1572 Ibid.
495 1534 559 1570 21.
611 1527 833 1580 Ῥιβαντον]
859 1528 1038 1584 Ripalta
1065 1532 1150 1571 sive
1176 1528 1310 1571 Rivus
1338 1527 1480 1571 Altus.

355 1599 448 1647 123,
475 1599 512 1634 2.
570 1592 753 1645 διήγησις
792 1594 877 1640 πῶς
905 1593 1137 1649 κατῳκίσθη
1177 1592 1203 1645 ἦ
1231 1593 1302 1632 νῦν
1327 1593 1554 1645 καλουμένη
1581 1595 1663 1632 Βε-

247 1649 373 1699 versa]
404 1649 596 1702 quomodo
625 1648 808 1688 conditae
837 1650 984 1688 fuerint
1005 1650 1196 1690 Venetiae
1224 1653 1263 1687 et
1289 1649 1459 1700 quando,
1485 1649 1664 1699 pluribus

248 1709 418 1745 narrant
446 1708 608 1755 praeter
636 1703 752 1752 alios,
780 1703 994 1755 scriptores
1028 1703 1181 1751 Veneti,
1206 1703 1396 1754 imprimis
1422 1706 1554 1742 autem
1581 1702 1663 1741 An-

249 1761 368 1798 dreas
400 1757 604 1797 Dandulus
630 1757 902 1797 serenissimus
930 1757 1011 1797 dux
1037 1756 1302 1806 Venetiarum,
1331 1756 1398 1808 qui
1425 1760 1566 1808 quarto
1595 1756 1663 1794 dc-

248 1814 346 1852 eimo
390 1812 522 1851 seculo
563 1816 603 1850 et
629 1811 759 1850 literis
796 1815 835 1850 et
870 1811 991 1850 armis
1021 1811 1181 1860 floruit,
1210 1815 1249 1849 et
1287 1810 1338 1849 ad
1376 1821 1489 1862 quem
1525 1813 1664 1849 extant

251 1865 563 1919 quamplurimae
591 1864 782 1915 epistolae
813 1877 898 1904 cum
926 1865 1056 1904 editae
1087 1870 1166 1904 tum
1196 1864 1369 1904 ineditae
1396 1875 1422 1902 a
1449 1863 1662 1903 Francisco

247 1920 478 1970 petrarcha,
509 1919 574 1971 qui
605 1919 678 1959 illa
705 1923 936 1970 tempestate
964 1918 1144 1970 florebat,
1175 1918 1435 1969 conscriptae.
1490 1916 1593 1956 hunc
1622 1930 1660 1957 v.

249 1975 352 2026 apud
380 1974 641 2013 Muratorium
678 1976 706 2013 t.
738 1976 788 2012 12
819 1986 859 2024 p.
888 1976 942 2012 69
971 1972 1015 2013 Β.

355 2037 462 2079 lbid.
497 2040 533 2078 4.
589 2033 803 2087 βαλτώδης
847 2036 1073 2089 palustris.
1138 2037 1236 2076 haec
1263 2048 1344 2076 vox
1374 2035 1511 2075 eadem
1536 2035 1662 2087 signi-

246 2093 431 2132 ficatione
463 2091 661 2143 reperitur
691 2105 770 2131 non
799 2093 919 2131 semel
957 2092 1062 2143 apud
1087 2091 1241 2131 Annam
1267 2089 1517 2130 Comncnam.
1570 2090 1661 2130 vide

245 2147 444 2198 Ducangii
472 2146 537 2185 Gl.
567 2146 637 2186 Gr.

357 2210 462 2252 lbid.
497 2213 535 2250 5.
606 2205 804 2262 Φράγγοι]
849 2211 940 2250 vide
980 2222 1080 2262 quae
1123 2210 1172 2249 de
1199 2209 1364 2249 Francis
1402 2208 1524 2248 habet
1554 2209 1660 2249 infra

247 2266 419 2317 scriptor
443 2269 580 2305 noster
609 2277 641 2303 c.
672 2269 726 2308 30
756 2270 796 2304 et
821 2266 1084 2317 sequentibus.

355 2329 461 2371 Ihm.
495 2334 560 2370 19.
614 2326 718 2378 μετὰ
745 2325 920 2379 χρόνους
959 2323 1146 2378 πολλούς]
1189 2328 1350 2379 Pipinus
1375 2327 1562 2367 Venetias
1590 2327 1660 2367 ob-

247 2385 400 2424 sidione
429 2385 553 2436 cingit
581 2397 618 2424 a.
646 2383 740 2423 Chr.
767 2387 860 2424 810.

354 2452 445 2498 124,
476 2453 514 2488 3.
567 2444 803 2500 Ἀειβόλας]
834 2449 943 2488 locus
969 2446 1032 2486 hic
1052 2447 1234 2486 nandulo
1264 2445 1424 2486 Albiola
1453 2445 1607 2484 dicitur.

354 2512 463 2555 Ibid-
497 2517 535 2554 6.
593 2508 910 2561 Μαὸαμαύκου]
939 2512 1144 2552 Dandulus
1171 2512 1198 2551 l.
1228 2512 1255 2552 l.
1287 2512 1415 2552 locum
1443 2510 1544 2550 hunc
1572 2509 1658 2550 Ma—

245 2569 494 2608 themaucum
523 2568 713 2619 appellat.

351 2631 460 2675 Ibid.
488 2637 551 2672 20.
610 2631 679 2670 ἐπὶ
706 2627 808 2670 πολὺ
839 2629 884 2669 δὲ
911 2629 1152 2683 βιασθέντες
1179 2626 1215 2668 οἱ
1235 2627 1455 2679 Βενὲτικοι]
1488 2629 1536 2668 de
1563 2628 1658 2668 belli
