1780 3132
291 153 385 200 294
616 162 871 202 BANDURn
911 161 1405 205 ANJMADvERsioNEs

289 271 393 310 docti
422 284 499 309 non
536 270 608 309 abs
638 283 683 310 re
720 270 924 320 ambigunt
955 283 1005 309 an
1048 283 1126 309 non
1158 271 1211 310 ibi
1239 272 1400 323 legatur
1428 269 1701 322 Clitodemus,

284 325 389 364 unde
422 322 637 363 Clidemus
662 324 803 363 fecerit
825 324 1024 364 librarius.

393 391 458 437 48,
491 391 555 427 18.
613 387 656 425 ἐν
683 386 736 439 τῷ
756 385 1026 440 Ἱπποδρόμῳ]
1057 388 1160 428 hanc
1188 391 1360 428 stat-uam
1384 388 1577 441 Herculis,
1597 401 1698 442 quae

283 442 418 481 stabat
457 442 495 480 in
523 441 793 492 Hippodromo
823 442 1058 493 Cpolitano,
1097 442 1282 494 pluribus.
1318 442 1504 482 describit
1540 444 1699 483 Nicetas

285 495 498 535 choniates
526 495 565 534 in
595 499 767 534 tractatu
795 496 844 534 de
872 496 1014 535 statuis
1041 495 1262 548 Cpolitanis
1290 507 1387 547 quas
1414 496 1548 536 Latini
1578 501 1695 549 capta

282 550 379 588 urbe
407 549 447 588 in
475 552 669 588 monetam
696 549 979 589 conflaverunt.

386 616 451 662 49,
479 616 516 653 2.
571 609 614 651 τὸ
647 611 846 664 νόμισμα]
877 613 1066 654 eiusmodi
1102 625 1278 654 nummos
1303 612 1495 652 morellus
1520 623 1564 651 se
1591 612 1696 663 apud

278 665 443 705 Paulum
473 667 675 707 Petavium
705 667 852 706 vidisse
879 673 1030 708 narrat.

387 719 495 760 Ibid.
529 725 554 760 4
587 719 815 772 Καρανοῦ]
847 721 1064 761 Pausanias
1095 721 1137 761 in
1175 719 1371 760 Boeoticis
1401 723 1543 759 narrat
1570 717 1695 759 Cara-

275 786 366 813 num
393 774 483 813 olim
513 775 553 814 in
567 774 803 813 Macedonia
828 787 1043 827 regnasse,
1075 779 1115 814 et
1142 775 1311 814 victoria
1339 774 1389 812 de
1406 773 1541 813 Cisseo
1573 773 1694 812 finiti-

274 840 363 866 mae
389 829 621 879 provinciae
647 828 825 879 principe
852 834 1059 880 reportata
1086 834 1292 880 tropaeum
1318 827 1562 878 Argivorum
1583 838 1692 866 more

272 881 507 933 legibusque
541 882 741 930 erexisse;
784 883 887 933 quod
931 887 1070 934 postea
1111 883 1174 921 leo
1217 894 1267 921 ex
1297 882 1461 932 Olympo
1505 892 1691 932 egressus

273 935 417 974 evertit
446 948 493 974 ac
520 935 750 987 dissipavit3
780 948 904 987 eoque
934 936 1038 976 malo
1058 936 1186 975 omine
1204 940 1282 974 tum
1305 935 1527 986 perculsum
1553 945 1691 986 regem

270 989 345 1028 sibi
376 989 624 1042 post-erisque
655 990 749 1038 suis,
776 990 1035 1029 Macedoniae
1071 989 1236 1041 regibus
1252 1020 1263 1038 ‚
1290 986 1595 1039 praescripsisse
1620 998 1691 1026 ca-

269 1043 451 1094 visseqne
478 1055 529 1082 ne
557 1048 762 1094 tropaeum
803 1056 973 1096 unquam
1003 1043 1231 1094 erigerent3
1258 1043 1368 1082 cuius
1398 1040 1689 1080 constitutionis

267 1097 471 1148 Philippus
494 1097 691 1146 Amyntae
719 1101 758 1135 et
784 1096 1016 1137 Alexander
1046 1109 1214 1149 magnus
1246 1093 1586 1135 observantissimi
1618 1106 1689 1133 ex·
1758 1136 1761 1140 .

266 1150 444 1190 titerunt.
511 1151 648 1190 Livius
687 1150 803 1190 etiam
841 1152 868 1191 l.
900 1154 954 1191 45
985 1151 1186 1191 Caranum
1223 1150 1391 1201 primum
1429 1147 1688 1187 Macedoniae

269 1208 405 1255 regem
436 1206 592 1244 asserit.
622 1205 728 1244 Mon.
785 1206 972 1254 Marsyas
997 1206 1194 1253 Pellaeus,
1222 1203 1329 1242 cuius
1365 1213 1487 1254 supra
1514 1200 1688 1240 meminit

263 1259 435 1310 scriptor
456 1263 604 1308 noster,
633 1258 839 1298 historiam
869 1271 1001 1298 rerum
1022 1258 1366 1298 Macedonicarum
1394 1269 1419 1296 a
1446 1254 1572 1306 primo
1598 1255 1687 1293 Ma-

263 1312 452 1351 cedoniae
480 1324 579 1364 rege
602 1311 762 1352 Carano
796 1313 970 1363 orditur,
997 1325 1045 1352 ac
1075 1312 1262 1351 terminat
1287 1309 1511 1351 Alexandri
1534 1309 1576 1348 in
1608 1307 1685 1357 Sy-

261 1367 363 1406 riam
392 1366 598 1418 ingressu,
628 1370 671 1405 ut
699 1370 837 1405 auctor
868 1371 929 1406 est
956 1366 1115 1407 Suidas.

367 1429 479 1471 Ibid.
505 1433 544 1470 8.
601 1426 862 1479 καταλήξασα
894 1429 939 1468 δὲ
967 1428 1024 1474 εἰς
1047 1426 1239 1479 Περσέα]
1269 1427 1405 1467 Livius
1436 1427 1464 1466 l.
1494 1428 1548 1466 45
1575 1438 1683 1480 qua-

262 1483 509 1534 driennium,
538 1483 678 1535 inquit,
709 1486 948 1524 continuum
979 1482 1180 1523 bellatum
1211 1482 1299 1532 l'uit
1329 1482 1442 1520 inter
1469 1477 1686 1520 Romanos

260 1549 315 1577 ae
345 1537 539 1585 Persem
583 1537 774 1590 idemque
816 1536 918 1578 belli
958 1535 1058 1588 finis
1102 1540 1146 1576 et
1171 1534 1322 1588 inclyti
1363 1546 1442 1587 per
1481 1532 1684 1586 Europae

259 1591 466 1645 pleraque
510 1595 637 1644 atque
674 1591 824 1633 Asiam
853 1603 1011 1631 omnem
1039 1592 1170 1642 reyni.
1244 1591 1488 1629 vicesimum
1517 1587 1570 1627 ab
1601 1585 1684 1628 Ca-

260 1658 377 1693 rano,
406 1648 475 1698 qui
502 1648 666 1697 primus
695 1648 887 1697 reynavit
902 1677 912 1697 ,
950 1644 1115 1685 Persea
1153 1641 1439 1683 numerabant.
1496 1640 1684 1682 Perseus

263 1699 301 1749 Q
334 1698 488 1739 Fulvio
517 1697 558 1739 L
590 1697 757 1740 Manlio
785 1711 899 1740 coss.
929 1710 1100 1751 reynum
1128 1699 1329 1750 accepim
1358 1707 1386 1736 a
1413 1699 1568 1736 senatu
1595 1707 1682 1736 rex

260 1757 328 1793 est
358 1752 614 1805 appellatus.

368 1805 474 1847 Ibid.
508 1811 571 1847 10.
642 1805 844 1855 Αἰμιλίου
896 1801 1167 1857 ἀνθυπάτου]
1204 1805 1372 1843 Perseus
1405 1803 1471 1855 qui
1501 1803 1543 1842 M
1573 1803 1685 1842 Iunio

260 1861 293 1899 A
328 1861 478 1900 Manlio
508 1873 609 1900 eosS.
643 1873 668 1900 a
695 1866 836 1900 senatu
865 1873 940 1900 rex
967 1860 1192 1911 appellatus
1220 1860 1363 1908 fuerat,
1391 1858 1518 1896 victus
1546 1855 1687 1896 deinde

261 1927 309 1954 ac
340 1920 478 1966 captus
509 1915 585 1954 fuit
613 1915 664 1954 ab
690 1914 858 1954 Aemilio
887 1915 1013 1953 Paulo
1041 1914 1216 1962 consule,
1246 1916 1291 1951 ut
1321 1911 1460 1950 scribit
1485 1911 1591 1950 idem
1617 1910 1686 1950 Li-

260 1969 361 2016 vius,
389 1982 468 2008 non
497 1981 594 2008 vero
625 1969 861 2019 proconsule
889 1966 1142 2015 ἀνθυπάτου,
1168 1970 1212 2006 ut
1239 1966 1296 2005 ait
1323 1965 1386 2004 hic
1403 1964 1685 2015 Porphyroge-

260 2023 377 2062 nitus.
434 2023 546 2062 Pauli
578 2028 706 2062 autem
735 2022 872 2061 concio
901 2022 953 2061 ad
980 2033 1073 2060 suos
1101 2032 1235 2059 coram
1252 2020 1398 2058 Perseo
1427 2018 1468 2056 in
1496 2018 1683 2058 taberna-

261 2078 391 2115 culum
423 2077 647 2116 introducto
676 2077 817 2116 habita
847 2075 996 2127 legitur
1027 2075 1131 2126 apud
1159 2073 1326 2113 Livium.

370 2140 475 2181 lbid.
494 2145 556 2180 11.
614 2138 672 2184 εἰς
700 2136 774 2189 τήν
795 2134 969 2190 Ῥώμην]
999 2139 1167 2178 Perseus
1194 2138 1235 2177 in
1266 2136 1416 2177 catenis
1440 2146 1527 2174 cum
1554 2134 1683 2174 tribus

260 2195 352 2234 filiis
380 2200 473 2234 ante
505 2206 660 2234 currum
688 2194 845 2233 Aemilii
876 2194 989 2233 Pauli
1031 2192 1196 2232 victoris
1228 2190 1465 2243 perturbem
1493 2188 1683 2228 deductus

262 2253 333 2299 est,
357 2253 399 2287 ut
432 2249 555 2288 tradit
583 2249 732 2288 Livius.

369 2310 476 2353 lbid.
508 2317 571 2353 12.
638 2308 718 2349 α’πὸ
760 2309 972 2360 βασιλείας
1010 2307 1068 2353 εἷς
1095 2308 1316 2358 ἐπαρχίαν]
1357 2307 1463 2347 victo
1490 2318 1539 2346 ac
1567 2308 1684 2357 capto

262 2368 408 2406 Perseo
437 2366 699 2406 Macedoniae
735 2377 901 2417 regnum
939 2365 981 2403 in
1009 2364 1242 2415 provinciae
1284 2363 1452 2400 formam
1480 2359 1684 2399 redactum

262 2421 385 2461 fuisse
412 2421 550 2460 scribit
578 2421 715 2460 Livius
741 2421 768 2458 l.
803 2420 830 2458 l.

370 2472 477 2515 Ibid.
508 2477 570 2514 15.
628 2469 705 2510 ὑπὸ
748 2469 1038 2521 κονσιλιάριον]
1100 2471 1142 2510 in
1181 2483 1260 2510 mss
1298 2467 1493 2507 Hieroclis
1534 2466 1684 2517 legitur

260 2523 339 2567 ’ὑπὸ
386 2524 645 2577 κονσιλάριον
682 2532 721 2566 et
762 2523 843 2563 ὑπὸ
892 2521 1205 2575 κονσουλὰριον,
1248 2524 1428 2563 nimirum
1466 2519 1544 2561 sub
1578 2530 1684 2558 con—-

260 2581 412 2622 sulari.
471 2586 514 2622 at
548 2582 760 2634 legendum
801 2579 943 2631 ubique
972 2573 1049 2614 ὑπὸ
1079 2574 1372 2625 κονσιλιάριονε
1411 2576 1554 2628 quippe
1583 2573 1683 2612 Por-

261 2636 548 2690 phyrogenitus
578 2647 721 2687 supra,
763 2646 849 2674 cum
894 2633 944 2672 de
970 2632 1170 2673 Thraciae
1196 2632 1475 2683 praefectura,
1501 2628 1617 2668 docet
1641 2627 1683 2666 id
