1780 3132
211 196 281 235 DE
318 190 763 233 ADMlNlSTRANDO
804 191 1025 230 lMPEmo
1066 187 1182 229 CAP.
1215 190 1281 232 36.
1313 191 1380 232 37,
1472 180 1560 225 165

136 289 296 346 θέματά
322 293 403 333 εἶσι
428 294 571 333 ταῦτα.
628 286 757 341 ὄνομα
786 291 859 330 τοῦ
887 286 1056 340 πρώτου
1093 288 1274 337 θέματος
1291 283 1464 338 Ἠρτήμ,
1487 286 1563 324 τοῦ

137 360 332 411 δευτέρου
366 357 526 409 Τζοιῖρ,
571 358 645 397 τοῦ
672 359 812 409 τρίτου
841 353 981 406 Γύλα,
1011 355 1085 393 τοῦ
1117 349 1316 405 τετάρτου
1352 350 1562 405 Κουλπέῃ,

134 425 210 465 τοῦ
238 425 422 475 πέμπτου
455 421 670 475 Χαροβόη,
697 422 773 461 τοῦ
796 421 913 460 ἕκτου
946 417 1138 471 Ταλμάτ,
1165 418 1238 457 τοῦ
1267 411 1444 468 ἑβδόμου
1474 416 1563 455 Χο-

135 489 234 540 πόν,
280 490 357 528 τοῦ
394 486 541 541 ὀγδόου
574 485 739 537 Τζοπόν.
795 483 900 525 κατὰ
944 484 988 524 δὲ
1024 482 1094 524 τὸν
1123 480 1268 536 καιρὸν
1294 479 1341 522 ὃν
1370 478 1450 520 ἀπὸ
1481 482 1564 520 τῶν

102 556 253 596 stolon»
278 552 416 594 τόπων
445 551 483 594 οἱ
510 554 816 602 Πατζινακῖται
849 550 1181 603 ἐξεδιώχθησαν,
1224 543 1336 599 εἶχον
1363 541 1562 599 ἄρχοντας

135 619 196 668 εἷς
223 621 300 671 μὲν
338 618 383 658 τὸ
417 619 527 669 θέμα
551 615 716 670 Ἰ-Ιρτήμ
744 615 816 657 τὸν
845 616 1055 669 ΙΠαΐτζαν,
1087 616 1146 661 εἰς
1175 615 1221 654 δὲ
1251 611 1294 653 τὸ
1329 610 1466 663 Τζοὺρ
1495 609 1564 652 τὸν

138 685 287 735 Κούελ,
319 685 377 731 εἷς
405 685 450 724 δὲ
470 681 511 723 τὸ
530 682 646 723 Γύλα
663 679 733 722 τὸν
753 682 1036 735 Κουρκοῦταν,
1066 681 1124 727 εἰς
1143 681 1188 720 δὲ
1211 679 1254 720 τὸ
1279 678 1473 730 Κουλπέη
1493 675 1563 717 τὸν

126 746 278 796 Ἰηαόν,
309 749 367 797 εἰς
395 746 500 789 δὲτὸ
518 745 720 801 Χαροβόη
749 745 822 787 τὸν
843 746 1051 800 Καϊδούμ,
1081 746 1139 794 εἰς
1168 746 1214 785 δὲ
1251 742 1295 785 τὸ
1320 747 1430 794 θέμα
1456 745 1562 784 Ταλ-

133 813 216 865 μὰτ
241 811 311 855 τὸν
339 811 542 865 Κιόσταν,
584 814 643 860 εἰς
685 810 731 852 τὸ
762 810 907 853 Χοπόν
935 810 1005 852 τόν
1035 809 1190 865 Γιαζή,
1220 812 1278 858 εἰς
1308 812 1351 851 δὲ
1376 809 1421 850 τὸ
1451 811 1562 860 θέμα

81 886 123 920 10
141 877 297 929 Τζοπὸν
332 877 404 919 τὸν
438 874 592 919 Βατάν.
650 876 754 928 μετοὶ
785 879 831 918 δὲ
859 876 1036 918 θάνατον
1066 879 1207 918 αὐτῶν
1236 879 1465 925 διεδέξαντο
1493 875 1566 923 τας

135 943 272 998 α’ρχὰς
307 943 344 984 οἱ
376 944 528 984 τούτων
559 939 805 997 ἐξοίδελφοι·
862 939 986 993 νόμος
1013 941 1103 996 ῐγάρ
1133 943 1176 983 έν
1218 943 1361 989 αὐτοῖς
1391 942 1463 982 καί
1493 940 1565 982 rv'·

134 1023 210 1057 πος
237 1008 435 1062 ἐκράτησε
465 1005 642 1055 παλαιὸς
668 1006 726 1061 μὴ
757 1006 868 1060 ἔχειν
894 1009 1084 1057 ἐξουσίαν
1113 1004 1216 1060 πρός
1232 1009 1385 1055 παῖδας
1401 1003 1566 1060 ἢᾶδελ-

135 1073 242 1129 φούς
274 1074 412 1114 αὐτῶν
435 1075 717 1125 μεταπέμπειν
743 1070 794 1115 τοὶ
825 1072 1051 1125 ἀξιώματα,
1083 1069 1174 1114 ἀλλ’
1195 1073 1416 1127 ἀρκεῖσθαι
1439 1069 1566 1126 μόνον

103 1154 108 1158 ’
134 1145 218 1188 τοῖς
247 1140 503 1193 κεκτημένοις
547 1137 592 1178 τὸ
615 1140 694 1179 ’καί
728 1141 855 1191 μέχρι
884 1140 990 1191 ζωῆς
1020 1135 1168 1193 ἄρχειν
1194 1137 1359 1189 αὐτούς,
1385 1139 1488 1190 μετά
1519 1140 1565 1179 δὲ

82 1203 316 1247 15θᾰνατον
354 1204 694 1257 προχειρίζεσθαι
739 1200 768 1257 ἢ
814 1202 1040 1259 ἑξάδελφον
1080 1205 1221 1246 αὐτῶν
1261 1199 1288 1257 ἢ
1329 1205 1567 1258 ἑξαδέλφων

136 1271 301 1323 παῖδας,
329 1268 433 1323 πρὸς
459 1267 505 1309 τὸ
525 1267 580 1323 μή
604 1270 698 1309 καθ’
727 1266 822 1310 ὅλου
852 1270 912 1317 εἰς
940 1271 984 1310 ἓν
1010 1271 1134 1322 μέρος
1159 1270 1302 1322 γενεᾶς
1329 1269 1566 1322 διατρέχειν

134 1334 178 1377 τὸ
209 1334 396 1386 ἀξίωμα,
436 1333 542 1376 ἀλλὰ
582 1334 654 1375 καί
694 1335 754 1383 εἰς
792 1333 887 1383 τούς
922 1336 1167 1388 έκπλαγίους
1206 1333 1278 1376 καὶ
1302 1338 1569 1390 κληρονομεῖν

135 1401 207 1442 καί
223 1401 527 1451 α’πεκδέχεσθαι
548 1398 621 1454 τήν
639 1397 763 1454 τιμήν
778 1415 788 1427 ·
847 1399 928 1441 α’πὸ
957 1402 1069 1454 ξένης
1097 1401 1142 1441 δὲ
1158 1402 1300 1454 γενεᾶς
1321 1401 1401 1453 οὐχ
1419 1398 1566 1440 ὑπεισ-

134 1465 309 1520 ἔρχεταί
345 1481 408 1514 τις
444 1466 518 1506 καί
557 1466 714 1517 γίνεται
755 1460 911 1520 ἄρχων.
965 1463 1017 1507 τὰ
1051 1466 1098 1507 δὲ
1124 1464 1230 1507 ὀκτώ
1256 1467 1423 1518 θέματα
1455 1466 1568 1505 διαι-

78 1546 124 1582 20
137 1533 306 1584 ροῦνται
342 1531 401 1579 εἰς
446 1532 757 1585 τεσσαράκοντα
795 1533 930 1586 μέρη,
970 1533 1042 1573 καί
1069 1529 1216 1584 ἔχουσι
1245 1533 1319 1573 καί
1347 1532 1569 1579 ἐλάττονας

136 1592 352 1649 ἄρχοντας.

239 1654 392 1704 ’ἰστέον
425 1656 490 1702 ὅτι
523 1658 568 1701 αἱ
595 1663 793 1716 τέσσαρες
821 1663 905 1703 ταῖν
931 1663 1252 1713 Πατζινακιτῶν
1275 1662 1422 1716 γενεαί,
1446 1657 1569 1715 ἤγουν

135 1724 180 1768 τὸ
223 1727 336 1777 θέμα
374 1725 713 1782 Κουαρτζιτζούρ
757 1728 830 1769 καί
863 1725 907 1769 τὸ
939 1729 1053 1781 θέμα
1085 1729 1381 1783 Συρουκαλπέη
1427 1726 1497 1769 καί
1521 1726 1567 1768 τὸ

1579 1614 1605 1649 Ρ
1631 1615 1697 1650 106

228 1862 253 1898 4
277 1863 338 1906 τῆς
361 1863 459 1903 ἰδίας
479 1863 608 1912 χώρας
633 1866 658 1899 Β
751 1864 774 1898 9
797 1862 912 1910 Γιασῆ
935 1866 975 1901 Μ
1070 1866 1115 1900 13
1140 1865 1269 1913 ἀρκεῖν
1283 1866 1299 1899 ?

138 2010 283 2043 magnos
308 2009 451 2044 quoque
473 2001 651 2045 principes
670 2001 822 2034 totidem
841 2001 962 2034 habet.
1010 2001 1166 2034 themata
1186 2006 1302 2034 autem
1326 2000 1461 2034 isthaec
1479 2005 1573 2033 sunt.
1633 2036 1636 2041 ,

138 2048 290 2093 primum
317 2051 371 2078 est
393 2045 532 2087 Ertem,
557 2047 752 2080 secundum
777 2048 872 2080 Tzur
889 2073 898 2088 ,
926 2047 1070 2083 tertium
1095 2048 1186 2090 Gyla
1202 2073 1211 2088 ‚
1238 2052 1402 2092 quartum
1430 2047 1575 2090 Culpee,

140 2094 304 2139 quintum
334 2091 530 2134 Charoboe,
559 2100 695 2127 sextum
723 2095 878 2135 Talmat,
904 2094 1093 2139 septimum
1119 2094 1280 2139 Chopon‚
1307 2100 1467 2126 octavum
1483 2095 1577 2126 Tzo-

141 2151 226 2186 pon.
275 2150 346 2184 quo
384 2144 501 2172 autem
537 2146 695 2186 tempore
729 2142 800 2174 suis
842 2142 947 2173 eiecti
982 2140 1124 2173 sedibus
1159 2141 1395 2173 Patzinacitae
1421 2141 1575 2176 fuerunt.

140 2186 320 2231 principes
346 2190 447 2218 erant
471 2187 509 2219 in
533 2187 687 2221 themate
716 2187 862 2232 quidem
885 2188 1002 2220 Ertem
1028 2188 1194 2226 Maitzan,
1221 2188 1256 2218 in
1284 2188 1378 2220 Tzur
1403 2187 1488 2220 Cuel
1504 2212 1512 2227 ‚
1540 2187 1577 2218 in

142 2233 232 2275 Gyla
256 2232 452 2272 Cui-eatan,
489 2234 527 2266 in
565 2234 699 2279 Culpee
724 2235 858 2279 Ipaon,
898 2235 934 2267 in
958 2233 1142 2268 Charoboe
1170 2233 1340 2274 Cnidum,
1375 2235 1414 2266 in
1437 2234 1580 2266 Talmat

143 2279 295 2318 Costan,
320 2279 356 2310 in
385 2278 532 2324 Chopon
558 2281 688 2320 Giaze‚
725 2281 762 2313 in
791 2281 940 2325 Tzopon
971 2281 1091 2313 Batan.
1141 2280 1196 2312 his
1225 2285 1343 2313 autem
1367 2280 1515 2313 mortuis
1542 2280 1579 2311 in

142 2326 362 2371 principatus
398 2333 640 2360 successerunt
674 2338 794 2360 eorum
829 2327 1023 2371 patrueles,
1047 2326 1225 2371 siquidem
1249 2327 1308 2360 lex
1330 2326 1403 2359 illis
1427 2333 1463 2359 et
1489 2327 1582 2359 :nnti-

144 2383 214 2418 qua
238 2370 456 2404 consuetudo
480 2378 549 2412 est,
574 2373 765 2418 dignitates
790 2373 835 2406 ad
863 2374 953 2406 filios
978 2379 1040 2406 aut
1062 2374 1186 2406 fratres
1214 2384 1287 2406 non
1316 2374 1580 2406 transmittere:

143 2418 208 2452 sed
232 2417 391 2450 contenti
414 2418 589 2463 principes
614 2431 688 2453 esse
709 2420 853 2460 debent,
877 2419 998 2464 quoad
1020 2420 1157 2461 vivunt,
1181 2419 1418 2464 principatum
1439 2425 1583 2460 tenere3

145 2470 227 2511 post
251 2469 399 2496 mortem
426 2475 508 2498 vero
534 2466 591 2499 vel
613 2467 792 2511 patrueles
821 2467 877 2499 vel
899 2477 1020 2499 eorum
1048 2466 1114 2499 filii
1133 2472 1396 2510 promoventur,
1420 2478 1466 2499 ne
1491 2478 1583 2499 sem-

145 2521 210 2556 per
241 2511 278 2544 in
310 2509 433 2543 eadem
467 2513 655 2558 prosapiae
694 2519 795 2558 parte
836 2513 989 2556 dignitas
1020 2512 1211 2552 consistat,
1250 2513 1314 2546 sed
1353 2518 1393 2546 ut
1424 2513 1470 2545 ad
1508 2514 1586 2546 col-

146 2557 311 2590 laterales
353 2567 495 2602 quoque
542 2570 584 2592 ea
631 2559 831 2593 hereditate
862 2559 1059 2592 deseratur:
1094 2559 1239 2592 alterius
1280 2571 1362 2592 vero
1399 2560 1585 2604 prosapiae

148 2604 211 2648 qui
249 2603 313 2643 sit,
339 2603 459 2636 nullus
498 2605 535 2637 in
572 2606 808 2650 principatum
847 2606 1016 2639 succedit.
1065 2606 1153 2639 haec
1189 2616 1295 2649 porro
1324 2611 1404 2639 octo
1429 2606 1586 2639 themata

147 2651 185 2683 in
223 2656 342 2698 partes
376 2649 635 2685 distribuuntur
668 2652 920 2698 quadraginta,
953 2663 1043 2698 quae
1067 2652 1228 2696 singulae
1253 2652 1388 2686 habeut
1409 2654 1587 2697 principes

148 2707 312 2729 minores.

240 2744 284 2776 Et
310 2748 477 2789 quattuor
500 2743 644 2789 quidem
663 2746 955 2779 Patzinacitarum
980 2745 1145 2779 nationes
1172 2746 1246 2780 sive
1271 2745 1448 2785 themata,
1476 2745 1588 2778 cuar-
