1780 3132
177 150 238 193 88
447 147 811 191 CONSTANTINI
843 146 1342 192 PORPHYROGENITI

176 256 334 313 ἐκγόνην
363 259 529 300 δέδωκεν
555 262 611 314 τῷ
637 258 758 314 κυρίῳ
785 257 932 314 Πέτρῳ
958 263 1014 315 τῷ
1040 257 1285 315 Βουλγάρῳ,
1320 260 1384 301 δεῖ
1403 256 1602 313 ἀπολογή-

176 330 329 367 σασθαι
351 326 410 367 ὅτι
431 323 451 366 ὃ
471 324 605 379 κύριος
617 322 818 376 Ῥωμανὸς
835 322 856 365 ὃ
874 325 1061 376 βασιλεὺς
1081 324 1239 379 ἰδιώτης
1257 327 1320 366 καὶ
1341 323 1603 381 ἀγράμματος

176 391 389 448 ἅνθρωπος
417 388 485 444 ἦν,
516 392 582 431 καὶ
612 389 701 432 οὔτε
733 395 811 432 τῶν
843 389 999 433 ἄνωθεν
1019 394 1059 434 ἐν
1079 393 1293 445 βασιλείοις
1318 392 1602 447 τεθραμμένων

176 458 265 500 οὔτε
295 463 373 499 τῶν
400 456 814 512 παρηκολουθηκότων
840 458 881 508 ἐξ
908 458 1032 513 ἀρχῆς
1058 465 1141 508 τοῖς
1160 457 1394 512 Ῥωμαϊκοῖς
1419 459 1603 510 ἐθισμοῖς

175 525 263 566 οὔτε
292 525 369 565 ἀπὸ
398 525 530 578 γένους
557 525 759 576 βασιλείου
792 527 858 565 καὶ
885 525 1082 580 εὐγενοῦς,
1117 527 1182 567 καὶ
1204 525 1271 567 διὰ
1289 529 1406 567 τοῦτο
1425 524 1634 567 αὐθαδέ-Ξι

175 607 312 647 στερον
347 592 412 631 καὶ
444 589 837 646 ἐξουσιαστικώτερον
869 593 920 633 τὰ
949 593 1077 634 πολλὰ
1106 591 1417 648 κατεπράττετο,
1463 593 1529 632 καὶ
1563 591 1604 632 ἐν

174 657 301 713 τούτῳ
333 656 422 699 οὔτε
447 661 494 712 τῇ
524 658 708 716 ἐκκλησία
731 658 1029 715 ἀπαγορευούσῃ
1047 658 1267 713 ὑπήκουσεν
1291 658 1380 701 οὔτε
1399 661 1449 713 τῇ
1469 658 1605 713 ἐντολῇ

175 726 240 765 καὶ
260 726 427 779 διαταγῇ
445 728 516 765 τοῦ
532 723 704 778 μεγάλου
725 726 1025 768 Κωνσταντίνου
1044 725 1410 780 κατηκολούθησεν,
1444 724 1535 766 ἀλλ’
1562 724 1604 764 ἐκ

173 789 331 845 γνιόλιιης
352 789 559 840 αὐθάδους
580 793 645 832 καὶ
666 790 912 844 αὖτοβούλου
933 795 999 834 καὶ
1014 798 1091 835 τῶν
1110 797 1241 834 καλῶν
1259 793 1448 845 ἀμαθοῦς
1465 791 1531 832 καὶ
1547 788 1606 844 μὴ

172 858 417 911 βουλομένης
437 858 604 899 ἕπεσθαι
624 862 679 914 τῷ
701 859 884 913 πρέποντι
906 862 971 900 καὶ
989 864 1098 916 καλῷ
1119 860 1220 913 μηδὲ
1237 866 1324 909 ταῖς
1346 874 1606 914 πατροπαρα-
1618 862 1661 897 10
1690 874 1691 877 ’

176 922 306 972 δότοις
324 931 489 977 στοιχεῖν
506 923 706 974 ὄιατάξεσι
725 930 841 966 τοῦτο
862 930 1023 979 ποιῆσαι
1042 925 1275 980 τετόλμηκεν
1281 957 1295 977 ,
1319 924 1466 979 ταύτην
1482 922 1608 977 μόνην

175 990 334 1044 εὔλογον
378 989 559 1044 δηλονότι
600 989 921 1046 προβαλλόμενος
958 991 1183 1048 πρόφασιν,
1229 996 1416 1035 τοσοῦτον
1451 994 1609 1044 πλῆθος

175 1055 437 1110 αι’χμαλώτων
460 1059 715 1112 Χριστιανῶν
738 1058 806 1099 διὰ
827 1063 897 1112 τῆς
916 1059 1100 1113 τοιαύτης
1121 1058 1300 1115 πράξεως
1324 1055 1608 1114 ἀναρρύεσθαι,

174 1126 239 1165 καὶ
267 1125 312 1166 τὸ
342 1124 610 1180 λ’ριστιανοῦς
630 1122 726 1166 εἶναι
750 1129 815 1166 καὶ
837 1126 930 1175 τοὺς
951 1124 1209 1181 Βουλγάρους
1226 1124 1464 1179 ὁμοπίσιους
1481 1122 1609 1177 ἡμῶν,

174 1190 306 1238 ἄλλως
332 1208 374 1232 τε
401 1192 468 1232 καὶ
495 1190 555 1232 ὅτι
584 1191 675 1233 οὐδὲ
701 1190 993 1248 αὐτοκράτορος
1010 1195 1075 1235 καὶ
1097 1194 1294 1246 ἐνθέσμου
1311 1192 1507 1245 βασιλέως
1527 1195 1608 1232 θυ-
1621 1192 1663 1229 15

174 1256 300 1312 γάτηρ
333 1256 359 1310 ἦ
393 1258 619 1311 ἐκδιδομὲνη
644 1258 872 1313 ἐτύγχανεν,
908 1261 1011 1301 ἀλλὰ
1034 1261 1168 1315 τρίτου
1190 1262 1256 1301 καὶ
1278 1256 1445 1313 ἐσχάτου
1466 1259 1532 1299 καὶ
1554 1256 1612 1298 ἔτι

175 1322 400 1378 ὑποχειρίου
431 1326 497 1366 καὶ
524 1326 722 1378 μηδεμίαν
754 1327 933 1375 ἐξουσίαν
961 1328 1002 1367 ἐν
1030 1334 1111 1375 τοῖς
1137 1331 1207 1378 τῆς
1237 1327 1362 1379 ἀρχῆς
1383 1325 1613 1377 μετέχοντος

178 1389 384 1445 πράγμασι
396 1405 406 1415 ·
442 1393 507 1432 καὶ
525 1392 638 1434 οὐδὲν
656 1393 833 1448 διέφερεν
851 1393 896 1434 τὸ
915 1398 1093 1435 τοιοῦτον
1110 1398 1181 1434 τοῦ
1204 1395 1268 1433 καὶ
1288 1392 1411 1445 ἄλλην
1429 1390 1518 1432 τινὰ
1535 1394 1613 1432 τῶν

176 1462 394 1510 βασιλικῶν
424 1460 658 1512 συγγενίὸων
683 1463 761 1501 τῶν
792 1460 1029 1516 πορρωτέρω
1047 1477 1088 1502 τε
1108 1462 1174 1501 καὶ
1191 1459 1303 1514 ἐγγὺς
1321 1463 1391 1512 τῆς
1409 1458 1614 1511 βασιλείας

179 1525 368 1578 εὐγενείας
387 1531 686 1579 τυγχανουσῶν,
715 1528 780 1568 καὶ
798 1527 866 1567 διά
882 1544 969 1568 τινα
985 1531 1205 1582 κοινωφελῆ
1225 1527 1404 1572 ὁόυλείαν
1413 1555 1427 1575 ,
1454 1526 1519 1566 καὶ
1539 1527 1612 1566 τοῦ
1623 1527 1668 1562 20

179 1590 349 1644 ἐσχάτου
377 1595 444 1633 καὶ
473 1594 598 1646 μηδὲν
624 1593 763 1646 σχεδὸν
789 1592 1092 1644 ἐξουσιάζοντος.
1161 1595 1240 1635 ἐπεὶ
1263 1593 1338 1639 ἔξω
1358 1596 1429 1634 τοῦ
1452 1589 1616 1639 κανόνος

68 1662 92 1693 Ρ
117 1660 161 1694 67
184 1661 250 1699 καὶ
279 1663 350 1712 τῆς
379 1660 700 1714 ἐκκλησιαστικῆς
726 1659 985 1716 παραδόσεως
1010 1663 1074 1702 καὶ
1106 1665 1176 1714 τῆς
1200 1664 1272 1701 τοῦ
1297 1657 1471 1712 μεγάλου
1501 1656 1615 1712 ἁγίου

179 1726 374 1777 βασιλέως
397 1728 696 1768 Κωνσταντίνου
721 1729 910 1782 ὁιαταγῆς
929 1745 969 1768 τε
991 1729 1056 1768 καὶ
1080 1728 1237 1780 ἐντολῆς
1260 1731 1375 1768 τοῦτο
1398 1726 1616 1778 πεποίηκεν,

182 1792 311 1832 πολλὰ
333 1795 398 1833 καὶ
422 1795 496 1843 ζῶν
519 1794 730 1847 ὠνειδίσθη
756 1793 776 1835 ὃ
802 1796 1046 1850 προρρηθεὶς
1077 1798 1188 1849 κῢρις
1211 1791 1414 1846 Ῥωμανὸς
1441 1793 1508 1833 καὶ
1537 1793 1618 1833 διε-

274 1896 315 1930 11
340 1897 493 1940 στοιχεῖν
519 1896 710 1930 Bandurius
733 1908 796 1941 pro
819 1898 940 1940 τυχεῖν
1073 1899 1117 1934 21
1142 1894 1220 1931 ἐπεὶ
1241 1894 1282 1931 δ’
1298 1897 1317 1931 ?

184 1996 251 2028 que
271 1985 443 2029 propriam
467 1984 602 2018 domino
624 1986 731 2019 Petro
754 1986 903 2029 Bulgaro
926 1983 1130 2020 elocavit?’'
1175 1985 1224 2019 ita
1254 1984 1524 2029 respondendum
1547 1988 1619 2018 est:

185 2030 266 2072 quia
290 2030 444 2062 dominus
468 2031 640 2064 Romanus
662 2030 850 2075 imperator
874 2031 926 2064 vir
947 2032 1103 2065 indoctus
1129 2035 1164 2063 et
1184 2030 1366 2063 illiteratus
1389 2036 1481 2071 erat,
1508 2040 1620 2074 neque

185 2074 222 2106 in
245 2074 341 2116 regia
364 2075 545 2118 educatus,
578 2086 689 2119 neque
712 2087 732 2109 a
755 2075 924 2120 principio
946 2076 1107 2109 Romanis
1129 2075 1262 2118 legibus
1285 2080 1321 2108 et
1344 2074 1492 2108 moribus
1518 2075 1620 2107 obse-

187 2124 306 2161 cutus,
343 2130 455 2161 neque
486 2132 529 2153 ex
557 2120 777 2164 imperatorio
808 2126 844 2155 et
871 2121 978 2154 nobili
1000 2132 1126 2164 genere
1150 2125 1265 2162 ortus,
1298 2119 1378 2152 ideo
1399 2118 1562 2153 audacius
1585 2122 1622 2152 et

187 2163 328 2197 liberius
361 2164 465 2197 multa
493 2166 700 2208 peragebat;
733 2171 836 2209 atque
867 2165 904 2199 in
935 2166 1000 2199 hac
1031 2177 1070 2199 re
1100 2175 1210 2208 neque
1234 2164 1431 2208 prohibenti
1453 2163 1621 2197 ecclesiae

189 2208 377 2251 morigerus
401 2209 468 2242 fuit
490 2221 601 2253 neque
624 2210 737 2254 magni
761 2211 979 2245 Constantini
1000 2211 1139 2245 decreto
1163 2209 1431 2253 obtemperavit,
1465 2208 1528 2242 sed
1556 2219 1620 2253 pro

189 2252 295 2286 lubito
331 2259 366 2286 et
397 2253 564 2287 arbitratu
588 2266 669 2299 suo,
701 2255 839 2289 honesti
859 2256 1020 2300 ignarus,
1055 2255 1232 2288 honestum
1254 2261 1290 2288 et
1310 2255 1434 2287 bonum
1455 2263 1621 2297 respuens

190 2303 419 2343 paternasque
450 2299 651 2334 traditiones
682 2300 919 2344 vilipendens,
950 2300 987 2334 id
1008 2299 1150 2344 aggredi
1172 2310 1273 2332 ausus
1296 2303 1369 2338 est3
1405 2298 1470 2332 hoc
1490 2302 1621 2332 tantum

190 2353 271 2375 usus
302 2343 497 2376 rationabili
517 2345 675 2387 obtentu,
712 2345 779 2379 isto
803 2347 902 2380 modo
923 2346 1093 2389 ingentem
1117 2344 1329 2388 captivorum
1351 2341 1623 2376 Christianorum

190 2386 438 2421 multitudinem
463 2387 624 2430 liberari;
658 2389 875 2424 Christianos
896 2390 978 2424 item
1002 2401 1077 2423 esse
1099 2389 1265 2432 Bulgaros
1286 2393 1321 2422 et
1345 2388 1495 2422 eiusdem
1517 2387 1622 2428 fldei3

191 2437 372 2476 praeterea
406 2444 517 2475 neque
549 2444 632 2468 vere
665 2434 832 2479 principis
853 2439 888 2469 et
908 2434 1050 2479 legitimi
1071 2433 1287 2478 imperatoris
1309 2432 1412 2466 filiam
1433 2443 1529 2475 esse,
1561 2431 1623 2466 sed

193 2477 290 2510 tertii
322 2477 483 2521 postremi
516 2482 619 2521 atque
647 2480 812 2524 subiecti,
847 2480 907 2525 qui
936 2480 1057 2514 nullam
1080 2478 1117 2511 in
1139 2479 1241 2512 rebus
1265 2477 1399 2522 imperii
1418 2480 1623 2522 potestatem

192 2521 348 2555 haberet.
394 2523 455 2555 sed
486 2522 571 2556 nihil
600 2524 775 2558 referebat
800 2525 876 2558 sive
907 2525 1088 2559 remotiore
1117 2523 1192 2557 sive
1223 2521 1467 2568 propinquiore
1495 2532 1622 2565 cogna-

192 2566 287 2600 tione
310 2567 352 2600 ad
375 2567 625 2610 imperatoriam
648 2568 788 2613 stirpem
805 2569 864 2603 illa
880 2571 1077 2609 accederet3
1100 2579 1163 2601 nec
1182 2569 1356 2602 referebat
1369 2567 1449 2600 item
1463 2576 1624 2600 summam

192 2611 272 2646 hinc
302 2611 447 2656 publicis
479 2613 579 2646 rebus
609 2613 791 2647 utilitatem
822 2615 1008 2658 obvenire,
1041 2618 1102 2647 aut
1133 2613 1283 2646 ultimum
1307 2623 1383 2645 esse
1407 2615 1536 2656 patrem
1559 2621 1624 2643 nec

193 2656 376 2700 quidquam
411 2657 485 2690 fere
517 2658 698 2701 potestatis
730 2658 879 2702 habere,
915 2657 1184 2703 quandoquidem
1219 2662 1339 2691 contra
1369 2654 1624 2690 ecclesiastieae

194 2701 389 2735 traditionis
412 2713 572 2736 canonem
596 2714 637 2736 ac
659 2703 772 2746 magni
792 2705 969 2748 sanctique
991 2702 1208 2738 Constantini
1230 2703 1403 2736 decretum
1422 2700 1458 2733 id
1479 2700 1623 2744 agebat:

196 2757 271 2780 nam
306 2746 435 2792 multis,
470 2748 549 2782 dum
579 2754 756 2793 superstes
787 2755 900 2793 esset,
934 2749 1022 2784 idem
1045 2748 1198 2783 (lominus
1222 2749 1392 2782 Romanus
1412 2743 1626 2780 contumeliis
