1780 3132
218 387 285 421 622

224 2054 291 2088 623

305 148 397 195 382
823 160 1162 200 WEssEmNGu

302 272 457 317 essent;
493 280 592 321 quae
617 281 702 307 cum
733 280 783 308 ex
817 269 1059 310 Parnesiano
1087 283 1144 310 ms
1176 272 1316 311 ceteris
1343 273 1578 313 accesserint
1606 285 1698 325 pro-

301 322 467 372 vinciae,
496 322 577 361 ruit
602 326 641 360 et
666 323 740 362 illa
765 323 947 375 suspicio.

407 387 604 425 Hactenus
621 386 755 438 itaque
769 387 845 426 nisi
867 387 1128 427 incertissima
1143 388 1191 426 de
1203 387 1382 427 Hierocle
1409 394 1501 428 sunt
1525 389 1695 441 prodita.

300 439 460 491 propius
501 440 582 478 eius
618 445 787 480 aetatem
826 442 871 482 L.
900 442 1139 481 Holsteinius
1176 442 1289 480 finire
1315 453 1529 493 aggressus
1556 447 1616 482 est
1646 443 1697 483 ad

300 493 618 545 Pulcheriopolin
645 494 840 535 Thesauri
867 495 1079 535 Orteliani:
1103 492 1292 535 “civitas''
1318 495 1443 547 inquit
1461 492 1600 547 “Epiri
1627 509 1699 536 no-

300 559 375 586 vae
394 546 435 585 in
450 547 598 587 Notitia
609 548 813 599 Hieroclis,
841 550 907 589 ubi
925 550 1028 589 male
1050 543 1430 599 Πολυχεριούηολις
1455 561 1527 600 pro
1554 549 1699 587 Πουλ-

300 597 559 651 χεριούηολις
587 602 726 642 editur.
782 603 933 654 accepit
963 607 1091 642 autem
1110 615 1250 642 nomen
1280 615 1304 641 a
1333 602 1537 642 Pulcheria
1565 602 1699 655 Augu-

301 658 376 703 sta,
405 654 515 694 cuius
542 655 640 695 haec
667 656 817 696 Notitia
848 662 1024 708 tempore
1061 657 1209 707 scripta
1243 653 1436 695 videtur.”
1505 659 1700 708 optassem

298 709 417 759 plura
433 708 495 748 vir
520 710 707 761 egregius
733 711 1068 750 constabiliendae
1087 710 1271 761 opinioni,
1303 721 1401 762 quae
1423 709 1484 749 illi
1500 709 1540 749 in
1556 710 1700 748 mundo

301 762 424 801 fuisse
449 775 529 802 non
557 764 715 816 ambigo
731 795 742 814 ‚
770 764 1038 816 produxisset:
1081 776 1171 803 nam
1199 764 1286 803 sola
1313 763 1398 802 eius
1422 763 1530 803 urbis
1557 763 1702 802 mentio

300 827 385 855 rem
413 829 492 856 non
518 817 729 857 constituit.
786 823 970 869 quantum
997 817 1224 857 coniectura
1251 816 1406 870 assequi
1434 829 1604 868 possum,
1629 817 1701 856 im-

301 871 436 921 pulsus
466 871 507 910 in
536 883 622 910 eain
666 876 727 910 est
768 872 1002 911 sententiam
1030 871 1118 922 ipsa
1149 871 1380 920 Synecdemi
1419 870 1702 923 dispositione:

302 924 529 974 provinciae
559 924 731 965 Orientis
760 925 896 966 eodem
930 925 994 966 hic
1021 925 1200 977 digestae
1227 925 1341 965 modo
1371 929 1413 964 ut
1437 924 1479 963 in
1505 923 1702 976 Ephesiuo

303 982 343 1016 et
375 978 686 1019 Chalcedonensi
714 979 902 1029 conciliis,
932 979 1065 1019 codice
1091 978 1366 1018 Theodosiano
1394 982 1433 1016 et
1457 978 1606 1017 Notitia
1630 978 1704 1017 im-

303 1033 403 1083 perii
434 1033 604 1072 Orientis
644 1034 955 1085 conspiciuntur,
982 1045 1054 1072 nec
1083 1032 1173 1071 aliis
1212 1031 1507 1084 magistratibus
1536 1036 1703 1083 parent;

303 1087 478 1139 vestigia
505 1087 821 1136 innovationum,
852 1100 949 1140 quas
974 1087 1156 1137 deinceps
1181 1086 1417 1126 Iustinianus
1446 1089 1507 1123 est
1535 1084 1704 1133 molitus,

303 1140 374 1180 vix
402 1142 488 1181 ulla
515 1146 733 1193 apparent;
772 1142 976 1194 omniaque
1006 1140 1220 1180 Theodosii
1259 1139 1418 1179 secundi
1444 1143 1484 1177 et
1509 1138 1704 1178 Marciani

300 1195 542 1247 temporibus
556 1196 683 1247 prima
698 1197 829 1235 fronte
851 1196 955 1242 haud
984 1195 1086 1234 male
1112 1194 1351 1246 respondere
1365 1192 1558 1232 videntur.
1589 1197 1706 1245 atque

302 1249 401 1288 haec
431 1250 466 1289 si
492 1249 592 1289 citra
620 1250 777 1290 dubium
802 1251 953 1298 forent,
983 1261 1110 1302 prona
1133 1248 1183 1287 ad
1217 1247 1491 1299 suspicandum
1516 1245 1583 1286 via
1611 1258 1705 1298 ape-

302 1302 450 1342 riretur
473 1303 692 1343 Hieroclem
727 1316 807 1343 non
837 1304 956 1344 alium
996 1307 1114 1354 atque
1143 1314 1230 1341 eum
1267 1313 1352 1340 esse
1379 1312 1492 1353 quem
1519 1298 1705 1351 φιλίστο-

303 1369 379 1407 ρας
406 1352 546 1452 ἷόγους
587 1358 797 1411 reliquisse
835 1359 890 1397 lo.
919 1359 1092 1398 Tzetzes
1129 1355 1298 1397 Chiliad.
1328 1358 1355 1395 7
1385 1356 1468 1395 144
1503 1353 1616 1394 testis
1642 1353 1705 1409 his

301 1411 407 1455 versi
435 1424 480 1451 us
508 1416 588 1452 est:

402 1483 601 1537 Ἱεροκλῆς
629 1480 826 1529 ὦσαύτως
856 1484 1118 1536 Φιλίστορσιν
1142 1484 1185 1523 ἒν
1211 1482 1344 1535 λόγοις

404 1534 495 1591 ἑξῆς
522 1539 579 1590 δέ,
611 1540 749 1590 λέγων,
778 1536 939 1588 εἴδομεν
962 1535 1106 1590 χώραν
1133 1534 1452 1590 αὕχμηροτᾰτην

404 1591 505 1648 ἡλίῳ
536 1593 784 1645 φλεγομένην
813 1605 868 1642 τε,
898 1590 968 1631 καί
994 1592 1088 1645 περὶ
1114 1590 1264 1643 ταύτην
1286 1585 1442 1642 ἄνδρας

403 1646 584 1698 γυμνούς
609 1645 818 1692 α’νεστίους
843 1659 896 1694 τε,
923 1643 1028 1695 πρὸς
1054 1645 1213 1697 χώραις
1239 1645 1310 1696 τῆς
1338 1639 1507 1696 ἐρήμου.

407 1693 464 1740 ὧν
493 1697 530 1740 οἱ
556 1700 633 1749 μὲν
661 1694 908 1747 οἶπεσκιάζον
935 1696 980 1738 τὸ
1013 1697 1226 1750 πρόσωπον
1256 1696 1400 1748 ω’τιόις,

406 1753 503 1800 τούς
530 1750 657 1799 πόδας
684 1753 723 1791 δ’
749 1751 1025 1799 ἀνατείνοντες
1055 1750 1098 1793 τὸ
1129 1748 1297 1802 σύμπαν
1324 1748 1423 1790 ἄλλο
1450 1752 1593 1800 σῶμα,

406 1805 563 1847 τοιὶτων
595 1807 642 1847 δὲ
672 1802 866 1858 Στράβων
896 1805 1108 1859 μέμνηται,
1138 1803 1212 1844 καί
1235 1819 1277 1846 τε
1304 1805 1385 1844 τῶν
1413 1802 1630 1858 ἀκεφάλων

406 1859 478 1901 καί
502 1861 585 1900 τῶν
614 1858 904 1913 δεκακεφάλων
941 1874 984 1899 τε
1014 1861 1086 1899 καί
1109 1856 1499 1911 τετραχειροπόδων.

406 1911 558 1967 οὕσπερ
591 1914 670 1966 ἐγώ
698 1913 773 1953 οὐκ
800 1907 959 1966 ὄπωπα,
989 1913 1115 1967 φησίν
1143 1912 1162 1952 ὁ
1189 1909 1428 1966 Ἱεροκλέης·

406 1969 538 2010 ταῦτα
561 1967 780 2022 Ἱεροκλέης
801 1967 891 2017 μέν.

303 2048 428 2101 liquet
465 2047 583 2095 inde,
620 2046 724 2100 quod
755 2045 959 2085 verissnne
997 2046 1053 2085 lo.
1082 2044 1315 2084 Pearsonius
1343 2044 1502 2096 Proleg.
1530 2043 1571 2082 in
1597 2041 1714 2083 com-

304 2107 421 2143 ment.
465 2101 632 2142 alterius
668 2100 864 2141 Hieroclis
898 2101 950 2140 ad
991 2100 1125 2139 Aurea
1162 2099 1293 2139 Carm.
1322 2098 1573 2146 observavit,
1602 2098 1713 2136 illum

303 2157 369 2209 qui
399 2155 649 2205 Φιλίστορας
687 2154 847 2206 scripsit
875 2166 990 2207 quam
1019 2153 1208 2205 plurimas
1243 2152 1428 2205 regiones
1462 2162 1714 2204 peragrasse,

302 2223 444 2263 resque
473 2210 515 2250 in
541 2210 684 2250 itinere
704 2209 811 2249 visas
839 2214 910 2248 aut
928 2207 1085 2247 aliunde
1109 2205 1289 2259 cognitas
1313 2206 1459 2258 scripto
1489 2205 1714 2253 tradidisse,

304 2269 344 2304 et
369 2265 495 2304 libros
535 2264 675 2316 quibus
701 2263 800 2303 haec
834 2262 965 2302 omnia
992 2266 1079 2301 erat
1105 2261 1331 2312 complexus
1360 2259 1606 2308 Φιλίστορας
1642 2269 1713 2297 no-

303 2319 486 2359 minasse.
542 2319 620 2357 iam
646 2330 732 2356 cum
753 2317 952 2357 Strabone
983 2315 1193 2366 posterior,
1221 2320 1261 2354 et
1291 2313 1506 2366 Stephano,
1535 2313 1602 2366 qui
1628 2324 1715 2351 eum

303 2374 345 2415 in
372 2370 619 2421 Βραχμᾶνες
659 2375 699 2411 et
731 2369 943 2419 Ταρκυνία
967 2372 1107 2408 testem
1143 2367 1384 2419 appellavit,
1413 2371 1483 2405 aut
1509 2367 1620 2418 prior
1647 2369 1716 2404 aut

306 2426 483 2481 aequalis
509 2425 653 2475 fuerit,
680 2437 760 2464 non
800 2424 959 2476 utique,
983 2422 1020 2462 si
1054 2426 1189 2461 cetera
1214 2418 1337 2473 probe
1365 2419 1617 2472 quadrarent,
1645 2418 1715 2458 ab-

306 2482 467 2522 surdum
508 2481 614 2519 foret
642 2474 901 2528 Φιλιστόρων
940 2481 979 2516 et
1007 2471 1272 2524 Συνεκδήμου
1311 2474 1474 2513 eundem
1511 2476 1716 2525 parentem

304 2546 547 2588 agnoscere,
573 2533 808 2586 praesertim
839 2544 926 2571 cum
953 2530 1219 2580 Synecdemus
1261 2527 1400 2568 similis
1439 2527 1589 2578 ingenii
1617 2525 1716 2565 scri-

307 2597 460 2642 ptorem
486 2592 669 2628 ostentet.
725 2599 801 2639 quo
829 2587 957 2626 minus
984 2590 1115 2625 tamen
1142 2584 1183 2623 in
1212 2582 1274 2622 his
1302 2581 1559 2634 acquiescam,
1585 2592 1716 2632 pauca

304 2646 468 2695 faciunt,
495 2643 567 2683 sed
594 2641 694 2682 talia
728 2652 829 2693 quae
858 2638 1102 2683 validissime
1143 2641 1183 2677 et
1209 2636 1299 2677 huic
1325 2635 1576 2676 coniecturae
1608 2639 1648 2674 et
1669 2633 1714 2673 11.
