1780 3132
162 134 226 177 72
426 131 793 176 CONSTANTINI
825 132 1321 175 PORPHYROGENITI

164 244 307 295 ἀνῆκον
323 248 394 296 τῆς
411 244 587 291 δουλείας
605 244 669 283 καὶ
688 246 758 283 τοῦ
776 240 899 283 κόπου
921 243 1062 293 αὐτῶν,
1091 239 1173 283 οἷον
1190 244 1370 294 βλαττία,
1395 242 1580 296 πράνδια,

160 310 340 365 χαρὲρια,
369 308 552 362 σήμεντα,
577 309 725 363 πέπερι,
752 307 942 364 δερμάτια
963 310 1138 362 ἀληθινὰ
1155 307 1341 364 πάρόικα,
1375 311 1439 349 καὶ
1470 310 1582 365 ἕτερα

165 377 248 429 εἶ’ὁή
272 377 323 418 τὰ
342 373 414 416 ὑπ’
441 376 568 416 αὐτῶν
591 373 888 429 ἐπιζητούμενα,
920 377 1059 424 καθὼς
1083 375 1130 417 ἂν
1153 376 1314 424 ἕκαστος
1332 377 1584 430 Χερσωνίτης

166 444 327 484 ἕκαστον
349 443 637 494 Πατζινακίτην
657 443 770 498 πείσῃ
792 449 1015 498 συμφωνῶν
1033 442 1058 496 ἦ
1078 446 1245 497 πεισθῇ·
1281 439 1483 498 ἐλεύθεροι
1507 442 1583 498 γὰρ

164 508 271 557 ὄντες
289 510 354 549 καὶ
378 506 460 548 οἷον
483 506 694 561 αὐτόνομοι
716 510 752 550 οἳ
770 514 940 552 τοιοῦτοι
967 511 1250 561 Πατζινακῖται
1278 509 1463 562 οὐδεμίαν
1490 511 1616 552 ὅου-5

165 576 270 616 λείαν
293 574 384 616 ἄνευ
406 579 561 627 μισθοῦ
583 578 741 618 ποιοῦσί
758 593 864 618 ποτε.

635 695 1007 753 Κεφάλαιον
1074 696 1120 747 ζ’.

208 766 290 811 περὶ
312 767 388 801 τῶν
409 764 722 811 ἀποστελλομένων
744 767 936 814 βασιλικῶν
956 764 1029 801 ἀπὸ
1048 767 1236 811 Χερσῶνος
1252 764 1290 800 ἐν
1305 766 1541 812 Πατζινοικίᾳ.

290 839 378 882 (Ότι
395 838 509 894 ἡνίκα
527 838 678 895 περάσῃ
696 840 900 892 βασιλικὸς
915 842 968 888 εἷς
982 842 1179 895 Χερσῶνα
1196 840 1306 882 ἕνεκα
1322 843 1392 893 τῆς
1406 838 1589 893 τοιαύτης

166 909 387 957 ὸιακονιάς,
421 907 567 962 ὀφείλει
595 907 719 955 εὐθὺς
747 907 994 948 ἀποστέλλειν
1019 909 1071 956 εἷς
1087 908 1354 958 Πατζινακίαν
1373 908 1437 948 καὶ
1456 907 1588 959 ε’πιζη-
1603 918 1643 950 10

165 979 243 1014 τεῒν
274 973 422 1026 ὅψιὸας
455 973 552 1028 παρ’
586 973 716 1015 αὐτῶν
743 975 807 1014 καὶ
835 972 1078 1023 ὄιασώστας,
1121 976 1186 1015 καὶ
1216 974 1433 1029 ἐρχομένων
1461 973 1590 1014 αὐτῶν

165 1039 258 1088 τοὺς
276 1041 347 1093 μὲν
367 1039 516 1093 ὄψιὸας
536 1042 589 1089 εἷς
609 1041 652 1080 τὸ
674 1039 843 1095 κάστρον
862 1042 1076 1095 Χερσῶνος
1092 1041 1380 1094 κρατουμένους
1399 1043 1592 1092 καταλιμ-

166 1105 321 1156 πάνειν,
356 1106 475 1155 αὐτὸς
499 1107 542 1147 δὲ
562 1107 662 1159 μετὰ
681 1112 759 1149 τῶν
781 1109 1009 1149 διασωστῶν
1027 1107 1125 1162 πρὸς
1142 1107 1409 1157 Πατζινακίαν
1427 1106 1593 1162 ἀπέρχε-

167 1177 266 1213 σθαι
288 1175 354 1214 καὶ
373 1173 422 1214 τὰ
443 1174 696 1227 ἐντεταλμένα
716 1176 911 1215 ἐπιτελεῖν.
978 1174 1015 1214 οἳ
1044 1175 1087 1215 δὲ
1115 1178 1285 1216 τοιοῦτοι
1310 1173 1594 1223 Πατζινακῖται

166 1238 361 1292 ἄπληστοι
392 1238 499 1288 ὄντες
531 1241 595 1280 καὶ
629 1244 707 1282 τῶν
735 1241 831 1295 παρ’
862 1241 995 1289 αὐτοῖς
1023 1242 1196 1282 σπανίων
1225 1240 1323 1289 ὀξεῖς
1352 1240 1593 1292 ἐπιθυμηταὶ
1606 1246 1646 1281 15

54 1312 83 1343 Ρ
106 1312 150 1346 58
173 1305 336 1359 ἀναίδην
367 1307 587 1358 ἐπιζητοῦσι
615 1304 771 1356 ξενάλια
797 1305 911 1348 ἱκανά
923 1339 935 1357 ,
970 1306 1007 1346 οἳ
1034 1307 1105 1360 μέν
1132 1306 1270 1359 ὅψιδες
1285 1305 1387 1346 ἄλλα
1403 1307 1474 1358 μὲν
1492 1304 1595 1362 λόγῳ

169 1372 299 1414 αὐτῶν
325 1374 389 1413 καὶ
416 1371 517 1412 ἄλλα
540 1371 643 1430 λόγῳ
665 1379 742 1415 τῶν
764 1374 892 1415 αὐτῶν
911 1378 1124 1427 γυναικῶν,
1166 1373 1202 1413 οἱ
1227 1373 1270 1414 δὲ
1294 1364 1521 1414 ἀποσῶσται
1546 1371 1597 1413 τὰ

168 1439 240 1491 μὲν
260 1438 358 1494 ὑπὲρ
380 1443 451 1480 τοῦ
471 1437 593 1480 κόπου
616 1440 744 1482 αὐτῶν
765 1441 815 1482 τὰ
840 1441 883 1481 δὲ
903 1438 999 1496 ὑπὲρ
1018 1445 1088 1482 τοῦ
1109 1438 1232 1481 κόπου
1254 1444 1333 1481 τῶν
1353 1436 1506 1493 ἀλόγων
1527 1441 1600 1480 αὖ-

169 1509 261 1547 τῶν.
329 1504 411 1547 εἶτα
439 1508 708 1562 εἷσερχομένου
735 1513 806 1549 τοῦ
832 1511 1040 1560 βασιλικοῦ
1067 1509 1119 1556 εἷς
1139 1506 1211 1559 τὴν
1226 1505 1361 1562 χώραν
1382 1505 1511 1548 αὐτῶν
1530 1507 1598 1559 ζη-

170 1577 283 1614 τοῦσι
305 1571 495 1628 πρότερον
514 1575 565 1615 τὰ
585 1578 657 1616 τοῦ
673 1575 866 1627 βασιλέως
886 1577 1015 1629 δῶρα·
1048 1576 1113 1615 καὶ
1137 1572 1255 1615 πάλιν
1281 1572 1344 1615 ὅτε
1366 1571 1651 1628 χωρήσουσιΞΟ

171 1639 264 1688 τοὺς
292 1638 531 1695 ἀνθρώπους
558 1642 688 1683 αὐτῶν
697 1673 709 1692 ,
739 1644 895 1695 ζητοῦσι
914 1641 962 1682 τὰ
980 1645 1058 1682 τῶν
1075 1644 1268 1695 γυναικῶν
1292 1640 1421 1681 αὐτῶν
1439 1641 1504 1680 καὶ
1522 1644 1599 1681 τῶν

173 1706 316 1759 γονέων
342 1708 484 1748 αὐτῶν.
553 1707 654 1749 ἀλλὰ
675 1713 741 1750 καὶ
764 1708 850 1750 ὅσοι
876 1710 916 1749 ἐν
940 1712 998 1765 τῷ
1024 1707 1237 1758 ἀποσώζειν
1265 1706 1384 1748 αὐτὸν
1408 1704 1600 1762 ὑποστρέ-

264 1843 287 1876 2
326 1842 475 1897 πέπεριν
511 1844 549 1876 M
728 1842 929 1886 Παρθικάὶ)
966 1845 1014 1879 cf.
1052 1844 1096 1878 ad
1134 1843 1437 1889 Coripp.1ustin.
1477 1843 1501 1877 2
1536 1845 1600 1878 106

264 1888 286 1920 3
310 1884 384 1921 οἷπὸ
409 1888 600 1931 Χερσωνος
622 1895 700 1932 post
721 1889 794 1922 τῶν
817 1888 845 1920 Β

177 2014 356 2052 susceptae
380 2020 504 2053 operae
527 2015 561 2042 et
583 2009 723 2043 laboris.
769 2009 935 2043 eiusmodi
958 2021 1059 2054 porro
1082 2019 1211 2042 merces
1235 2013 1432 2052 exportant,
1465 2008 1601 2053 blattas,

179 2054 347 2096 prandea,
370 2065 500 2098 pannos
523 2054 687 2097 rariores,
710 2061 902 2098 segmenta,
928 2055 1044 2098 piper,
1069 2054 1175 2097 peiles
1203 2053 1379 2096 pardorum
1403 2063 1602 2098 purpureas,

178 2103 379 2140 ceterasque
410 2110 517 2131 rerum
549 2100 681 2142 species
705 2111 790 2143 quas
813 2100 1014 2143 exquirunt,
1049 2105 1148 2143 prout
1177 2098 1266 2131 inter
1288 2098 1508 2131 Cher-sonitus
1530 2099 1603 2132 sin-

180 2142 276 2184 gulos
311 2148 344 2175 et
375 2143 602 2176 Patzinacitas
634 2151 766 2188 pactum
799 2145 876 2180 fuit.
920 2144 1021 2177 liberi
1048 2144 1134 2176 enim
1162 2148 1196 2175 et
1221 2142 1319 2186 quasi
1341 2143 1393 2175 sui
1417 2143 1502 2176 iuris
1529 2154 1602 2178 cum

181 2186 249 2220 siut
274 2187 523 2231 Patzinacitae,
550 2200 686 2232 operam
709 2190 784 2223 sine
807 2190 961 2223 mercede
983 2188 1103 2221 nullam
1126 2188 1304 2232 praebent.

357 2266 390 2299 7.
440 2266 481 2298 de
507 2267 725 2299 Caesarianis
746 2267 855 2300 missis
879 2278 902 2300 α
927 2267 1096 2298 Chersone
1116 2265 1153 2298 in
1178 2264 1428 2300 Patzinaciam.

271 2319 355 2352 Cum
386 2320 502 2363 itaque
531 2321 605 2354 talis
630 2322 810 2355 ministerii
833 2333 935 2357 causa
959 2320 1184 2354 Caesarianus
1208 2319 1374 2372 quispiam
1398 2319 1434 2352 in
1455 2319 1605 2354 Cherso-

182 2375 255 2396 nem
286 2365 439 2406 venerit,
475 2366 588 2398 statim
611 2366 647 2399 iu
670 2367 898 2400 Patzinaciam
921 2366 1033 2399 mittat
1053 2377 1093 2398 ac
1117 2365 1254 2398 obsides
1275 2364 1479 2408 itinerisque
1501 2364 1606 2398 duces

184 2414 278 2452 petat
309 2389 462 2452 oportet,
497 2410 554 2454 qui
587 2422 660 2443 cum
691 2413 866 2454 venerint,
898 2410 1066 2444 obsides
1055 2422 1090 2442 m
1114 2416 1224 2443 castro
1249 2410 1434 2442 Cher-sonis
1458 2409 1520 2442 sub
1543 2421 1604 2442 cu-

182 2453 295 2487 stodia
315 2454 519 2498 relinquere,
542 2455 618 2498 ipse
640 2467 720 2488 vero
745 2467 817 2489 cum
840 2456 973 2491 itineris
997 2454 1171 2488 ducibus
1165 2466 1197 2486 ιι
1219 2454 1449 2488 Patzinaoiam
1467 2465 1505 2486 se
1524 2465 1606 2487 con-

183 2498 274 2530 ferre
303 2499 423 2540 debet,
456 2504 494 2532 ut
521 2500 614 2532 iussa
642 2506 860 2543 exsequatur.
906 2499 1136 2534 Patzinacitae
1158 2507 1287 2542 autem,
1325 2504 1442 2543 utpote
1465 2498 1606 2532 insatia-

183 2542 269 2575 biles
302 2554 483 2586 eorumque
517 2555 605 2587 quae
636 2556 714 2577 rara
745 2547 833 2589 apud
856 2546 950 2590 ipsos
973 2544 1168 2596 percupidi,
1208 2555 1346 2577 munera
1367 2544 1409 2576 ab
1430 2542 1495 2575 illis
1520 2543 1608 2576 bene

183 2587 284 2620 multa
314 2599 500 2631 exposcere
523 2600 588 2621 non
613 2591 833 2632 erubescunt,
873 2590 1006 2623 obsides
1040 2589 1175 2631 quidem
1198 2595 1267 2622 tum
1290 2599 1352 2622 suo
1374 2593 1444 2621 tum
1468 2598 1606 2620 uxorum

183 2633 329 2675 nomine,
352 2632 486 2666 itineris
510 2644 592 2666 vero
615 2634 720 2667 duces
743 2646 804 2678 pro
829 2640 986 2678 suscepto
1009 2634 1063 2667 sui
1085 2645 1314 2677 equorumque
1333 2633 1462 2666 labore.
1490 2638 1610 2675 posteo.

183 2688 256 2710 cum
280 2678 507 2711 Caesarianus
529 2678 565 2711 in
587 2678 737 2722 ipsorum
759 2679 933 2723 regionem
957 2679 1129 2732 ingressus
1154 2683 1215 2720 est,
1241 2676 1454 2728 imperatoris
1472 2687 1611 2709 munera

184 2727 361 2766 expetunt.
409 2723 532 2757 deinde
555 2734 629 2756 cum
653 2723 804 2758 homines
827 2724 977 2768 ipsorum
1000 2723 1188 2767 accipiunt,
1219 2734 1280 2767 pro
1306 2721 1468 2755 uxoribus
1491 2727 1525 2755 et
1547 2732 1610 2765 pa-
