1780 3132
355 128 410 166 lN
448 126 813 167 SYNECDEMUM
852 123 1294 166 commm'rAfflUS.
1450 114 1542 163 471

101 241 280 287 fuerunt,
313 238 487 288 singulis
513 238 724 292 episcopis,
755 242 800 280 ut
835 250 892 280 ex
921 237 1242 279 chalcedonensi
1277 235 1446 277 concilio
1475 248 1548 275 no-

105 295 254 343 vimus,
278 272 475 335 subditae.
532 295 687 335 seriore
714 294 874 347 quidem
897 305 1000 334 aevo
1028 293 1208 346 dignitas
1235 291 1552 355 metropolitana

105 350 300 399 Sylaeum
318 349 529 410 ornavit,
570 361 696 402 eaque
734 362 879 389 caussa
907 353 992 400 est,
1032 361 1105 389 cur
1142 349 1185 388 in
1213 347 1306 389 aliis
1335 347 1498 388 Notitiis
1530 341 1552 382 ὃ

110 403 282 455 Πέογης
310 395 404 455 ἦτοι
418 381 601 443 Συλαιόυ
633 404 842 456 episcopus
869 409 1123 444 memoretur.
1182 407 1226 443 at
1253 403 1438 452 nondum,
1464 413 1555 440 cum

111 459 320 499 Hierocles
349 472 461 499 suam
485 460 706 512 digereret,
740 471 786 498 eo
807 471 872 498 res
890 460 1090 500 redierat:
1123 458 1424 511 distinguuntur
1451 457 1555 496 enim

105 514 313 568 utriusque
343 515 519 567 episcopi
547 515 589 555 in
619 514 924 567 constantinop.
955 514 1088 554 tertio.
1117 518 1208 554 erat
1229 514 1361 565 Perge
1387 512 1553 565 provin-

106 569 195 610 ciae
221 570 469 623 metropolis,
497 569 614 610 sicuti
634 575 798 622 praeter
821 569 1150 610 Chalcedonense
1175 569 1386 609 concilium
1414 581 1452 620 p.
1470 570 1555 607 656

107 624 349 665 scholiastes
380 624 595 666 Callimahi
626 626 759 675 hymn.
789 626 831 665 in
860 625 976 665 Dian.
1016 637 1053 665 v.
1073 628 1153 665 187
1183 629 1223 664 et
1248 625 1440 677 egregius
1474 636 1553 662 nu-

109 692 197 720 mus
224 680 277 721 ab
289 680 441 720 Ezech.
457 680 704 731 Spauhemio
727 681 909 732 (dissert.
928 684 956 720 9
977 681 1027 720 ι15
1043 681 1090 721 V.
1123 684 1164 719 et
1179 680 1221 721 P.
1248 681 1362 719 Num.
1393 693 1432 731 p.
1451 679 1554 729 591)

109 735 328 788 productus
363 735 589 776 ostendunt.
662 741 775 776 secta
816 736 908 775 dein
951 736 992 776 in
1037 735 1139 775 duas
1170 734 1420 787 Pamphylia,
1452 745 1558 787 quae

107 795 245 831 tanen
270 789 415 830 divisio
443 789 641 840 Hierocle,
669 791 775 844 quod
796 803 921 843 supra
949 791 1226 843 patefecimus,
1255 789 1457 843 posterior
1483 793 1557 838 est,

108 845 240 898 Perge
266 845 529 898 Pamphyliae
557 846 768 898 secundae,
792 847 946 899 primae
966 857 1063 887 vero
1081 845 1180 886 Side
1203 845 1439 898 metropolis
1470 857 1558 885 esse

109 912 182 941 coe
211 899 254 940 it

184 914 312 1006 11395'
333 958 400 996 10.
434 949 660 1004 Σύλλαιον]
691 953 872 994 Σύλαιον
898 955 1167 997 Constantino
1195 956 1420 996 l.1Them.
1438 956 1490 996 14
1519 959 1558 995 et

109 986 419 1076 Constantinop.
451 1011 574 1050 tertio
604 1025 642 1064 p.
663 1016 758 1062 677,
786 1012 854 1052 ubi
887 1013 1052 1052 Paullus
1091 1007 1250 1057 πόλεως
1277 1007 1462 1050 ..υλαιίιυ
1487 1010 1559 1061 τῆς

111 1062 389 1118 Παμφυλίων
419 1064 637 1115 ἐπαρχίας,
667 1079 742 1106 nec
772 1067 893 1107 aliter
922 1066 1036 1107 Actis
1063 1066 1110 1107 S·
1146 1066 1344 1119 Stephani
1372 1066 1558 1116 Iunioris,

108 1133 136 1162 a
166 1120 441 1161 Benedictinis
469 1121 663 1172 vulgatis
692 1135 729 1174 p.
753 1124 846 1172 452,
876 1134 981 1186 quae
1011 1122 1178 1172 Lyciam
1211 1122 1303 1162 hino
1332 1122 1558 1172 oidiuntur,

109 1175 186 1216 etsi
213 1175 290 1229 ipsi
312 1172 467 1215 Σύλεον
490 1177 716 1217 maluerint.
778 1182 941 1229 putares
962 1177 1098 1230 itaque
1124 1181 1275 1217 rectum
1304 1177 1346 1218 id
1374 1189 1484 1217 5555·
1514 1182 1558 1217 at

106 1231 244 1272 obstat
273 1225 446 1269 Σύλειον
471 1231 668 1295 Stephani
698 1236 738 1272 et
756 1232 923 1282 Syleum
950 1232 1070 1272 Livii.
1104 1232 1330 1273 Salmasius
1357 1232 1399 1272 in
1426 1231 1556 1274 Solin.

105 1299 145 1340 Ρ.
167 1288 251 1328 549
279 1284 457 1337 Σίλλων,
489 1287 566 1327 nisi
594 1299 712 1327 error
737 1287 793 1328 ibi
823 1288 877 1327 sit
903 1288 954 1328 ab
984 1287 1118 1340 operis
1145 1288 1390 1338 commissus,
1420 1299 1559 1327 verum

98 1335 198 1382 ‘esse
225 1341 440 1395 pertendit.
507 1341 755 1383 Holsteinius
786 1337 968 1381 Σύλαιον
993 1344 1176 1405 praefert
1203 1343 1257 1383 ad
1285 1343 1559 1408 Stephanum

106 1401 228 1460 atque
254 1396 421 1437 Arriani
451 1396 612 1450 Exped.
641 1398 844 1439 Alexand.
876 1402 899 1438 1
930 1401 984 1437 27
1029 1393 1229 1447 Σύλλιον,
1266 1399 1424 1447 χωρίον
1454 1393 1557 1447 ὄχυ

105 1448 183 1501 ρὸν
211 1452 264 1493 ad
295 1450 400 1492 hanc
427 1465 610 1494 normam
649 1453 832 1506 corrigit.
902 1465 980 1506 ego
1009 1452 1051 1493 in
1086 1452 1265 1493 Arriano
1307 1453 1407 1492 nihil
1435 1456 1557 1499 muto,

105 1502 283 1546 Σύλλιον
313 1511 354 1546 et
386 1505 583 1546 Σύλλειον
623 1509 770 1549 ceteris
810 1513 1020 1560 praestare
1056 1503 1291 1548 arbitratus.
1363 1507 1487 1548 habet
1515 1507 1556 1548 id

106 1561 301 1612 Polybius
329 1562 428 1615 Leg.
447 1566 523 1615 30,
555 1567 615 1614 et,
644 1576 762 1618 quam
793 1563 1112 1604 conformatione
1141 1563 1350 1603 literarum
1370 1564 1419 1601 A
1443 1567 1484 1602 et
1509 1563 1556 1601 A

108 1617 320 1670 deceptam
347 1629 463 1658 nemo
491 1595 653 1670 dixerit,
685 1619 845 1659 Tabula
862 1619 1173 1672 Peutingerana.
1205 1631 1419 1670 perperam
1455 1630 1556 1671 ergo

107 1673 364 1713 Ptolemaeus
394 1671 588 1723 Σὺλουον,
620 1651 660 1714 e’t
686 1674 1016 1714 Chalcedonense
1047 1687 1086 1726 p.
1105 1676 1187 1714 402
1215 1672 1380 1713 savar.
1437 1673 1555 1726 oppi-

107 1728 200 1768 dum
230 1727 340 1768 haud
367 1729 533 1768 multum
558 1730 692 1782 Perga
721 1729 916 1769 distabat

216 1780 326 1825 lbid.
397 1781 620 1831 Mdyvdog]
651 1785 710 1825 sic
739 1788 778 1823 et
799 1784 929 1824 Palat.
959 1787 999 1823 et
1027 1783 1194 1824 Coislin.
1225 1795 1308 1827 mss
1334 1782 1553 1823 Ptolemaei

110 1850 186 1891 pro
217 1838 388 1890 vulgato
414 1834 634 1885 ΙΙΙάτυλος.
706 1839 814 1879 numi
843 1838 1086 1889 Μαγυδὲων
1114 1839 1235 1878 Thes.
1268 1838 1424 1879 Britan.
1456 1844 1552 1879 tom.

108 1898 137 1934 2
165 1907 203 1958 Ρ.
234 1896 316 1934 189
355 1893 397 1933 id
429 1893 620 1946 probant.
660 1905 789 1947 quare
831 1907 912 1934 ιιοιι
942 1899 1052 1933 recte
1092 1894 1192 1934 satis
1220 1893 1554 1946 Magaedcnsium

108 1949 254 1990 civitas
284 1948 547 2001 Pamphyliae
575 1948 882 2002 constantinop.
914 1949 1089 1989 secundo
1118 1963 1156 2001 p.
1181 1952 1274 1997 241,
1304 1961 1379 1988 nec
1410 1946 1552 1997 Mayl-
1621 1989 1625 1992 ,

108 2002 194 2042 δων
219 2002 339 2048 πόλις
365 2003 673 2068 Constantinop.
706 2005 825 2044 tertio
855 2019 896 2057 Ρ.
913 2007 1019 2053 502,
1049 2004 1192 2044 nedum
1221 2001 1340 2049 πόλις
1369 2002 1552 2048 Macota

105 2058 351 2100 Chalcedon.
379 2073 418 2113 p.
433 2063 528 2101 672.
587 2060 722 2101 verius
740 2060 868 2113 Magy
872 2060 1051 2100 densium
1079 2059 1224 2100 civitas
1254 2073 1291 2112 p.
1309 2063 1393 2100 646
1422 2058 1551 2100 veteri

101 2114 185 2155 inte
237 2114 326 2154 reti.

187 2126 322 2211 ηὶῠὶιί.
376 2167 606 2224 Ἀτταλιά]
646 2174 745 2211 nota
774 2170 871 2210 urbs
911 2183 933 2209 e
965 2170 1169 2210 Strabone
1199 2174 1260 2210 est
1289 2170 1398 2210 circa
1422 2168 1550 2219 Cory-

103 2236 191 2265 cum
219 2225 366 2277 posita.
432 2225 583 2265 Suidas
622 2226 665 2266 in
708 2225 960 2275 Κωμυκαΐος
998 2225 1116 2265 sitam
1160 2225 1218 2266 ait
1259 2226 1311 2266 ad
1352 2225 1551 2275 Corycum

103 2281 436 2331 promontorium,
466 2281 573 2320 haud
600 2282 769 2321 obscure
784 2280 983 2330 Corycum
1004 2281 1174 2321 Ciliciae
1203 2294 1290 2321 cum
1308 2281 1548 2334 cognomine

102 2334 365 2399 Pamphyliae
405 2335 553 2388 oppido
583 2336 857 2386 confundens3
902 2348 1016 2388 quem
1049 2337 1216 2376 eundem
1245 2349 1427 2376 errorem
1455 2335 1551 2377 Sal-

103 2390 254 2430 masius
284 2390 326 2430 in
347 2389 478 2431 Solin.
507 2403 545 2442 p.
566 2394 650 2431 545
681 2367 942 2455 reprehendit
970 2391 1011 2431 in
1025 2392 1241 2442 Demetrio,
1270 2404 1347 2445 quo
1375 2392 1550 2444 Stepha-

110 2456 188 2484 nus
218 2449 323 2485 teste
351 2458 446 2486 usus
474 2446 565 2486 fuit.
622 2443 816 2485 Ἀτάλων
845 2446 1068 2499 5Ρί55οΡιι5,
1094 2447 1162 2514 qui
1190 2447 1396 2500 Ephesino
1427 2447 1551 2486 inter-

102 2499 179 2539 fuit
208 2499 381 2540 concilio
408 2514 447 2554 p.
464 2502 559 2550 535,
590 2501 681 2542 hinc
709 2502 797 2553 fuit,
825 2502 1104 2555 appellarique
1130 2500 1371 2542 Ἀτταλὲων
1401 2502 1550 2542 debue-

102 2557 181 2595 rat.
239 2560 414 2596 ceterum
442 2556 597 2596 seriore
624 2561 759 2597 aetate
795 2558 892 2598 urbs
924 2558 975 2598 ab
1005 2558 1151 2599 Alexio
1192 2559 1439 2610 imperatore
1468 2571 1549 2597 me-

101 2610 352 2662 tropolitana
391 2610 504 2663 iura,
533 2613 863 2666 quemadmodum
889 2612 1044 2654 Notitia
1080 2614 1159 2654 lac.
1191 2613 1321 2654 Goari
1349 2613 1552 2661 docemur,

101 2663 344 2718 impetravit.
413 2666 508 2708 hinc
547 2667 734 2720 explica,
768 2668 874 2720 quod
913 2669 1118 2722 ceteroqui
1157 2669 1376 2710 absurdum
1420 2645 1552 2709 videri
