1780 3132
181 166 252 207 DE
292 160 737 206 ADMlNISTRANDO
779 159 1002 202 IMPERIO
1041 160 1159 202 CAP.
1211 161 1276 205 24.
1308 165 1374 205 25.
1479 157 1567 198 111

122 265 276 308 Ἀέτιον
305 263 567 312 ἀπεδέξαντο.
630 254 738 315 ἦσαν
766 261 812 300 δὲ
835 262 892 316 τῷ
919 259 1009 302 τότε
1038 263 1078 302 Γ
1077 257 1196 302 ότθοι
1216 259 1288 301 καί
1309 257 1410 313 ἔθνη
1440 254 1572 299 πολλά

125 345 170 372 τε
195 331 268 372 καί
293 330 467 382 μέγιστα
498 327 627 380 μέχρι
649 328 725 367 τοῦ
740 327 978 378 Λανουβίου
1009 327 1053 368 ἐν
1071 330 1156 374 τοῖς
1185 324 1476 379 ὖπερβορείοις
1497 319 1571 364 τό-

124 410 218 443 ποις
245 394 544 451 κατῳκισμένα.
598 388 754 433 τούτων
781 392 828 432 δὲ
857 388 1160 445 α’ξιολογώτερά
1191 393 1272 433 εἶσι
1299 392 1339 432 Γ
1338 390 1457 432 «iram
1485 391 1526 431 Γ
1525 388 1573 445 ἠ-

124 463 246 509 πεδες
281 462 352 501 καί
396 455 651 512 Οὖανδῆλοι,
692 458 735 498 ἐν
786 455 963 509 ὀνόμασι
1007 457 1134 509 μόνον
1170 455 1243 498 καί
1281 456 1419 498 οὐδενὶ
1447 453 1573 512 ἑτέρῳ

91 524 460 579 ῦδιαλλοίττοντες,
497 525 576 580 μιᾷ
619 524 816 580 διαλέκτῳ
871 525 1142 577 κεχρημένοι·
1223 523 1376 572 πάντες
1418 523 1465 563 δὲ
1499 524 1574 575 τῆς

120 592 288 646 Ἀρείου
333 587 572 643 ὑπάρχουσι
616 589 894 637 κακοπιστιάς.
962 583 1079 630 οὗτοι
1124 590 1186 630 ἐπ’
1234 589 1458 642 Ἀρκαδίου
1499 586 1574 629 καὶ

117 657 317 712 Ὀνωρίου
364 653 438 697 τὸν
480 652 713 706 Λανούβιον
758 651 975 706 διαβάντες
1012 655 1056 695 ἐν
1085 655 1139 711 τῇ
1164 657 1246 696 τῶν
1271 653 1491 706 Ῥωμαίων
1517 659 1572 710 γῇ

121 723 448 781 κατῳκίσθησαν.
505 719 576 761 καί
602 717 734 772 οἱμὲν
753 721 794 761 Γ
793 717 964 774 η’πεδες,
994 719 1036 770 ἐξ
1068 714 1127 761 ὧν
1161 715 1337 772 ὕστερον
1366 721 1570 775 διῃρέθη-

121 804 199 831 σαν
229 788 514 841 Λογγίβαρδοι
544 787 616 827 καί
643 784 850 839 Ἀβάρεις,
882 785 934 826 τά
976 787 1074 839 περί
1102 787 1334 839 Σιγγιὸὦνα
1362 787 1435 827 καί
1463 787 1569 839 Σερ-

67 859 240 908 mustene
276 852 416 907 χωρία
444 847 633 907 ᾤκησαν,
675 849 714 892 οἱ
759 852 806 892 δὲ
835 851 1051 904 Ἰσίγοτθοι
1086 849 1190 903 μετά
1230 853 1455 906 Ἁλαρίχου
1494 849 1603 906 τῆνΡ
1627 855 1674 890 79

114 918 279 973 Ῥώμην
327 918 610 973 πορθήσαντες
649 919 708 965 εἰς
749 918 931 966 Γαλλίας
975 916 1197 972 ἐχώρησαν
1245 920 1318 958 καί
1355 919 1436 959 τῶν
1482 918 1575 960 ἐκεῖ

120 985 362 1041 ἐκράτησαν.
419 986 459 1025 Γ
458 982 575 1024 ότθοι
602 983 648 1023 δὲ
671 985 900 1024 Πανωνιάν
931 981 1096 1036 ἔχοντες
1128 985 1303 1038 πρῶτον,
1338 981 1483 1025 ἔπειτα
1513 982 1569 1025 ιθ’

119 1049 200 1102 ἔτει
228 1052 303 1108 τῆς
336 1049 555 1102 βασιλείας
584 1049 812 1091 Θεοδοσίου
844 1051 917 1089 τοῦ
945 1052 1039 1090 νέου
1082 1050 1379 1103 ἐπιτρέψαντος
1417 1048 1470 1090 τὰ
1498 1051 1572 1104 τῆς

100 1114 285 1172 ,Θρᾴκης
314 1114 452 1169 χωρία
482 1110 658 1171 ᾤκησαν.
725 1115 798 1154 καί
836 1116 907 1156 ἐπί
947 1114 1004 1169 νη’
1044 1113 1224 1169 χρόνους
1261 1116 1306 1156 έν
1343 1117 1392 1170 τῇ
1425 1117 1570 1172 Θρᾴκῃ

65 1190 106 1223 15
121 1182 429 1236 διατρίψαντες,
454 1182 715 1233 Θευδερίχου
745 1177 1066 1234 ἡγεμονεύοντος
1084 1181 1224 1222 αὐτῶν
1251 1181 1470 1235 πατρικίου
1498 1180 1571 1222 κατ’

117 1246 309 1302 ὑπάτου,
339 1246 531 1302 Ζήνωνος
562 1246 703 1294 αὐτοῖς
729 1246 1042 1298 ἐπιτρέψαντος,
1072 1248 1146 1300 τῆς
1173 1243 1367 1299 ἑσπερίου
1400 1245 1569 1301 Λιβύης

118 1313 335 1366 βασιλείας
364 1312 615 1366 ἐκράτησαν.
690 1310 729 1352 οἱ
768 1313 813 1352 δὲ
846 1312 1082 1366 Ουάνδῆλοι
1114 1311 1317 1360 Ἀλανοὺς
1347 1310 1569 1367 ἑταιρισά-

115 1392 237 1431 μενοι
263 1379 334 1419 καί
360 1375 607 1430 Γερμανούς
645 1375 744 1426 τούς
770 1378 845 1418 νῦν
873 1379 1156 1429 καλουμένους
1186 1376 1405 1431 Φράγγους
1424 1410 1437 1432 ,
1469 1380 1569 1419 δια-

115 1443 262 1497 βάντες
302 1441 374 1486 τόν
397 1443 540 1496 Ῥῆνον
575 1442 765 1495 ποταμόν
806 1440 1035 1496 ἡγούμενον
1076 1443 1238 1496 ἔχοντες
1279 1444 1320 1484 Γ
1318 1445 1564 1499 ογίδισκλον,

58 1519 104 1553 20
116 1507 357 1568 κατῴκησαν
382 1510 427 1551 ἐν
449 1506 636 1566 Ἱσπανίᾳ
677 1505 818 1565 πρώτῃ
857 1503 959 1564 οὔσῃ
998 1507 1118 1565 χώρᾳ
1147 1511 1219 1563 τῆς
1245 1510 1453 1566 Εόρώπης
1476 1511 1559 1552 α’πο

207 1634 231 1668 2
256 1631 380 1680 μέχρι]
415 1634 536 1678 πέραν
565 1632 804 1678 Theophanes
925 1633 947 1665 3
986 1634 1058 1667 εἰσι
1082 1636 1255 1681 τέσσαρα,
1280 1633 1424 1676 Γότθοι,
1448 1633 1562 1670 ‘Yad-

205 1684 338 1727 γοτθοι
361 1681 431 1726 (vel
456 1680 691 1725 Ἰσίγοτθοι),
729 1679 886 1722 Γὴπεὸες
919 1680 1157 1724 Theophanes
1295 1682 1338 1714 10
1366 1680 1562 1728 Ἀλάριχον

205 1728 245 1761 Μ
279 1739 356 1760 cum
384 1726 627 1771 Theophane:
664 1738 740 1759 corr
778 1727 965 1759 Meni-sius.
1022 1728 1170 1767 frustra,
1209 1728 1236 1760 si
1262 1728 1424 1762 conferas
1457 1741 1485 1761 c.
1513 1729 1559 1763 29

204 1770 298 1821 μετὰ
316 1770 383 1811 τὰς
403 1775 584 1820 φαμιλίας
684 1773 726 1806 19
758 1772 887 1815 Ῥῆνον
907 1773 1169 1818 Theophanes:
1197 1774 1280 1807 libri
1294 1781 1402 1811 νῐνον
1451 1777 1559 1822 ἔχον-

204 1832 264 1860 τες
285 1820 356 1854 add
379 1819 632 1865 Theophanes,
658 1821 720 1866 qui
744 1820 1000 1866 Μοδίγισκλον

112 1935 213 1974 bens,
238 1934 368 1967 accitus
394 1944 467 1966 non
493 1933 602 1966 venit.
653 1938 727 1966 tum
755 1944 836 1966 vero
874 1944 936 1966 ceu
965 1933 1072 1965 fidum
1102 1938 1138 1966 et
1163 1933 1374 1966 benevolum
1401 1934 1555 1980 impera-

113 1988 207 2015 tores
232 1980 436 2014 habuerunt
462 1980 613 2012 Aetium.
665 1980 790 2012 eodem
812 1985 928 2012 autem
949 1986 1108 2024 tempore
1131 1980 1258 2014 Gotthi
1287 1987 1324 2014 et
1347 1981 1438 2014 aliae
1460 1983 1556 2015 mul-

112 2035 171 2062 tae
196 2039 236 2061 ac
260 2027 425 2072 copiosae
452 2033 573 2070 gentes
609 2027 646 2059 in
670 2026 910 2072 Hyperboreis
947 2028 1032 2059 locis
1056 2038 1167 2072 usqne
1194 2027 1238 2059 ad
1263 2028 1467 2061 Danubium
1491 2028 1557 2061 ha·

110 2074 296 2116 bitabant3
321 2085 468 2119 quarum
488 2074 702 2118 praecipuae
730 2079 831 2106 erant
856 2073 983 2107 Gotthi
1012 2073 1178 2119 Gepedes
1204 2080 1240 2107 et
1255 2075 1425 2116 Vandali,
1452 2077 1555 2109 nullo

111 2123 183 2155 alio
213 2131 318 2167 quam
350 2121 536 2153 nominum
566 2120 812 2165 appellatione
847 2131 867 2152 a
893 2131 932 2153 se
956 2121 1108 2153 invicem
1133 2120 1328 2162 discretae,
1357 2127 1394 2155 et
1418 2121 1555 2168 ubique

110 2180 182 2202 una
207 2168 384 2201 communi
418 2168 538 2210 lingua
575 2172 739 2200 utentes:
775 2178 895 2200 omnes
935 2167 1069 2212 alioqui
1106 2178 1230 2212 pravas
1265 2169 1337 2200 Arii
1374 2175 1556 2203 sectantur

110 2216 310 2261 opiniones,
357 2213 395 2246 hi
421 2214 484 2247 sub
512 2213 662 2247 Arcadio
690 2220 727 2247 et
749 2214 910 2247 Honorio
937 2214 1141 2247 transmisso
1169 2214 1336 2247 Danubio
1362 2216 1400 2248 in
1424 2218 1554 2249 Roma-

108 2274 234 2296 norum
259 2266 352 2295 terra
380 2261 481 2294 sedes
508 2267 714 2306 posuerunt.
764 2266 801 2294 et
821 2260 986 2306 Gepedes
1010 2261 1170 2305 quidem,
1199 2272 1242 2294 ex
1272 2262 1402 2307 quibus
1428 2269 1554 2307 postea

109 2307 338 2352 Longobardi
367 2314 403 2341 et
425 2309 553 2341 Avares
587 2308 758 2352 segregati
794 2313 901 2348 sunt,
939 2308 1119 2351 regionem
1145 2309 1332 2353 Singidoni
1360 2315 1396 2343 et
1419 2310 1551 2344 Sirmio

108 2357 304 2403 proximam
339 2355 538 2388 coluerunt.
585 2353 794 2398 Wisigotthi
823 2360 942 2387 autem
970 2366 1048 2387 cum
1073 2355 1238 2398 Alaricho
1263 2361 1453 2402 postquam
1481 2359 1552 2390 Ro-

108 2415 200 2436 mam
232 2402 484 2442 devastarunt,
514 2402 551 2434 in
590 2401 725 2434 Gallias
755 2402 908 2446 profecti
942 2412 1001 2434 eas
1037 2402 1104 2434 sibi
1140 2402 1368 2447 subegerunt.
1422 2403 1550 2438 Gotthi

107 2462 204 2491 vero,
230 2449 292 2494 qui
319 2448 432 2493 primo
458 2449 495 2481 in
521 2449 700 2481 Pannonia
724 2448 971 2488 consederant,
1001 2448 1130 2481 deinde
1153 2460 1247 2483 anno
1271 2450 1468 2484 Theodosii
1495 2453 1552 2484 iu·

107 2497 218 2530 nioris
236 2496 372 2528 decimo
390 2506 486 2527 nono
512 2494 683 2528 Thraciae
712 2506 812 2539 agros
836 2495 1030 2535 incoluere,
1055 2496 1182 2528 eodem
1207 2498 1367 2541 Augusto
1393 2498 1443 2531 ita
1467 2509 1551 2543 per-

107 2545 296 2583 mittente3
324 2542 434 2587 inque
451 2541 602 2574 Thracia
627 2543 886 2588 quinquaginta
911 2548 948 2575 et
963 2548 1043 2575 octo
1063 2544 1164 2575 annis
1181 2545 1400 2585 commorati,
1425 2545 1550 2578 Theu-

107 2589 252 2623 ‹lericho
277 2588 378 2629 duce,
409 2589 557 2633 patricio
585 2594 620 2622 et
646 2589 815 2630 consule,
843 2590 983 2621 Zenone
1010 2590 1097 2634 ipsis
1122 2591 1352 2634 permittente
1379 2592 1549 2625 occiden-

106 2638 189 2670 talis
213 2636 347 2678 Libyae
383 2646 529 2679 regnum
555 2641 784 2682 occuparunt.
834 2635 988 2669 Vandali
1023 2641 1139 2669 autem
1170 2636 1347 2671 adiunctis
1371 2638 1440 2671 sibi
1464 2639 1551 2671 Ala-

106 2685 162 2716 nis
188 2689 224 2717 et
249 2683 445 2721 Germanis,
471 2684 531 2726 qui
556 2694 651 2715 nunc
669 2683 793 2716 Franci
816 2683 1055 2727 appellantur,
1080 2684 1229 2716 traiecto
1248 2684 1368 2718 Rheno
1390 2685 1547 2727 flumine,

106 2730 196 2764 duce
224 2729 430 2774 Gogidisclo
455 2729 491 2762 in
517 2730 701 2776 Hispania,
729 2741 821 2775 quae
847 2730 891 2763 ab
918 2730 1061 2764 Oceano
1087 2730 1304 2765 occidentali
1333 2732 1446 2778 prima
1471 2734 1547 2767 Eu-
