1780 3132
240 183 332 224 210
516 182 864 223 CONSTANTINI
910 182 1378 224 PORPHYROGENITI

239 294 321 333 φου
352 278 499 320 αὕτῶν.
554 276 623 317 διὰ
667 276 712 318 τὸ
752 278 824 317 καί
861 275 932 318 τὸν
971 279 1130 330 πρῶτον
1161 274 1377 332 ἄνθρωπον
1405 282 1639 321 α’ποστεῖλαι

237 342 342 395 μετὰ
379 341 555 394 μεγάλου
597 341 802 380 κανισκίου
843 339 915 382 τὸν
943 344 1193 394 Κουρκένιον
1219 342 1324 397 πρὸς
1361 343 1428 386 τὸν
1456 348 1642 399 βασιλέα,

237 405 515 457 ἐξαιτούμενον
542 403 587 445 τὸ
617 404 954 456 κουροπαλατίκιν
983 403 1010 458 ἢ
1036 405 1081 445 τὸ
1110 406 1406 462 μαγιστράτον,
1440 409 1643 459 ὑπέλαβον

239 469 278 512 οἷ
303 473 495 520 τέσσαρες
522 468 716 521 α’δελφοί,
744 463 869 520 ἤγουν
892 471 963 510 τοῦ
991 471 1213 522 Ἀδρανασὲ
1242 473 1315 511 τοῦ
1338 473 1642 525 κουροπαλᾷτου

239 533 278 575 οἱ
306 534 472 585 παῖδες,
505 528 565 571 ὅτι
594 530 662 571 διὰ
689 530 733 572 τό
764 534 932 585 ποιῆσαι
962 532 1031 573 τόν
1058 535 1310 585 Κουρκένιον
1336 533 1675 589 κουροπαλάτην5

238 597 458 650 α’πέρχεται
487 598 629 636 ἐκεῖσε.
687 594 708 636 ὅ
737 598 782 636 δὲ
811 600 1021 649 πατρίκιος
1050 597 1247 646 Κώνστας
1277 597 1550 653 ἇπελογήσατο
1578 597 1645 641 ὅτι

239 661 307 703 διὰ
338 660 383 701 τὸ
413 663 574 711 μέλλειν
610 676 661 712 με
686 663 853 714 τιμῆσαι
882 661 946 703 τὸν
975 665 1226 715 Κουρκὲνιον
1249 666 1471 716 μα’γιστρον
1499 665 1646 718 ἐπιφέ-

238 740 366 779 ρομαι
405 726 474 765 καί
509 723 580 764 τὸν
606 726 799 765 τοσοῦτον
835 727 951 780 λαόν,
990 727 1061 766 καί
1095 727 1410 780 ἄποχαιρετίσας
1436 727 1561 769 αὐτὸν
1587 725 1646 769 ὅτι

239 789 470 841 α’πέρχομαι
511 788 569 834 εἷς
603 787 675 828 τὸν
701 790 841 841 Δαβὶὃ
879 788 950 830 τὸν
974 790 1205 844 μάγιστρον.
1261 787 1348 843 εἶχε
1384 793 1429 832 δὲ
1469 791 1491 832 ὅ
1519 790 1648 839 αὐτὸς

239 855 449 905 πατρίκιος
480 850 678 900 Κιόνστας
716 852 786 894 καί
818 853 916 906 πρὸς
954 855 1023 895 τὸν
1062 858 1198 908 Δαβίδ
1234 858 1418 896 κέλευσιν
1460 854 1540 896 α’πὸ
1576 857 1647 896 τοῦ
1659 867 1701 901 10

241 917 441 968 βασιλέως
483 917 553 956 καί
587 917 707 964 ξένια.
772 920 842 958 καί
878 916 1123 966 α’πελθόντος
1159 922 1230 959 τοῦ
1267 921 1395 960 αὐτοῦ
1433 920 1646 973 πατρικίου

243 980 514 1028 Κώνσταντος
556 981 613 1028 εἰς
644 979 716 1032 τὴν
751 980 895 1034 χώραν
926 984 1000 1023 τοῦ
1028 982 1281 1036 Κουρκενίου
1311 983 1496 1037 ἐτίμησεν
1524 982 1648 1024 αὐτὸν

241 1042 476 1097 μάγιστρον,
505 1043 574 1084 καί
597 1046 783 1098 εἰσῆλθεν
811 1047 869 1094 εἰς
903 1045 948 1087 τὸ
978 1046 1152 1099 κάστρον
1177 1049 1248 1088 τοῦ
1277 1049 1489 1100 πατρικίου
1518 1048 1648 1089 Ἀσω-

240 1108 328 1147 τιόυ
357 1108 434 1147 τοῦ
453 1107 523 1148 καί
542 1109 746 1162 Κισκάση,
776 1110 832 1156 εἰς
859 1108 902 1150 τὸ
923 1109 1223 1163 Ἀδρανούτζιν,
1249 1112 1318 1152 καί
1348 1112 1520 1152 δέδωκεν
1536 1112 1648 1165 αὐτῷ

128 1183 230 1218 p128
242 1170 313 1224 τήν
340 1170 441 1225 πρὸς
470 1168 594 1213 αὐτὸν
620 1175 694 1212 τοῦ
720 1174 920 1224 βασιλέως
949 1176 1152 1228 κέλευσιν,
1182 1177 1231 1214 ου’
1256 1174 1352 1227 περὶ
1375 1176 1447 1215 τοῦ
1469 1174 1646 1227 κάστρου
1661 1183 1702 1215 15

235 1232 553 1288 Ἀδρανουτζίου
581 1238 849 1288 περιέχουσαν
880 1254 938 1288 τι,
968 1236 1070 1277 α’λλιὶ
1101 1240 1193 1290 περὶ
1221 1235 1369 1289 ἑτέρων
1398 1237 1649 1278 ὑποθέσεων.

242 1294 330 1339 εἶπε
361 1300 405 1339 δὲ
433 1299 535 1351 πρὸς
562 1300 684 1341 αὐτὸν
715 1299 736 1340 ὅ
773 1302 979 1352 πατρίκιος
1008 1301 1206 1347 Κώνστας
1232 1298 1295 1341 ὅτι
1324 1297 1399 1341 κιῖν
1427 1303 1503 1352 μὲν
1531 1299 1557 1354 ἧ
1583 1302 1648 1341 κε’·

242 1366 380 1410 λευσις
416 1362 533 1403 οὐδὲν
564 1367 741 1416 περιέχει
773 1366 868 1416 περί
897 1366 970 1404 τοῦ
997 1364 1173 1417 κάστρου
1199 1365 1532 1417 Ἀδρανουτζίου,
1562 1365 1649 1405 ἀλλ’

243 1422 316 1467 οὖν
343 1429 419 1466 τοῦ
445 1429 628 1479 μοναχοῦ
653 1427 851 1481 Ἀγαπιόυ
881 1426 978 1480 πρὸς
1006 1427 1076 1468 τὸν
1099 1428 1273 1479 βασιλέα
1300 1427 1553 1475 εἰσελθόντος
1580 1430 1652 1468 κατ’

245 1486 552 1542 ἆναγγείλαντος
593 1490 716 1532 αὐτὸν
760 1489 836 1532 ὅσα
870 1491 941 1531 καί
984 1490 1256 1545 παρήγγειλας
1295 1487 1422 1532 αιῖτὸν
1450 1494 1547 1544 περὶ
1574 1493 1703 1532 τοῦ20
1750 1525 1754 1528 ,

242 1551 416 1605 κάστρου
430 1550 757 1609 Ἆδρανουτζιόυ,
787 1555 855 1596 διὰ
884 1558 1000 1597 τοῦτο
1025 1557 1093 1596 καί
1120 1555 1328 1595 ἀπέστειλέ
1352 1570 1404 1606 με
1432 1552 1540 1604 ὅπως
1569 1571 1648 1596 πα-

243 1616 413 1669 ραλάβω
453 1617 496 1658 τὸ
536 1619 708 1671 κάστρον
738 1621 810 1659 καί
834 1619 1037 1673 εἰσαγάγω
1065 1621 1108 1660 ἐν
1145 1621 1256 1674 αὐτῷ
1282 1616 1401 1672 ὅνπερ
1430 1621 1648 1674 περιφέρο-

243 1696 320 1731 μαι
349 1679 460 1734 λαόν,
515 1682 585 1722 καί
610 1681 762 1735 ἐπειδή,
793 1682 901 1723 καθὰ
934 1685 1181 1737 προείρηται,
1209 1681 1316 1735 εἶχεν
1343 1682 1500 1736 ἔχθραν
1525 1683 1545 1723 ὃ
1570 1701 1649 1724 πα·

243 1744 392 1798 τρίκιος
414 1745 605 1793 Ἀσώτιος
643 1745 663 1786 ὃ
700 1749 771 1788 καί
806 1747 1018 1800 Κισκάσης
1056 1747 1158 1799 μετὰ
1189 1750 1261 1787 τοῦ
1290 1749 1478 1800 γαμβροῦ
1522 1746 1650 1788 αὐτοῦ

245 1906 363 1927 eorum
382 1897 573 1939 patruelem
592 1899 837 1931 contentiones
863 1904 958 1931 ortae
983 1904 1117 1940 essent3
1144 1904 1178 1931 et
1203 1899 1285 1942 quia
1310 1898 1455 1942 primum
1481 1898 1649 1931 famulum

245 1953 320 1972 cum
338 1942 469 1984 ingenti
496 1954 639 1976 munere
655 1944 698 1976 ad
723 1946 964 1988 imperatorem
979 1945 1165 1976 Curcenius
1191 1945 1339 1976 misisset
1362 1944 1404 1976 ad
1430 1945 1650 1988 curopalatae

245 1993 305 2019 aut
328 1989 481 2030 magistri
509 1988 677 2022 honorem
702 1990 902 2034 petendum,
939 1996 1087 2034 quatuor
1120 1991 1261 2029 fratres,
1294 1989 1469 2021 Adranase
1505 2001 1651 2034 curopa-

246 2033 337 2064 latae
371 2034 457 2073 filii,
481 2035 746 2078 suspicabantur
783 2035 863 2068 ideo
894 2047 970 2068 eum
1003 2037 1086 2068 illuc
1108 2037 1228 2068 venire
1252 2040 1291 2067 ut
1315 2034 1521 2067 Cui-nenium
1547 2046 1651 2067 curo-

247 2078 399 2121 palatem
426 2080 564 2112 faceret.
615 2087 650 2113 at
683 2082 854 2114 Constans
885 2082 1049 2125 patricius
1076 2082 1273 2121 excusavit,
1301 2080 1420 2113 dicens
1445 2080 1651 2113 Curcenium

246 2124 312 2155 sibi
338 2125 535 2167 magistrum
562 2127 758 2167 creandum,
784 2139 895 2171 eaque
923 2127 965 2159 de
993 2139 1094 2159 causa
1120 2138 1194 2158 cum
1212 2132 1309 2159 tanto
1324 2127 1495 2165 ,comitatu
1513 2127 1652 2168 venire;

246 2174 351 2218 atique
389 2170 432 2201 ab
464 2172 526 2204 illo
560 2171 798 2205 discedentem
829 2175 957 2205 iturum
990 2173 1034 2204 ad
1068 2173 1233 2205 Davidem
1260 2173 1484 2215 magistrum:
1521 2173 1653 2216 quippe

247 2214 408 2247 laudatus
434 2216 603 2249 Constans
638 2220 802 2262 patricius
833 2218 987 2251 habebat
1021 2220 1123 2250 etiam
1158 2218 1202 2250 ad
1234 2218 1398 2251 Davidem
1421 2218 1583 2250 mandata
1609 2217 1653 2250 ab

245 2260 453 2304 imperatore
478 2274 516 2294 ac
542 2275 695 2295 munera.
744 2265 864 2309 itaque
887 2264 1006 2296 abiens
1030 2265 1073 2296 ad
1096 2265 1302 2296 Curcenium
1320 2264 1517 2308 praedictus
1542 2264 1654 2307 patri-

247 2306 320 2337 cius
362 2307 532 2340 Constans
570 2310 720 2353 magistri
759 2311 926 2342 honorem
964 2311 996 2341 ei
1031 2310 1200 2351 contulit;
1240 2311 1480 2354 ingressusque
1516 2310 1654 2353 patricii

248 2351 361 2383 Asotii
384 2353 454 2384 sive
481 2354 635 2394 Ciscase,
664 2355 786 2387 urbem
812 2356 1078 2395 Adranutzium‚
1105 2355 1204 2388 dedit
1230 2357 1284 2388 illi
1311 2366 1401 2400 quae
1426 2355 1587 2387 mandata
1608 2354 1652 2386 ab

247 2397 456 2440 imperatore
480 2398 655 2440 habebat,
690 2412 760 2433 non
797 2401 840 2434 de
864 2402 1087 2441 Adrunutzio,
1112 2401 1172 2433 sed
1198 2401 1240 2434 de
1267 2402 1345 2433 aliis
1371 2401 1576 2445 quibusdam
1601 2411 1655 2432 re-

247 2442 324 2474 bus.
371 2442 457 2476 dixit
482 2451 597 2477 autem
624 2448 655 2478 ei
681 2448 849 2479 Constans
875 2448 1039 2491 patricius
1060 2446 1243 2491 “quamvis
1270 2447 1312 2479 de
1338 2447 1547 2479 Adranutzio
1571 2446 1653 2490 qui—

249 2488 326 2520 dem
355 2488 442 2520 nihil
468 2491 667 2524 mandatnm
697 2492 764 2524 hoc
803 2495 1004 2533 contineat,
1037 2498 1154 2525 tamen
1186 2494 1268 2537 quia
1296 2493 1444 2537 Agapius
1466 2491 1654 2524 monachus

248 2534 491 2577 imperatorem
517 2539 726 2570 conveniens
751 2540 887 2572 rettulit
921 2550 962 2571 ea
998 2550 1084 2583 quae
1110 2539 1143 2570 ei
1172 2539 1214 2571 de
1236 2538 1446 2571 Adranutzio
1473 2538 1655 2582 praecepi-

249 2580 306 2618 sti,
336 2579 414 2612 ideo
439 2591 493 2613 me
518 2583 612 2615 misit
637 2585 688 2615 uti
714 2584 833 2616 urbem
859 2586 1070 2628 acciperem,
1102 2590 1136 2616 et
1158 2584 1220 2617 hos
1245 2595 1331 2629 quos
1356 2583 1490 2616 adduco
1513 2583 1566 2614 ilii
1590 2583 1656 2614 in]-

250 2625 451 2668 ponerem.”
497 2638 667 2672 cumque,
704 2635 741 2661 ut
766 2636 869 2663 antea
895 2630 1024 2662 dictum
1050 2635 1124 2669 est,
1158 2632 1250 2662 inter
1282 2631 1436 2663 Asotium
1470 2629 1653 2672 patricium

251 2671 322 2703 sive
351 2671 511 2706 Ciscasen
547 2674 690 2719 eiusque
723 2685 887 2719 generum
919 2676 1123 2709 Curcenium
1146 2676 1347 2710 inimicitiae
1375 2681 1509 2714 essent,
1534 2674 1654 2707 urbem
