1780 3132
101 1609 197 1644 1³30

213 150 275 194 62
477 149 840 194 CONSTANTINI
873 148 1363 194 PORPHYROGENJTI

214 257 434 309 ἐπακούσας
463 262 529 301 καὶ
554 257 694 302 στόλον
722 258 853 300 ἱκανὸν
881 261 945 300 καὶ
975 257 1210 315 δραστήριον
1236 259 1407 315 ἄρχοντα
1433 260 1532 316 πρὸς
1558 260 1628 315 τὴν

214 325 363 368 τούτων
394 324 588 379 βοήθειαν
621 323 743 375 εὐθὺς
769 326 1021 375 ἐξαπέστειλε.
1089 331 1204 368 τοῦτο
1233 327 1275 367 δὲ
1302 326 1379 368 ἀπὸ
1408 325 1628 381 αὐτομόλου

212 391 410 446 μαθόντες
451 393 487 432 οἱ
518 392 683 448 Ἄφροι,
727 394 790 433 καὶ
821 394 908 448 περὶ
943 393 1014 445 τὴν
1045 394 1270 448 πολιορκίαν
1300 393 1630 448 ἀπρακτήσαντες,

213 463 364 513 μᾶλλον
385 459 427 500 δὲ
443 456 656 512 πτήξαντες
671 458 740 513 τὴν
755 463 825 500 τοῦ
839 463 1047 512 βασιλικοῦ
1064 458 1204 502 στόλου
1225 459 1314 500 κατ’
1336 459 1465 501 αὐτῶν
1480 476 1630 515 παρου-

215 527 324 576 σίαν,
358 525 600 580 ἆνεπὲρασαν
629 527 669 566 ἓν
698 526 1000 584 Λογγιβαρὸιά,
1035 528 1100 567 καὶ
1127 523 1454 581 πολιορκήσαντες
1483 526 1527 567 τὸ
1557 523 1662 570 xci-5

214 608 331 647 στρον
352 589 489 647 Βάρης
512 590 671 648 ᾤκησαν
690 593 731 633 ἒν
754 592 859 648 αὐτῷ
872 623 884 642 ,
918 590 1214 648 παραλαβόντες
1242 590 1370 634 πάντα
1401 592 1451 634 τὰ
1481 591 1634 646 κάστρα

213 661 278 699 καὶ
308 658 381 711 τὴν
410 662 542 700 πᾶσαν
568 659 872 714 Λογγιβαρδιάν
901 661 966 700 καὶ
997 659 1047 701 τὰ
1075 659 1192 700 λοιπὰ
1220 657 1373 714 κάστρα
1400 659 1634 714 Καλαβριάς

214 724 329 777 μέχρι
354 722 529 778 Ῥώμης,
565 723 618 774 ὡς
637 724 731 767 εἶναι
753 724 879 767 πάντα
899 726 947 766 τὰ
965 724 1037 766 ὕπ’
1060 725 1189 767 αὐτῶν
1207 726 1464 779 πορθηθέντα
1483 724 1634 780 κάστρα

217 789 288 846 ρν’.
322 792 528 841 Βασίλειος
543 787 645 832 οὖνὸ
664 792 844 845 ἀοίδιμος
860 790 1058 844 βασιλεύς,
1077 792 1149 846 τὴν
1165 791 1496 847 αὐτοκρατορικὴν
1512 791 1636 846 ἀρχὴν

216 857 326 911 παρὰ
369 861 470 899 θεοῦ
508 859 678 914 εἰληφώς
713 859 825 899 καθὰ
862 859 1105 913 προείρηται,
1150 861 1215 899 καὶ
1245 862 1371 900 ταῦτα
1400 856 1634 911 ἇναμαθῶν,
1647 870 1689 903 10

215 925 492 978 προαπέστειλε
514 925 586 977 μὲν
608 925 777 980 στρατὸν
798 925 1089 980 καβαλλαρικὸν
1111 926 1177 966 καὶ
1200 928 1317 966 πλοῖα
1339 923 1389 980 ρ’,
1423 924 1572 980 ἔγραψε
1594 923 1636 965 δὲ

216 990 316 1045 πρὸς
344 992 561 1043 Λοὸοὗχον
589 991 658 1032 τὸν
687 990 789 1046 ῥῆγα
819 992 1023 1046 Φραγγιάς
1053 992 1120 1032 καὶ
1151 990 1219 1032 τὸν
1249 990 1362 1032 noina
1381 989 1535 1045 Ῥώμης
1566 994 1637 1032 τοῦ

216 1061 485 1110 συνεπαμῦναι
517 1061 573 1114 τῷ
605 1055 747 1099 ἑαυτοῦ
779 1061 950 1114 στρατῷ.
1018 1057 1054 1099 οἳ
1079 1058 1121 1099 δὲ
1143 1055 1366 1107 ὗπείξαντες
1386 1061 1434 1113 τῇ
1453 1060 1638 1112 βασιλικῇ

216 1122 378 1173 ἐντεύξει
386 1155 399 1174 ,
434 1124 500 1164 καὶ
528 1122 746 1181 ἀμφότεροι
766 1122 977 1172 ἕνωθὲντες
1000 1128 1057 1180 τῷ
1080 1124 1190 1179 παρὰ
1218 1127 1290 1165 τοῦ
1315 1124 1509 1176 βασιλέως
1537 1124 1638 1164 ἀπο-

215 1191 392 1232 σταλέντι
413 1195 571 1248 στρατῷ
593 1195 871 1248 καβαλλαρικῷ
897 1192 962 1231 καὶ
984 1193 1172 1246 πλωίμῳ,
1207 1191 1524 1244 κατεπολέμησαν
1545 1190 1638 1238 τοὺς
1649 1202 1690 1237 15

216 1256 293 1298 ἀπὸ
324 1257 515 1313 Ἀφρικῆς
556 1257 810 1313 Σαρακηνοῦς
841 1258 907 1297 καὶ
938 1255 1169 1312 ἐπόρθησαν
1205 1256 1249 1297 τὸ
1283 1255 1452 1310 κάστρον
1489 1254 1639 1311 Βάρης,

216 1324 376 1377 δέσμιον
393 1321 581 1376 λαβόντες
600 1326 665 1365 καὶ
685 1323 753 1366 τὸν
772 1323 931 1377 ἇμηρᾶν
947 1321 1171 1364 Σολδανόν·
1202 1322 1245 1363 ὃν
1264 1325 1328 1363 καὶ
1350 1321 1642 1375 ἀναλαβόμενος

216 1391 315 1443 μετὰ
350 1394 426 1432 τῶν
458 1392 702 1447 Σαρακηνῶν
733 1391 949 1443 Λοδοῢχος
977 1387 997 1430 ὅ
1025 1389 1097 1445 ῥὴξ
1133 1390 1337 1444 Φραγγιάς
1359 1389 1491 1431 οἷ’καὸε
1513 1387 1641 1445 ἀπῄει.

217 1455 238 1498 ὅ
269 1458 313 1498 δὲ
339 1457 526 1510 βασιλεὺς
545 1458 705 1510 κατέσχε
724 1457 797 1510 τὴν
815 1461 947 1497 πᾶσαν
967 1457 1291 1510 Λογγιβαρδιάν,
1325 1455 1466 1506 καθὼς
1485 1457 1550 1497 καὶ
1567 1453 1642 1509 σή-

217 1540 336 1580 μερον
356 1523 465 1579 παρὰ
486 1528 564 1566 τῶν
580 1522 784 1576 Ῥωμαίων
803 1522 998 1575 βασιλέων
1021 1520 1258 1573 δεσπόζεται.
1652 1537 1696 1572 20

653 1601 870 1638 Δωὸέκατον
890 1602 991 1647 θέμοι
1011 1603 1214 1647 Χερσῶνος.

345 1666 407 1709 ‘H
433 1667 476 1708 δὲ
503 1666 673 1719 Χερσών
703 1666 746 1708 τὸ
775 1666 942 1708 παλαιὸν
966 1666 1036 1708 οὐκ
1059 1661 1108 1719 ἦν
1131 1668 1185 1715 εἲς
1207 1666 1334 1719 ὄνομα
1354 1665 1530 1718 θὲματος
1552 1664 1644 1706 mide*

220 1737 261 1777 ἐν
275 1733 553 1790 μητροπόλεως
570 1732 763 1786 σχήματι·
796 1733 885 1773 ἀλλ’
909 1733 946 1774 οἳ
962 1738 1033 1774 τοῦ
1050 1731 1260 1787 Βοσπόρου
1280 1736 1510 1787 κρατοῦντες
1528 1730 1645 1787 ἐκρά-

311 1819 333 1853 2
356 1813 418 1850 διὰ
442 1817 471 1850 C
608 1816 650 1850 12
671 1814 887 1858 Λοδοῆχονί)
1019 1816 1064 1849 23
1085 1813 1152 1858 τὴν
1175 1813 1361 1859 βόσπορον
1383 1814 1412 1851 C

222 1882 326 1918 tionis
359 1883 473 1927 capita
501 1882 670 1925 audisset,
707 1886 743 1915 et
774 1882 913 1915 classem
942 1880 1098 1915 idoneam
1130 1886 1165 1916 et
1197 1883 1369 1916 ductorem
1402 1883 1574 1914 strenuum
1604 1879 1648 1913 ad

223 1928 397 1973 suppetias
420 1928 506 1972 ipsis
529 1927 687 1961 ferendas
711 1926 878 1971 extemplo
904 1926 1005 1961 misit.
1036 1927 1101 1960 hoc
1123 1931 1234 1961 autem
1258 1938 1330 1960 cum
1352 1937 1416 1970 per
1438 1925 1647 1968 transfugam

223 1973 444 2008 rescivissent
467 1973 564 2015 Afri,
590 1978 626 2005 et
648 1971 732 2005 nihil
752 1970 788 2004 in
812 1971 989 2005 obsidione
1013 1979 1270 2015 promoverent,
1294 1971 1393 2004 immo
1416 1969 1518 2003 etiam
1539 1969 1647 2014 impe-

221 2017 370 2052 ratoriae
394 2018 512 2051 classis
534 2018 697 2050 adversus
720 2027 758 2049 se
779 2017 937 2061 impetum
960 2016 1250 2059 exhorrescerent,
1274 2015 1482 2049 traiecerunt
1498 2013 1534 2046 in
1551 2014 1646 2047 Lon-

224 2062 440 2106 gobardiam;
478 2063 535 2095 ubi
565 2067 678 2095 castro
708 2061 807 2095 Baris
840 2062 979 2094 obsesso
1005 2061 1171 2094 immorati
1192 2065 1291 2104 sunt,
1328 2059 1480 2092 omnibus
1502 2058 1648 2092 castellis

226 2108 428 2151 expugnatis
469 2118 541 2140 cum
583 2107 744 2140 universa
787 2105 1026 2148 Longobardia
1059 2117 1100 2138 ac
1130 2105 1270 2148 reliquis
1301 2103 1482 2138 Calabriae
1513 2103 1648 2147 oppidis

226 2152 365 2185 Romam
397 2163 522 2195 usque,
555 2152 604 2185 ita
635 2158 673 2184 ut
697 2151 840 2184 omnium
868 2155 1051 2183 castrorum
1076 2151 1118 2183 ab
1141 2150 1184 2183 iis
1205 2155 1470 2194 expugnatorum
1490 2158 1648 2182 numerus

227 2201 318 2230 esset
354 2201 483 2229 centum
520 2195 778 2240 quinquaginta.
824 2195 973 2229 Basilius
1004 2195 1120 2238 itaque
1150 2194 1207 2228 ille
1240 2193 1432 2238 praeclarus
1463 2193 1650 2237 imperator

226 2242 292 2275 iam
323 2241 542 2284 imperatoria
572 2241 738 2283 dignitate
771 2252 791 2273 a
825 2239 889 2274 deo
921 2246 1081 2284 accepta,
1120 2245 1158 2272 ut
1188 2239 1288 2283 paulo
1319 2244 1398 2271 ante
1426 2237 1551 2270 dictum
1582 2242 1648 2280 est,

226 2285 429 2330 simulatque
457 2285 492 2318 id
521 2286 681 2328 rescivit,
715 2285 898 2318 exercitum
930 2284 1103 2329 praemisit
1131 2283 1279 2327 equitum
1311 2289 1346 2316 et
1376 2293 1479 2315 naves
1501 2285 1647 2315 centum.

227 2330 366 2384 scripsit
388 2330 488 2363 etiam
511 2330 554 2364 ad
577 2329 785 2363 Ludovicum
806 2340 920 2373 regem
943 2329 1111 2363 Franciae
1134 2334 1170 2362 et
1191 2340 1232 2372 pa
1260 2339 1312 2361 am
1333 2328 1473 2369 Romae,
1495 2331 1533 2360 ut
1549 2337 1648 2359 exer-

225 2375 310 2409 citui
333 2374 515 2409 auxiliares
538 2385 651 2407 manus
675 2376 901 2418 praeberent:
924 2373 960 2406 hi
982 2373 1221 2417 imperatoriae
1235 2340 1403 2416 legationi
1424 2372 1592 2414 faventes,
1615 2375 1651 2404 et

225 2421 321 2453 ambo
345 2419 453 2453 iuncti
479 2419 645 2452 exercitui
667 2419 818 2462 equestri
841 2424 877 2452 et
900 2414 1012 2451 navali
1034 2420 1076 2452 ab
1099 2418 1302 2462 imperatore
1325 2417 1438 2457 misso,
1462 2416 1651 2448 Saracenos

223 2465 327 2498 Afros
348 2464 557 2498 debellarunt
580 2470 614 2497 et
636 2469 780 2497 castrum
803 2464 901 2497 Baris
925 2469 1172 2507 expugnarunt,
1198 2462 1368 2506 captivum
1393 2461 1492 2494 etiam
1515 2470 1652 2493 ameran

225 2509 408 2543 Soldanum
427 2514 622 2550 tenuerunt,
649 2520 746 2553 quem
769 2520 843 2542 cum
866 2508 1059 2542 Ludovicus
1083 2519 1144 2540 rex
1167 2508 1336 2540 Franciae
1360 2516 1426 2539 una
1449 2516 1520 2538 cum
1543 2505 1651 2537 Sara-

226 2553 320 2588 cenis
353 2553 564 2597 accepisset,
598 2553 639 2586 ad
672 2564 751 2586 suos
779 2553 895 2586 rediit.
942 2553 1126 2597 imperator
1149 2563 1231 2585 vero
1254 2557 1356 2584 totam
1378 2548 1651 2592 Longobardiam

225 2599 394 2633 subditam
417 2598 554 2641 habuit,
579 2604 616 2631 ut
638 2597 738 2631 etiam
763 2609 851 2630 nunc
873 2598 1058 2642 imperator
1081 2597 1250 2630 Romanus
1275 2597 1308 2630 ei
1329 2595 1533 2629 dominatur.

637 2653 889 2686 Duodecimum
911 2653 1027 2687 thema
1053 2652 1244 2684 Chersom‘s.

315 2698 470 2733 Cherson
493 2697 680 2741 antiquitus
704 2709 823 2730 nomen
846 2698 1004 2731 thematis
1027 2697 1117 2730 haud
1140 2695 1323 2742 usurpavit
1340 2705 1450 2738 neque
1469 2693 1506 2726 in
1527 2696 1654 2726 metro-

225 2743 313 2790 polis
345 2745 454 2778 forma
485 2743 637 2786 exstitit,
672 2743 733 2776 sed
757 2743 816 2787 qui
838 2743 1027 2787 Bosporum
1059 2742 1291 2786 occupabant,
1325 2739 1425 2774 etiam
1448 2739 1656 2772 eheu-sonem
