1780 3132
347 127 403 167 m
439 123 802 167 SYNECDEMUM
843 121 1280 166 COMMENTAmUs.
1329 176 1331 178 ‚
1426 115 1519 165 481

97 237 294 303 praesidis
323 238 662 291 complectantur;
694 242 888 292 tantoque
920 238 1046 279 minus
1085 237 1191 290 quod
1221 240 1261 277 et
1287 236 1392 278 alias
1420 236 1522 277 iudi-

98 308 165 335 ces
192 294 233 334 in
251 295 422 334 lotorum
455 295 692 348 fragmentis
711 295 918 347 praesides
938 293 1231 345 adsignificent,
1260 297 1305 332 ut
1332 294 1527 345 exemplis

97 350 219 392 Corn.
249 361 330 389 van
356 347 635 390 Binkershoek
663 350 875 390 Observat.
904 353 927 388 1
959 352 986 388 2
1012 348 1147 387 docuit
1175 346 1368 399 pluribus.
1427 360 1527 387 cave

97 417 196 446 vero
240 404 415 457 quinque
449 405 598 456 urbes,
628 405 671 445 in
699 405 852 457 quibus
878 403 1054 444 vicissim
1092 402 1257 442 hiemem
1298 402 1527 455 transigere

96 460 306 510 iubentur,
344 460 394 499 de
421 459 577 502 insulae
612 460 744 500 Rhodi
787 459 952 499 urbibus
981 471 1069 498 cum
1096 458 1214 498 Guid.
1244 458 1456 498 Pancirolo
1484 457 1527 498 in

96 515 220 558 Notit.
248 515 341 566 imp.
380 515 531 555 Orient.
572 527 605 554 c.
636 518 716 554 102
753 514 1052 566 interpreteris:
1093 517 1152 553 tot
1192 513 1266 553 illa
1303 526 1384 552 non
1413 512 1526 563 vidit,

96 570 226 611 tribus
254 571 348 610 olim
376 571 559 622 superba,
588 570 692 609 unde
719 568 903 618 τρίπολις
931 567 1053 612 νᾶσος
1080 567 1255 608 Pindaro
1274 568 1430 620 Olymp.
1460 568 1526 608 od.

97 630 138 675 7,
166 625 237 666 sed
266 636 369 678 quae
396 625 438 664 in
476 637 596 665 unam
636 624 832 674 Rhodum,
860 624 1035 663 eiusdem
1073 635 1161 663 cum
1187 623 1320 663 insula
1346 623 1529 672 nominis,

98 681 286 733 deinceps
315 681 566 727 coaluerunt,
595 679 798 720 Strabone
824 683 926 719 teste
957 681 1009 718 14
1039 690 1076 730 p.
1106 680 1202 718 655.
1260 678 1431 732 quinque
1461 691 1530 718 ur-

98 737 182 787 bes,
211 736 289 776 nisi
317 735 452 785 fallor,
480 735 635 775 insulae
675 739 768 774 sunt
799 734 986 782 totidem,
1014 734 1055 774 in
1083 733 1158 773 hac
1186 734 1395 786 provinica
1425 739 1529 773 cete-

96 791 156 831 ris
186 790 389 854 potiores:
421 790 499 830 hoc
534 790 622 842 ipsa
662 790 947 842 imperatorum
977 788 1228 839 constitutio,
1256 792 1300 829 ut
1329 789 1530 836 admittas,

97 846 280 898 requirit.
347 857 422 885 nec
449 846 563 886 obest
590 845 785 885 sermonis
813 856 936 884 usus:
974 856 1065 884 nam
1091 848 1132 883 et
1160 843 1358 896 Virgilius
1389 845 1530 884 Delum

97 900 298 953 Apollinis
335 900 473 940 urbem
515 904 652 949 vocat;
684 912 812 952 neque
848 899 1016 939 Graecis
1052 899 1261 952 quicquam
1287 899 1528 940 familiarius

98 968 217 1010 quam
245 956 417 996 insulam
444 951 563 993 πόλιν
599 956 821 1007 appellare.
879 954 971 994 vide
998 954 1145 995 Anton.
1176 954 1266 994 ltin.
1296 968 1334 1007 Ρ.
1355 958 1450 995 523.

207 1033 302 1077 395,
330 1035 396 1072 27.
448 1027 606 1083 Ῥόδος]
635 1032 855 1071 insularum
887 1031 1118 1083 provinciae
1146 1032 1378 1083 metropolis
1394 1032 1531 1083 Ephe-

97 1084 188 1128 sin'o
218 1087 386 1127 concilio
416 1100 453 1139 p.
473 1089 553 1127 453
580 1087 745 1135 dicitur;
779 1086 970 1126 [ornandi
999 1086 1050 1126 de
1080 1087 1209 1139 Regn
1239 1085 1530 1128 Succes.R1w-

98 1142 180 1184 dus
221 1143 521 1195 opinatissima
562 1140 707 1182 insula
739 1145 782 1182 et
825 1143 959 1182 totius
985 1137 1151 1182 Adriae
1182 1141 1420 1183 insularum
1447 1155 1531 1183 me-

97 1196 296 1252 tropolis,
326 1197 393 1251 qui
420 1197 566 1237 rectius
594 1194 728 1249 Aeyei
753 1198 890 1237 maris
919 1201 988 1237 aut
1015 1193 1152 1238 Asiae
1180 1197 1441 1250 scripsisset.
1477 1198 1533 1239 li-

98 1253 256 1295 bertate
294 1265 320 1293 a
358 1252 607 1304 Vespasiano
649 1252 811 1304 privata
850 1257 911 1291 est
937 1251 1044 1303 apud
1082 1251 1247 1292 Sueton-
1278 1265 1312 1292 c
1345 1256 1396 1302 8;
1426 1254 1533 1293 unde

96 1308 202 1348 citra
231 1307 390 1348 dubium
431 1312 493 1347 est
517 1306 656 1346 Dionis
685 1307 962 1356 Chrysostomi
988 1306 1238 1347 Rhodiacam
1283 1312 1378 1348 ante
1409 1309 1534 1348 fuisse

98 1363 311 1404 recitatam
339 1375 456 1416 quam
474 1362 642 1403 Rhodiis
659 1363 829 1402 libertas
855 1363 1097 1413 auferretur,
1125 1362 1166 1402 in
1186 1363 1420 1414 provinciae
1448 1365 1534 1403 for-

98 1430 204 1460 mam
231 1418 429 1459 redactis.
468 1418 624 1458 salvam
664 1417 747 1458 illis
790 1417 1017 1457 libertatem
1046 1430 1085 1469 p·
1103 1420 1185 1457 344
1211 1417 1268 1468 D,
1298 1418 1535 1472 beatamque

98 1473 202 1514 satis
227 1473 384 1514 insulae
410 1472 687 1524 conditionem,
718 1472 782 1512 cui
809 1473 849 1513 in
878 1471 1001 1512 Caria
1032 1476 1072 1512 et
1100 1472 1223 1522 Lycia
1250 1472 1434 1514 civitates
1462 1475 1535 1514 tri-

98 1527 286 1570 butariae
316 1532 453 1568 essent
489 1529 640 1593 plures
655 1541 694 1580 p.
710 1530 791 1590 341
823 1526 881 1576 Ο;
918 1527 1095 1567 adfuisse
1131 1527 1214 1568 illis
1244 1533 1459 1591 praeterea
1488 1525 1532 1567 τὸ

97 1576 257 1622 εαυτῶν
286 1580 539 1647 προεστάναι
569 1595 637 1621 και
678 1578 753 1631 τήν
781 1581 902 1620 πόλιν
929 1581 1098 1620 διοικεῖν
1129 1580 1202 1620 καί
1227 1579 1273 1620 τὸ
1304 1579 1538 1632 βουλεύσα-

96 1638 203 1676 σθαι
243 1634 316 1676 καί
355 1632 400 1676 τὸ
440 1635 611 1676 δικάσαι
639 1651 679 1690 Ρ.
695 1639 778 1678 359
806 1637 838 1677 Β
867 1637 1091 1690 significat3
1133 1649 1235 1690 quae
1266 1638 1402 1679 omnia
1431 1639 1537 1679 inter

97 1692 330 1746 provincias
356 1693 625 1745 transcriptae
645 1692 750 1733 haud
772 1704 871 1732 sane
898 1691 1151 1732 conveniunt.

207 1756 575 1810 Ibid.2s.1(u3;]
605 1759 656 1798 de
677 1759 753 1799 hac
774 1758 1353 1811 etsequentibusAnton.1tin.
1383 1771 1421 1811 p.
1441 1759 1536 1798 522.

97 1813 246 1854 addam
273 1814 417 1853 iustam
446 1813 643 1878 Sopingio
690 1826 873 1854 caussam
912 1812 1086 1852 defuisse
1126 1825 1196 1852 cur
1221 1813 1323 1853 haec
1351 1813 1538 1875 llesychii

96 1869 149 1908 de
178 1868 301 1910 Samo
333 1863 491 1914 Φυλλις
520 1864 545 1919 ἧ
569 1865 708 1917 Σάμος
732 1865 777 1905 td
809 1862 951 1917 πάλαι,
979 1872 1153 1907 mutaret
1182 1872 1223 1907 et
1241 1864 1412 1914 Φυλλὰς
1435 1869 1538 1908 mal-

96 1923 167 1964 let.
223 1924 392 1977 vulgato
432 1923 696 1976 patrocinium
737 1934 936 1975 nunquam
967 1923 1170 1962 Nicander
1197 1919 1413 1976 negaverit
1438 1923 1537 1964 Ale-

95 1978 295 2032 xipharm.
326 1981 419 2027 149,
451 1978 519 2019 uhi
546 1978 788 2019 scholiastes
820 1976 978 2024 Φυλλις
1005 1973 1030 2029 ἦ
1059 1973 1214 2027 Σάμος.

206 2053 316 2098 Iln'd.
372 2054 607 2107 Μέθυμνα]
641 2056 700 2096 sic
728 2059 768 2096 et
789 2055 970 2106 Scylax,
1003 2067 1118 2108 quem
1148 2055 1221 2096 Ch
1254 2054 1455 2098 Cellarius
1485 2056 1536 2098 G.

97 2111 147 2152 A.
174 2115 204 2152 3
231 2115 258 2152 2
286 2125 325 2163 Ρ.
346 2113 402 2151 15
431 2115 476 2151 ut
517 2111 603 2151 sine
631 2111 729 2151 vitio
758 2110 812 2151 sit
851 2115 1028 2161 veretur,
1057 2111 1246 2163 quoniam
1274 2110 1469 2153 Straboni
1497 2117 1538 2153 et

97 2166 324 2217 Thucydidi
361 2161 586 2216 Μήθυμνα
616 2166 794 2219 '.placeat
861 2178 938 2219 ego
979 2165 1086 2206 haud
1116 2165 1409 2208 damnaverim:
1444 2180 1538 2208 nam

97 2226 139 2262 et
164 2221 382 2270 Μέθυμνα
417 2221 460 2262 in
487 2221 664 2262 Nicaeno
694 2221 868 2261 secundo
910 2234 948 2273 p.
967 2224 1050 2260 349
1085 2221 1258 2273 legitur,
1312 2227 1352 2262 et
1383 2222 1538 2260 Μεθυ-

97 2273 259 2327 μναίων
286 2289 446 2317 ιιιιιιιιιιιι
487 2277 610 2318 Thes.
640 2276 902 2318 Friderician
933 2289 967 2315 c.
998 2279 1027 2316 5
1053 2279 1108 2316 29
1136 2280 1322 2318 ostentat,
1380 2277 1540 2339 videtur

96 2335 140 2371 et
163 2331 352 2372 assentiri
380 2332 560 2372 Galenus
588 2332 764 2372 Method.
806 2331 983 2396 Therap.
1027 2335 1080 2370 12
1107 2344 1145 2383 Ρ.
1163 2335 1264 2372 166:
1298 2331 1426 2394 τριῶν
1455 2330 1526 2386 ,α’
1514 2347 1535 2368 1

98 2385 233 2425 ουσῶν
267 2386 311 2425 ἐν
340 2386 496 2448 Λέσβω
533 2383 691 2424 πόλεων
724 2377 846 2437 ἧττον
883 2384 960 2434 μὲν
988 2382 1147 2435 εὐώδης
1174 2381 1247 2424 καί
1270 2382 1424 2435 γλυκύς
1455 2381 1535 2438 (οἷ’-

95 2442 182 2492 νος)
214 2438 258 2478 ἑν
284 2424 507 2503 Μιτυλήνῃ
536 2441 739 2504 γεννᾶται,
767 2439 926 2488 μᾶλλον
956 2439 995 2478 δ’
1022 2436 1183 2492 ευιόὸης
1210 2455 1278 2480 και
1311 2437 1464 2491 γλυκὺς
1496 2440 1540 2480 ἐν

95 2492 284 2549 Ἐρέσσω,
311 2508 488 2533 καπειτα
521 2495 565 2533 ἐν
593 2491 822 2548 Μεθύμνῃ.
888 2496 955 2549 qui
994 2499 1128 2537 tamen
1157 2508 1244 2536 cum
1277 2497 1327 2535 de
1355 2496 1535 2537 Antidot.

97 2554 122 2590 1
154 2564 192 2603 p.
212 2553 294 2591 427
329 2545 374 2588 ἐν
413 2548 634 2603 ΙΙΙηθύμνῃ
679 2553 907 2602 praeferat,
940 2551 1133 2591 incertum
1173 2552 1364 2603 relinquit
1406 2558 1537 2591 utrum

97 2606 346 2658 probaverit.
413 2605 550 2657 itaque
595 2607 784 2646 succedat
821 2583 1107 2660 Μεέὶυμιιαῖος
1142 2607 1249 2657 apud
1287 2607 1536 2646 Athenaeum

99 2660 128 2701 1.
157 2664 186 2702 8
213 2674 247 2699 c.
276 2662 348 2701 ult.
376 2665 417 2700 et
443 2662 658 2703 Maximum
701 2661 982 2716 philosophum
1021 2658 1117 2713 περὶ
1158 2660 1401 2713 Ιίαιαρχῶν
1431 2663 1533 2703 459:

196 2748 242 2780 co
246 2756 314 2782 nst.
341 2748 404 2781 Por
394 2746 517 2793 ¹¹ph7r.
1232 2746 1276 2779 31
