1780 3132
333 129 387 168 ΙΝ
427 128 787 171 SYNECDEMUM
826 128 1263 172 COMMENTARIUS.
1419 121 1514 169 419

199 244 293 293 392,
319 244 359 283 2.
414 241 497 280 Ro&
534 242 606 280 καί
633 237 832 295 Apamia}
856 243 1042 295 coniungi
1072 243 1171 283 haec
1200 243 1241 283 in
1260 241 1518 282 Farncsianis

95 297 254 338 schedis
291 297 618 338 L.1101steinius
649 299 823 349 monuit,
852 299 958 351 quod
999 299 1121 339 facile
1148 298 1295 350 patiar,
1325 297 1441 336 modo
1468 310 1519 336 ne

92 365 167 405 pro
205 352 344 392 eadem
384 351 622 393 habeantur.
697 352 809 405 prius
845 353 887 393 in
925 352 1052 391 Βοιόν
1077 353 1204 394 Boion
1233 351 1347 392 abire
1387 352 1517 401 debet,

91 406 279 459 oppidum
305 406 468 447 Doridis
495 407 594 447 satis
620 411 769 457 notum,
796 408 967 447 alterum
992 407 1034 447 in
1062 404 1299 470 Δρυμαίαν,
1329 419 1431 459 quiae
1457 407 1520 447 iu-

89 466 154 502 ter
191 461 376 502 Phocidis
416 460 605 515 regiones
643 474 670 503 a
696 438 848 514 Plinio,
883 463 1033 502 rectius
1071 463 1123 503 ab
1152 461 1245 503 aliis
1268 461 1374 501 inter
1400 462 1521 502 urbes

87 517 275 557 refertur.

199 569 308 612 Ibid
366 569 547 618 Δαυλιά]
578 569 768 609 Λαυλιάν
797 570 870 621 τῆς
904 567 1093 615 Φωκίδος
1118 570 1240 611 hahet
1265 571 1520 621 Thucydides

88 628 220 732 ξ29,
246 637 362 678 quam
390 624 598 665 Daulidem
635 625 707 665 alii
736 631 905 677 vocant,
937 638 1015 679 qua
1055 626 1104 666 de
1141 638 1186 667 re
1221 627 1267 667 L.
1309 627 1437 667 Holst.
1478 627 1519 666 in

126 683 165 719 te
196 681 356 720 hauum.

167 693 302 778 ι,Ιῠὶώ
381 729 616 784 Χερωνεια]
663 734 741 774 11110
799 733 1063 786 Χαιρωνεια,
1123 738 1168 775 ut
1215 735 1516 776 Constantinus.

89 787 363 830 Chaeroneam
390 788 579 829 Boeotiae
606 789 757 840 urbem,
787 790 858 829 sed
895 789 1080 830 Phocidis
1105 790 1250 831 finibus
1277 791 1514 843 proximam,

90 843 320 897 Stephanus
361 856 387 884 a
428 843 659 894 Chaereae,
698 844 897 896 Apollinis
934 848 976 885 et
1013 845 1171 885 Therus
1211 843 1377 896 Θηροῦς
1417 846 1515 896 filio,

88 898 204 940 initia
230 903 272 938 et
298 911 441 939 nomen
479 898 680 951 accepisse
724 900 874 949 refert,
915 903 956 939 et
993 903 1088 939 ante
1123 912 1210 940 eum
1251 911 1303 941 ex
1341 900 1515 940 Hesiodo

89 954 309 995 Pausanias
337 953 510 993 Boeotic.
540 966 574 993 c.
605 956 669 993 40.
699 954 821 993 fuerit
847 958 981 994 tamen
1010 954 1232 996 Chaeronis
1260 959 1389 995 mater
1416 967 1514 994 vero

89 1009 246 1049 nomine
265 1008 402 1048 Thuro
421 1003 570 1058 Θουρώ
594 1012 764 1061 oportet,
793 1008 828 1048 si
855 1009 944 1050 urbi
964 1009 1056 1049 huic
1081 1010 1237 1050 vicinus
1261 1010 1380 1050 collis
1401 1007 1516 1048 Θού-

88 1075 177 1112 ριος
207 1067 247 1103 et
272 1061 418 1115 Apollo
438 1062 614 1103 Thurius
643 1063 737 1102 inde
764 1075 907 1103 nomen
936 1064 1184 1116 acceperint,
1212 1067 1256 1104 ut
1274 1064 1516 1105 Plutarchus

87 1118 129 1158 in
161 1117 278 1158 Sulla
305 1131 344 1170 Ρ
366 1120 446 1158 463
470 1121 612 1157 auctor
640 1122 722 1167 est;
751 1118 855 1171 quod
883 1119 1012 1171 ipsum
1042 1123 1083 1158 et
1108 1131 1244 1159 eorum
1270 1119 1516 1183 opinatione,

89 1185 206 1226 quam
237 1173 381 1212 ibidem
401 1173 638 1212 Plutarchus
667 1178 959 1225 commemorat,
986 1174 1222 1222 firmabitur,
1251 1175 1318 1227 qui
1346 1187 1372 1214 a
1399 1174 1516 1223 bove,

89 1240 167 1281 quo
197 1227 370 1268 Cadmus
401 1227 499 1267 duce
526 1227 682 1267 itineris
711 1231 800 1267 erat
821 1240 929 1278 usus,
958 1240 1150 1282 quemque
1175 1224 1267 1279 θώρ
1296 1228 1516 1268 Phoenices

88 1281 370 1336 appellabant,
411 1281 581 1322 nominis
607 1294 788 1322 caussam
809 1283 1056 1334 repetebant.
1120 1283 1246 1323 miror
1273 1288 1404 1324 autem
1434 1284 1515 1323 Or-

87 1337 266 1377 chomeni
294 1337 445 1377 nullam
471 1336 537 1376 hic
569 1337 765 1376 rationem
796 1337 960 1386 haberi;
992 1349 1094 1390 quae
1124 1339 1165 1378 in
1183 1343 1419 1378 transcursu
1447 1339 1512 1377 iu-

88 1392 262 1433 vabitur.
319 1393 446 1432 refert
472 1391 673 1431 Diodorus
698 1394 725 1431 4
745 1405 784 1444 Ρ.
815 1396 897 1432 226
924 1396 963 1431 et
988 1392 1065 1432 hoc
1091 1393 1198 1433 inter
1215 1393 1398 1432 Herculis
1427 1397 1512 1432 stu-

83 1447 215 1510 penda
242 1458 384 1500 opera:
413 1445 456 1485 ἐν
483 1444 530 1484 δὲ
562 1444 614 1498 τῇ
640 1445 821 1484 Βοιωτία
846 1443 1080 1484 τούναντίον
1106 1445 1323 1511 ἐμφράξας
1353 1443 1397 1485 τὸ
1420 1446 1520 1496 περί

84 1498 155 1540 τὸν
183 1497 414 1540 Μινυεινὸν
451 1486 637 1553 ῥεῖθρὸν,
682 1486 844 1551 ἐποίησε
874 1497 1086 1550 λιμνάζειν
1110 1499 1184 1553 τὴν
1207 1500 1366 1552 χώραν
1423 1503 1516 1542 Pal-

84 1556 231 1597 metius
261 1557 483 1597 Exercitat.
523 1568 561 1607 Ρ.
589 1558 670 1595 100
708 1556 843 1595 nescio
882 1557 987 1619 quod
1028 1557 1143 1597 nobis
1185 1553 1399 1606 Μινυήὶον
1428 1555 1517 1607 ῥεῖ·

87 1611 191 1660 θρον
217 1611 407 1662 obtrudit,
431 1623 522 1663 quo,
548 1610 582 1650 si
600 1621 681 1649 mss
709 1610 828 1650 lectio
848 1611 1024 1663 margini
1048 1611 1210 1663 appicta
1238 1612 1278 1651 in
1307 1611 1515 1651 consilium

86 1666 336 1716 adhibeatur,
366 1665 486 1706 facile
514 1665 759 1705 carebimus.
788 1665 882 1705 inde
903 1666 1005 1705 enim
1022 1665 1129 1706 haud
1150 1679 1187 1705 m
1191 1679 1298 1717 agno
1314 1666 1516 1705 molimine

87 1724 280 1773 exsurget
325 1715 371 1757 τὸ
402 1715 499 1770 περὶ
521 1715 592 1757 τὸν
622 1715 828 1757 Μινύειον
858 1716 1110 1771 Ὀρχομενὸν
1139 1718 1321 1770 ῥεῖθρον.
1379 1733 1518 1760 verum

86 1775 163 1814 hoc
188 1787 275 1814 esse
304 1774 497 1814 Homerus
524 1774 639 1814 Iliad.
683 1774 715 1813 B
742 1776 822 1813 511
862 1779 902 1813 et
940 1775 1195 1823 Thucydides
1223 1777 1250 1814 4
1277 1779 1342 1824 ³76,
1371 1773 1515 1824 Ὀρχο-

85 1826 209 1878 μενον
237 1825 308 1867 τὸν
336 1824 543 1867 ΙΡΙινύειον
569 1829 833 1891 appellantes,
862 1829 1086 1868 ostendunt.
1116 1828 1260 1869 fluvius
1290 1835 1352 1869 est
1373 1830 1518 1877 Melas,

88 1881 323 1922 ἀνατέλλων
362 1878 440 1920 ὑπὸ
471 1895 545 1932 τνν
582 1881 702 1920 πόλιν
736 1882 816 1921 τῶν
840 1880 1115 1932 Ὀρχομενίων
1142 1880 1271 1928 n07vg
1297 1880 1367 1922 καί
1392 1880 1521 1922 πλώὶ-

84 1950 164 1987 μος
190 1937 235 1977 ἐν
258 1940 405 1990 πηγαῖς
431 1933 556 1986 μόνος
583 1937 665 1975 τῶν
691 1931 943 1987 (Ελληνικῶν
974 1936 1178 1989 ποταμῶν,
1207 1943 1251 1978 ut
1279 1939 1519 1979 Plutarchus

87 1993 129 2034 in
159 1992 276 2034 Sulla
301 2007 338 2045 p·
361 1995 444 2032 465
476 1993 545 2033 ait.
601 1994 811 2032 firmantur
841 1993 998 2045 reliqua
1030 1993 1199 2045 egregio
1231 1994 1378 2046 lapide,
1407 1994 1517 2034 cuius

88 2048 338 2101 epigramma
365 2048 536 2087 Donian.
566 2047 750 2099 Inscript.
785 2047 917 2087 Class.
950 2051 973 2086 1
995 2050 1051 2086 98
1078 2060 1206 2100 nuper
1233 2048 1423 2088 insertum
1444 2054 1517 2097 est,

84 2104 155 2142 sed
183 2103 405 2143 mendosius
434 2107 676 2155 excerptum.
753 2102 857 2142 adde
885 2101 1050 2142 eundem
1088 2103 1344 2143 Plutarchum
1373 2104 1414 2143 in
1444 2104 1519 2143 Pe-

86 2157 127 2198 lo
156 2157 276 2209 idap
282 2160 415 2197 ..286

129 2171 153 2211 p
193 2210 301 2253 Ιῠὶά.
329 2216 369 2253 3.
415 2204 663 2264 ”Αμφισσα]
695 2215 786 2252 erat
823 2212 866 2252 in
896 2212 1112 2252 Ozolarum
1153 2216 1194 2252 et
1218 2213 1402 2253 Phocidis
1428 2212 1518 2252 fini-

88 2267 175 2319 bus,
206 2267 350 2307 stadiis
379 2272 460 2308 120
486 2267 651 2330 Delphis
679 2273 881 2319 separata.
939 2268 1159 2307 Pausanias
1186 2268 1304 2307 Phoc.
1333 2281 1366 2307 c.
1395 2272 1461 2308 58.

195 2319 303 2363 lbid.
383 2317 570 2372 Τιθαὶρα]
601 2322 680 2362 sita
713 2327 801 2362 erat
837 2323 888 2362 ad
917 2323 1161 2362 Parnassum
1188 2323 1330 2363 stadiis
1358 2323 1518 2362 cire—(itm

85 2378 141 2416 80
169 2388 195 2416 a
221 2377 416 2429 Delphis,
446 2377 671 2427 Pausania,
702 2377 763 2416 cui
802 2376 982 2426 Τιθορέα
1023 2381 1065 2417 et
1097 2375 1317 2428 Τιθοραιᾎα
1344 2380 1446 2431 quod
1477 2383 1519 2418 et

84 2431 314 2483 Stephanus
357 2444 409 2472 ex
447 2444 494 2471 eo
522 2432 669 2482 habet,
709 2436 811 2471 teste
843 2432 963 2472 Phoc.
1003 2445 1038 2472 c.
1079 2435 1146 2473 32.
1203 2433 1440 2473 Plutarchus
1473 2434 1516 2473 in

83 2485 203 2526 Sulla
247 2500 285 2539 p.
315 2489 393 2527 461
433 2498 560 2539 paene
603 2500 690 2527 cum
728 2487 913 2527 Hierocle
951 2487 1172 2538 consentit,
1216 2482 1399 2538 Τιθόραν
1440 2501 1514 2541 ap-

86 2541 252 2592 pellant.

194 2594 302 2637 Ibid.
349 2586 610 2645 ”Αμβροσος]
627 2586 891 2646 ”Λμβρυσος,
920 2598 984 2637 vel
1013 2597 1217 2650 geminata
1245 2598 1448 2649 sibilante,
1471 2601 1516 2636 ut
1558 2616 1561 2618 ·

87 2650 190 2702 apud
220 2651 458 2692 Pausaniam
489 2651 644 2690 Phocic.
678 2663 711 2689 e.
742 2654 810 2702 36,
838 2650 906 2694 ubi
925 2652 1126 2703 Parnasso
1155 2653 1382 2706 adponitur.
