1780 3132
304 137 397 186 488
815 149 1158 188 WESSELINGH

303 269 389 296 esse
415 261 594 320 apparet.
648 256 766 297 credo
793 257 844 296 ab
861 257 1054 297 Hieroclis
1075 269 1192 297 manu
1218 259 1371 298 venisse
1385 257 1564 309 ἐπαρχία
1584 260 1697 297 Πον-

299 311 410 359 τικῆς
439 309 672 359 διοικήσεως
699 305 734 347 α’
763 310 956 359 Βιθυνιᾋα
983 313 1204 362 provincia
1226 310 1429 353 Ponticae
1451 313 1696 354 dioeceseos

300 366 437 415 prima
464 363 672 416 Bithynia.
739 364 892 403 orditur
928 342 1017 403 h'iuc
1055 365 1277 405 dioeceseos
1305 366 1490 406 Ponticae
1532 367 1693 418 provin-

301 418 395 465 cias,
425 430 521 469 quas
550 421 598 456 11
629 417 775 466 fuisse,
803 417 1035 468 Bithyniam,
1067 419 1345 467 Honoriadem,
1373 421 1695 472 Paphlagoniam,

300 471 501 510 Galatiam
528 472 692 522 primam
730 475 769 510 et
796 472 1037 522 secundam,
1075 472 1346 525 Cappadocias
1382 473 1506 524 duas,
1535 474 1695 514 totidem

299 524 518 574 Armenias,
544 524 854 576 Helenopontum
884 529 923 564 et
954 525 1118 566 Pontum
1146 526 1468 575 Polemoniacum,
1494 539 1544 568 ex
1572 528 1693 567 Notit.

299 578 390 628 imp.
421 579 487 617 Or.
516 591 549 616 c.
590 582 639 629 1,
679 590 778 631 quae
807 584 846 619 et
872 578 1094 627 Bithyniam
1120 581 1319 621 consulari
1347 557 1529 630 mand'at,
1558 582 1696 656 explo-

297 636 386 670 rate
413 632 603 672 novimus.

401 710 494 755 396,
520 711 559 747 9.
614 703 859 759 Χαλκηδών]
889 708 961 747 etsi
989 708 1114 759 primo
1143 710 1231 749 loco
1259 710 1363 750 inter
1382 708 1511 758 Bythy
1514 708 1602 748 uiae
1630 720 1697 748 ur-

296 761 366 800 bes
394 765 565 811 ponatur
592 766 632 800 et
666 761 832 800 concilio
876 762 1174 823 Constantinop.
1217 763 1334 803 tertio
1363 777 1400 827 ιι.
1425 766 1504 802 495
1530 763 1697 802 loannes

294 813 364 863 τῆς
395 813 695 864 Καλχηδονέων
729 811 1011 878 μητροπόλεως
1048 814 1118 866 τῆς
1153 816 1345 855 Βιθυνῶν
1379 812 1582 866 ἐπαρχίας
1605 815 1696 856 sub-

296 867 458 917 scribat,
486 881 565 907 non
595 872 725 907 tamen
751 867 828 907 nisi
865 869 1019 909 nomine
1056 874 1169 909 tenus
1199 871 1428 922 metropolis
1454 870 1540 919 fuit,
1567 869 1693 910 salvis

295 922 546 962 Nicomediae
589 934 659 961 suo
687 921 773 961 iure
820 926 859 961 et
888 923 1124 974 privilegiiS,
1150 927 1195 964 ut
1220 925 1457 972 Marcianus,
1483 923 1545 962 cui
1571 923 1696 962 hono-

295 976 445 1015 rarium
471 975 572 1015 hunc
611 975 764 1015 titulum
791 976 927 1026 debet,
953 977 993 1016 in
1021 977 1258 1018 Chalcedon.
1289 991 1397 1018 conc.
1434 990 1472 1028 ιι.
1500 979 1579 1016 681
1619 975 1696 1016 sci-

296 1029 381 1068 scit.
419 1024 491 1079 τήν
510 1027 810 1090 Καλχηδονέων
838 1027 968 1079 πόλιν,
1000 1031 1138 1093 inquit,
1169 1029 1212 1068 ἐν
1239 1025 1268 1084 ᾗ
1291 1031 1362 1081 τῆς
1393 1028 1510 1080 ἆγιάς
1527 1029 1698 1073 πίστεως

294 1079 464 1127 σύνοδος
505 1078 769 1144 διεκροτήθη,
796 1080 1077 1146 μετροπόλεως
1112 1081 1222 1133 ἔχειν
1248 1085 1449 1134 πρεσβαῖα
1475 1081 1698 1122 ἐθεσπίσα-

293 1148 378 1187 μεν,
407 1132 572 1182 ὀνόματι
597 1133 709 1188 μόνῳ
739 1133 893 1197 ταύτην
919 1135 1173 1199 τιμήσαντες,
1201 1137 1432 1186 σωζομένου
1459 1132 1613 1188 δηλαδή
1646 1135 1696 1188 τῇ
1745 1142 1747 1145 “

294 1189 561 1240 Νικομηδέων
587 1173 828 1240 μητροπόλει
858 1189 929 1228 τοῦ
957 1189 1066 1228 ἰδίου
1106 1185 1346 1240 οἷξιωματος.
1373 1191 1438 1245 qui
1465 1202 1549 1230 cum
1579 1189 1695 1227 Kaz-

291 1241 450 1293 χηδόνα
475 1244 610 1283 urbem
636 1244 833 1306 appellat,
875 1244 980 1284 haud
1010 1246 1169 1284 multum
1203 1246 1316 1284 abest
1345 1258 1371 1286 a
1398 1242 1696 1293 Καλχαδονίων

295 1297 444 1336 numis:
486 1298 581 1337 olim
620 1297 722 1336 enim
761 1275 998 1348 Καλχηδών
1031 1299 1339 1350 nuncupabatur.
1405 1298 1510 1351 quod
1551 1308 1694 1337 nomen

295 1355 413 1402 atque
442 1347 680 1402 Καρχηδὼν
707 1363 791 1390 cum
818 1364 916 1390 sono
945 1364 1083 1403 parum
1112 1353 1267 1401 distent,
1294 1352 1475 1404 praebita
1499 1362 1619 1402 saepe
1644 1350 1695 1390 li-

295 1403 441 1443 brariis
466 1408 526 1443 est
554 1404 708 1444 occasio
743 1405 852 1444 urbis
889 1406 1093 1458 utriusque
1129 1406 1439 1471 confundendae,
1466 1404 1590 1445 veluti
1609 1416 1695 1457 cum

294 1458 469 1509 Apsyrto
485 1458 680 1519 Hippiatr.
711 1470 743 1496 c
761 1461 816 1498 33
847 1471 884 1509 p.
906 1463 984 1499 113
1014 1460 1191 1499 tribuunt
1222 1459 1293 1496 καί
1315 1458 1436 1497 τοῦτο
1465 1457 1511 1496 δὲ
1541 1457 1586 1496 ἐκ
1611 1457 1694 1496 τῶν

295 1509 332 1548 Γ
330 1524 435 1560 emp)
437 1510 533 1548 ικιὸν
561 1507 768 1560 Μάγωνος
806 1511 880 1549 τοῦ
906 1511 1184 1573 Χαλκηδονίου
1223 1525 1416 1562 ευρηται,
1456 1516 1495 1551 et
1523 1510 1694 1553 merocli

292 1576 332 1615 ι).
353 1569 432 1603 116
462 1560 620 1614 Μάγων
648 1564 694 1602 δὲ
722 1561 744 1602 ὅ
773 1563 1052 1616 Χαλκηδόνιος
1082 1565 1125 1604 ἐν
1152 1568 1236 1611 τοῖς
1262 1564 1514 1616 Γεωργικοῖς.
1569 1576 1694 1618 neque

295 1617 398 1657 enim
425 1619 547 1669 Mago
569 1580 917 1668 Chalcedonensis77
940 1620 1009 1658 sed
1030 1619 1370 1672 Carthaginiensis
1396 1619 1482 1671 fuit,
1509 1620 1617 1659 cuius
1643 1620 1694 1658 de

294 1673 342 1711 R.
372 1674 420 1710 R.
451 1673 586 1722 libros,
617 1673 761 1711 Punico
791 1685 970 1711 sermone
997 1674 1177 1725 scriptoS‚
1196 1673 1357 1713 Cassius
1369 1673 1578 1722 Dionysius
1604 1673 1693 1712 Uti-

293 1726 421 1765 censis
451 1726 609 1765 Graeca
637 1726 775 1778 lingua
801 1726 921 1765 vertit
948 1727 1053 1778 apud
1078 1728 1296 1767 Varronem
1325 1727 1373 1770 R
1403 1728 1451 1767 R.
1486 1731 1509 1766 1
1535 1731 1574 1767 1.
1629 1730 1694 1766 at-

293 1791 368 1831 que
396 1779 499 1819 haud
531 1780 611 1818 scio
641 1791 691 1819 an
695 1758 832 1819 ohuius
855 1781 1046 1840 Magonis
1088 1793 1229 1820 nomen
1254 1781 1296 1820 in
1322 1780 1385 1820 his
1414 1780 1625 1846 Stephani
1633 1780 1695 1820 la-

293 1837 397 1873 teat·
425 1828 446 1869 ὅ
476 1831 638 1893 πολίτης
659 1829 968 1897 Καρχηδόνιος·
1023 1831 1311 1896 Καρχηδόνιος
1340 1827 1390 1884 ην
1417 1830 1546 1886 σοφός
1569 1831 1698 1882 μέγας

293 1900 361 1924 και
394 1883 725 1935 Κλειτόμαχος
707 1901 727 1924 ο
754 1885 994 1936 Διογνήτου.
1058 1888 1115 1927 sic
1140 1888 1311 1927 lacerum
1339 1892 1432 1928 ante
1458 1889 1586 1927 locum
1611 1887 1696 1926 Me-

293 1940 439 1992 nagius
470 1941 510 1979 in
547 1941 763 1991 Diogenem
790 1941 924 1980 Laert.
954 1944 980 1981 4
1005 1945 1058 1981 67
1099 1945 1139 1980 et
1165 1941 1372 1981 Berkelius
1399 1942 1694 1990 constituerunt,

290 1999 411 2043 recte,
441 1995 475 2033 si
503 1995 591 2045 quid
623 2007 698 2045 ego
726 1995 863 2043 vide03
894 1995 958 2046 qui
976 1995 1010 2034 si
1029 1999 1237 2046 praeterea
1254 1989 1560 2046 σοφόςΜοὶγων
1583 1995 1693 2047 (nam

291 2050 459 2087 alterum
488 2049 697 2087 tolerabile
725 2047 897 2098 nonest)
924 2049 1201 2097 correxissent,
1230 2050 1357 2088 locum
1376 2060 1438 2088 me
1452 2048 1580 2088 iudice
1602 2060 1694 2100 per-

287 2106 510 2141 sanassent.
566 2114 616 2140 ne
632 2114 725 2141 vero
753 2115 777 2141 a
800 2102 1001 2153 proposito
1030 2102 1187 2154 longius
1210 2103 1450 2151 aberremus,
1476 2102 1579 2141 idem
1595 2101 1691 2142 mihi

288 2155 427 2194 vitium
454 2155 496 2194 in
526 2155 588 2194 his
618 2155 829 2195 Strabonis
861 2156 1017 2194 videtur
1054 2157 1264 2220 admissum
1293 2160 1345 2195 13
1371 2169 1410 2208 ιι
1428 2160 1521 2205 609,
1549 2155 1615 2196 ubi
1642 2156 1692 2194 de

288 2209 518 2248 Metrodoro
548 2208 714 2273 Scepsio
754 2206 822 2246 διὰ
864 2207 910 2246 δὲ
946 2207 1018 2258 τὴν
1061 2206 1182 2254 δόξαν
1217 2209 1261 2247 ἐν
1291 2206 1531 2271 Καρχηδόνι
1558 2206 1693 2258 γάμου

284 2261 477 2311 λαμπροῦ
514 2261 633 2313 πένης
672 2257 730 2300 ὠν
755 2258 876 2312 ἔτυχε
903 2275 968 2299 και
1010 2258 1255 2314 ἑχρηματιζε
1285 2259 1586 2314 Καρχηδόνιος.
1643 2262 1693 2301 de

286 2315 536 2367 Carthagine
565 2316 668 2356 enim
698 2328 795 2356 vera
822 2329 901 2356 non
939 2317 1133 2366 videntur,
1161 2317 1351 2369 siquidem
1379 2315 1597 2356 Metrodori
1625 2327 1693 2356 ae-

283 2372 367 2408 tate
396 2370 510 2409 nulla
535 2370 623 2420 fuit,
650 2371 792 2409 dudum
825 2369 1051 2421 ascipione
1080 2372 1168 2410 solo
1194 2376 1381 2432 aequata·
1440 2370 1572 2410 dicere
1598 2382 1690 2422 ιιο5-

282 2435 347 2462 ses
373 2422 643 2463 Metrodorum
681 2436 821 2463 aevum
860 2424 1084 2464 extendisse
1121 2423 1345 2477 vixisseque
1383 2424 1508 2463 donec
1533 2436 1559 2464 a
1589 2423 1690 2464 Cae-

281 2488 374 2516 sare
402 2477 496 2516 urbs
522 2477 823 2527 instauraretur,
856 2489 908 2517 ex
931 2477 1071 2525 Plinio,
1100 2490 1126 2518 a
1148 2477 1257 2518 Scali
1289 2490 1358 2518 ero
1387 2477 1605 2524 emendato,
1634 2474 1690 2517 36

284 2535 334 2570 6:
362 2530 432 2570 hic
469 2541 643 2584 namque
681 2535 748 2571 est
780 2529 1003 2572 Mamurra
1032 2509 1195 2572 Catulli
1237 2490 1493 2573 ἧνοηεηείε
1530 2532 1689 2571 carmi-

283 2582 404 2624 nibus
484 2587 729 2634 roscissas,
783 2596 902 2639 quem
954 2583 1228 2627 Metrodorus
1274 2584 1485 2638 Scepsius
1525 2583 1690 2625 clarius

282 2649 404 2693 quam
435 2595 498 2680 Lea
500 2637 631 2680 talla-5
669 2597 809 2680 dixitq
821 2637 1001 2691 habere,
1042 2638 1241 2694 quidquid
1267 2638 1484 2680 habuisset
1509 2636 1687 2681 Comata
