1780 3132
331 143 385 184 1N
422 142 787 185 SYNCEDEMUM
821 136 1258 183 COMMENTARIUS.
1413 127 1508 176 457

78 261 283 316 Ἀπικίου,
310 270 355 306 ut
381 267 409 307 l.
443 270 495 307 10
523 280 560 319 p.
577 269 678 317 577,
720 265 825 319 quod
866 277 917 306 ex
940 256 1152 314 ”onqvog
1190 262 1278 302 sive
1295 253 1511 306 Ἀσκανος

84 325 218 363 numm
246 320 375 361 videri
400 323 577 362 locorum
604 321 879 373 nominumque
916 318 1135 360 similitudo
1163 315 1380 358 dissuadet.

190 399 284 446 394,
303 401 367 439 19.
398 396 532 448 Σίται]
549 411 684 439 verum
711 397 823 438 urbis
843 409 986 438 nomen
1003 394 1107 449 quod
1121 394 1242 434 fuerit
1262 392 1420 434 dubium
1437 395 1510 432 est.

80 451 323 493 Vaillantius
345 466 484 493 numos
510 451 750 493 CAETQN
780 452 822 492 in
855 451 1000 492 Graec.
1020 451 1140 502 impp.
1165 450 1277 490 Num.
1297 462 1334 501 p.
1353 452 1408 489 36
1437 447 1523 500 buc-

81 507 231 557 retulit,
260 508 330 547 sed
358 520 592 560 perperam:
619 513 713 548 sunt
740 507 841 547 enim
860 505 1214 554 Samosatensium‚
1245 508 1290 544 ut
1315 515 1366 543 ex
1386 502 1514 542 numis

81 562 285 602 Thesauri
301 561 520 603 Britannici
548 577 586 615 p.
604 566 683 603 211
706 566 798 602 tom.
819 566 846 601 2
876 565 1057 614 apparet.
1086 559 1234 599 rectius
1260 555 1512 597 CAITTH-

84 614 215 657 ΝΩΝ
239 628 378 657 numos
395 617 510 658 buius
526 617 637 658 urbis
656 617 798 658 incolis
814 617 1041 657 Harduinus
1055 614 1204 655 tribuit.
1234 613 1372 667 itaque
1392 609 1514 650 Σαΐτ-

80 684 151 710 παι
179 675 330 712 rectum
345 672 433 722 erit,
448 685 473 713 a
495 684 572 725 quo
596 685 676 712 non
703 672 826 724 longe
845 672 960 712 abest
985 669 1202 710 Ptolemaei
1231 681 1254 708 e
1279 681 1360 709 mss
1381 666 1511 707 Palat.

84 721 253 776 Σάπαι,
282 738 357 778 pro
389 739 466 780 quo
493 726 619 765 Σέται
651 726 920 768 Coislinianns
948 725 1088 766 codex.
1117 724 1160 764 in
1186 723 1300 764 Actis
1326 721 1515 762 concilio-

83 791 172 820 rum
198 781 315 820 modo
345 780 481 820 Σεταῖν
518 778 659 829 πόλις,
699 786 743 821 ut
769 782 944 822 Nicaeno
988 779 1162 820 secundo
1203 792 1242 831 p.
1262 780 1366 828 591,
1396 776 1514 817 modo

82 833 216 873 §.ambe
248 831 368 881 πόλις
392 834 597 886 succollat,-
621 835 802 888 Λυδίας,
830 836 945 877 sicuti
974 835 1182 876 Constant.
1210 834 1331 874 tertio
1360 846 1398 884 p·
1418 834 1514 880 502,

81 888 200 928 modo
227 888 395 929 Σεπτιὸν
423 885 554 940 πόλις,
585 903 662 943 quo
690 891 809 931 modo
833 891 874 931 in
885 890 1126 931 Chalcedon.
1155 892 1304 941 p.666‚
1332 899 1407 940 pro
1436 898 1515 940 qua

82 955 123 996 ρ.
139 947 194 984 97
219 942 397 997 Serra»,
425 947 560 998 p.527
587 944 750 984 Σὲλλων
775 950 816 986 et
843 941 1006 996 Σεύγων
1033 958 1072 997 p.
1090 947 1184 985 399.

194 1027 305 1072 lbid.
362 1029 572 1081 Μαιονία]
614 1032 696 1073 sita
732 1031 807 1072 fuit
835 1031 875 1073 in
916 1031 1051 1072 radice
1079 1030 1226 1077 Tmoli,
1253 1033 1357 1070 teste
1383 1026 1515 1068 Plinio

82 1085 112 1126 5
135 1081 202 1126 2'9.
234 1082 558 1132 Μαιονιτόπολις
585 1086 656 1137 τῆς
684 1086 842 1126 Λυδῶν
869 1084 1074 1136 ἐπαρχίας
1103 1086 1143 1126 in
1154 1085 1362 1126 Constant.
1393 1082 1515 1124 tertio

82 1152 123 1193 p.
140 1142 235 1180 668.
294 1140 458 1179 Μιονιά
485 1141 674 1181 mendose
702 1142 743 1182 in
758 1142 934 1183 Nicaeno
962 1140 1134 1181 secundo
1164 1154 1203 1193 p.
1221 1142 1315 1181 591.
1348 1149 1516 1193 sequen-

83 1199 164 1235 tem
191 1194 332 1247 legere
360 1207 440 1235 non
466 1197 638 1237 memini.

192 1269 301 1313 Ibid„
332 1274 399 1312 20.
461 1267 663 1324 Τράλλης]
693 1269 839 1324 Δάλδη
877 1273 1012 1326 potior
1045 1272 1142 1323 erit,
1169 1271 1279 1311 cuius
1307 1270 1517 1323 episcopus

83 1326 255 1367 loannes
297 1323 464 1377 Δάλὸης
493 1327 669 1368 Nieaeno
707 1328 879 1368 secundo
918 1327 1146 1377 subscribit,
1175 1331 1215 1366 et
1242 1325 1445 1378 Ephesino
1474 1337 1514 1376 p.

82 1383 179 1431 5:35,
209 1392 448 1434 quamquam
475 1393 615 1434 prave,
639 1381 711 1434 τῆς
740 1380 907 1427 Λυδίας
926 1379 1160 1432 Δαρδάνης.
1217 1392 1375 1421 numum
1402 1379 1515 1418 Δαλ-

83 1433 239 1473 διανῶν
267 1435 388 1476 Thes.
429 1435 584 1477 Britan.
624 1441 718 1477 tom.
745 1441 772 1477 2
808 1450 847 1489 p.
878 1439 958 1476 104
1003 1437 1050 1477 N.
1089 1436 1281 1485 Haymius
1323 1434 1516 1483 inseruit3

83 1489 152 1544 qui
179 1490 271 1531 dum
298 1490 492 1532 adscribit
537 1504 733 1545 nusquam
773 1503 860 1532 eam
903 1491 981 1531 nisi
1010 1491 1051 1531 in
1079 1491 1209 1532 Suida
1235 1489 1419 1542 reperiri,
1446 1500 1521 1528 usu

83 1548 262 1585 veterum
285 1545 527 1598 scriptorum
567 1559 707 1599 parum
737 1558 781 1586 se
820 1546 1057 1586 instructum
1088 1546 1234 1599 prodit.
1290 1544 1464 1585 Carolus
1493 1555 1521 1583 a

83 1598 131 1640 S.
155 1599 297 1640 Paullo
325 1597 486 1642 Daldis
525 1601 654 1654 inquit
681 1599 847 1642 Suidae
886 1602 931 1642 in
960 1613 1066 1641 voce
1104 1598 1418 1649 Artemidorus,
1447 1599 1520 1652 qui

83 1652 196 1695 hanc
233 1651 378 1695 urbem
403 1655 622 1697 MYSSEN
664 1655 718 1696 ab
766 1654 925 1697 incolis
952 1655 1113 1696 dictam
1139 1656 1350 1707 scripsit3
1380 1653 1521 1706 quibus

85 1707 249 1761 gemina
275 1708 373 1749 Abr.
404 1710 580 1750 Ortelius
624 1710 666 1750 in
694 1710 894 1751 Thesauri
932 1710 995 1750 sui
1031 1711 1188 1750 Dalden
1218 1713 1518 1749 commentatur.

87 1767 298 1816 utrumque
325 1763 602 1804 Artemidorus
618 1796 628 1815 ,
658 1770 846 1817 quantum
888 1777 913 1805 a
942 1777 1041 1804 vero
1070 1777 1119 1805 ea
1149 1763 1295 1813 absint,
1324 1763 1359 1802 si
1383 1761 1519 1814 patrio

86 1829 271 1862 sermone
307 1818 536 1871 loquentem
576 1819 716 1859 audire
755 1818 1003 1869 voluissent,
1030 1819 1231 1859 docuisset
1259 1817 1466 1858 Oneirocr.
1493 1819 1522 1855 2

84 1884 123 1911 c.
152 1872 224 1912 ult.
254 1868 376 1910 ου’δὲν
404 1866 479 1910 οὖν
509 1869 758 1922 θαυμαστὸν
787 1871 832 1911 ἐν
862 1871 1026 1927 Δαλδίᾳ
1053 1869 1306 1923 Ἀπόλλωνα,
1337 1865 1385 1910 ὃν
1414 1869 1522 1910 MT.

84 1925 254 1965 §.THN
286 1926 493 1976 καλοῦμεν
532 1925 650 1978 ἡμεῖς
680 1922 856 1981 πατρῴῳ
886 1924 1077 1978 ὀνόματι,
1105 1925 1238 1967 ταῦτά
1266 1939 1319 1975 με
1346 1924 1523 1977 προτρέ-

83 1981 268 2030 ψασθαι.
324 1981 621 2023 intellexissent
659 1982 887 2035 Apollinem
916 1983 1075 2031 Mysten
1104 1995 1130 2023 a
1158 1981 1369 2023 Daldianis
1395 1981 1522 2020 fnisse

83 2035 246 2086 cultum,
274 2048 348 2076 nec
374 2049 547 2090 unquam
578 2038 766 2078 Daldiam
793 2049 840 2076 eo
877 2037 1035 2077 nomine
1063 2037 1201 2078 fuisse.
1257 2040 1347 2077 erat
1372 2035 1523 2076 Daldia

85 2089 238 2139 Lydiae
266 2103 341 2132 nec
367 2104 557 2144 magnum
584 2104 715 2146 neque
742 2092 1000 2133 memorabile
1030 2091 1239 2145 oppidum:
1267 2088 1431 2130 Δαλδιά
1461 2086 1521 2140 δέ,

84 2143 214 2186 verba
241 2145 420 2188 eiusdem
434 2147 678 2188 Artemidori
708 2147 843 2187 Oneir.
858 2151 886 2188 3
913 2159 946 2186 c.
976 2147 1047 2188 ult.
1078 2151 1184 2196 sunt,
1211 2142 1392 2194 πόλισμα
1419 2146 1520 2183 Λυ-

83 2196 179 2243 δίας
207 2197 280 2237 καί
307 2197 357 2237 οὕ
385 2196 554 2252 σφόδρα
587 2197 813 2251 ἐλλόγιμον.
884 2214 987 2254 quae
1015 2201 1092 2242 etsi
1121 2201 1226 2242 haud
1254 2201 1360 2241 male
1384 2199 1524 2251 dispu÷

84 2256 176 2293 tata
203 2253 331 2295 videri
362 2260 520 2309 queant,
553 2257 730 2296 fortasse
746 2255 868 2296 tutius
901 2257 979 2297 erit
1005 2251 1192 2308 Τράλλην
1217 2255 1414 2296 retineret
1442 2254 1521 2293 hoc

83 2307 189 2348 enim
215 2307 373 2349 nomine
400 2310 539 2351 urbem
564 2323 592 2352 a
619 2311 828 2351 Trallibus
856 2311 1058 2352 diversam
1091 2316 1130 2352 et
1156 2310 1333 2351 Notitiae
1360 2312 1520 2349 veteres

84 2365 128 2402 et
167 2363 423 2405 conciliorum
462 2365 566 2406 Acta
602 2371 841 2419 agnoscunt.
906 2366 966 2406 ita
997 2366 1299 2418 constantinop.
1342 2363 1519 2405 secundo

83 2430 124 2470 p.
141 2418 223 2457 243
255 2417 427 2459 Uranius
466 2420 676 2472 episcopus
712 2421 995 2462 Trallenorum
1034 2421 1211 2462 civitatis
1238 2420 1393 2470 Lydiae
1424 2431 1520 2471 pro-

84 2471 254 2522 vinciae,
284 2477 324 2511 et
350 2474 528 2515 Nicaeno
557 2475 731 2515 secundo
756 2488 794 2527 p.
814 2477 865 2515 51
894 2476 1068 2516 Michael
1085 2472 1273 2526 Τράλλης
1301 2476 1410 2516 inter
1438 2474 1520 2523 lay-

83 2525 179 2566 diae
205 2527 424 2580 episcopos,
454 2542 540 2570 cum
568 2530 705 2582 paullo
735 2534 830 2570 ante
859 2530 1183 2584 Theophylactus
1212 2527 1433 2582 Τραλλέων
1458 2528 1521 2569 in-

84 2585 147 2622 ter
163 2580 338 2622 Asianos
365 2595 508 2625 nomen
536 2588 642 2624 esset
666 2585 883 2637 professus,
912 2585 1138 2628 subscribit.

194 2667 303 2712 lbid.
359 2667 715 2726 Λυ’ρηλιοὺπολις]
757 2673 990 2715 Theodotus
1030 2668 1409 2728 Αὕρηλιουηόλεως
1450 2672 1521 2723 τῆς
