1780 3132
285 128 378 194 416
816 147 1159 189 wassssmNGn

391 267 485 311 391,
513 266 576 301 19.
648 257 888 309 Εὗστράϊον]
927 271 1004 298 non
1042 258 1160 298 aliter
1188 256 1479 297 Constantinus.
1534 246 1682 302 rectum

287 329 383 410 32th
404 313 634 365 Αἴστραιον
662 314 908 353 Ptolemaeus
929 317 968 351 et
987 312 1267 351 Aestraeenses
1282 311 1397 351 Plinii
1425 314 1451 351 4
1472 315 1523 352 10
1550 315 1683 352 osten-

394 431 499 473 [hid.
531 430 779 481 Πελαγονιά]
806 442 885 471 non
912 430 1032 478 urbis,
1056 428 1157 480 quod
1175 428 1267 468 olim
1294 427 1497 479 opinabar,
1525 428 1595 468 sed
1620 440 1686 467 re-

287 487 417 539 gionis
445 490 505 524 est
533 497 683 524 nomen.
715 485 788 524 fuit
815 484 947 536 utique
967 496 1013 522 eo
1028 482 1183 522 nomine
1214 482 1407 533 oppidum,
1436 481 1505 520 sed
1532 481 1583 522 ab
1604 481 1685 521 He·

287 542 422 580 raclea
458 538 723 591 Pelagoniae,
761 550 875 590 quam
910 538 952 577 in
979 536 1212 577 Macedonia
1245 535 1373 588 prima
1400 535 1576 584 vidimus,
1603 547 1684 575 non

287 595 497 633 diversum.
550 592 727 645 regionis
754 592 901 632 Strabo
929 591 1077 644 Plinius
1087 590 1332 630 Ptolemaeus
1361 593 1479 642 atque
1505 589 1578 629 alii
1602 601 1683 629 me-

288 648 494 687 minerunt.

394 699 501 741 Ibid.
555 695 772 750 Βὰργαλα]
809 711 888 740 ιιοιι
917 699 999 739 alia
1026 698 1182 738 videtur
1221 710 1269 737 ac
1294 696 1399 736 Livii
1426 699 1480 735 29
1509 698 1562 734 12
1584 693 1684 735 Bar-

290 755 435 806 gulurn,
464 756 634 794 fortasse
669 753 760 792 hinc
794 753 1078 793 adiuvandum:
1112 750 1340 802 conspirant
1375 749 1476 788 enim
1504 748 1546 789 in
1575 747 1684 797 urbis

288 809 443 848 nomine
480 820 586 855 mss,
624 819 696 846 nec
737 806 845 847 aliud
874 803 1104 855 Δαρδάνιος
1139 798 1389 854 Βαργάλων,
1427 802 1494 854 qui
1519 801 1686 845 concilio

289 861 602 902 Chalcedonensi
625 873 663 912 p.
683 863 762 900 402
781 860 1022 911 subscripsit,
1049 858 1227 910 requirit.
1282 857 1506 909 appellatur
1531 855 1684 908 quidem

289 930 327 968 p.
356 921 435 955 100
476 915 679 967 episcopus
719 912 923 964 Βαργάων
950 917 990 952 et
1015 925 1054 964 p.
1082 916 1161 952 671
1190 909 1386 960 Παρλαᾶ,
1426 910 1496 949 sed
1523 909 1686 962 quisque

290 970 399 1010 videt
437 982 488 1009 ex
514 974 651 1008 nostro
688 980 735 1008 ea
763 980 850 1007 esse
872 967 1113 1018 depravata,
1155 963 1388 1018 praesertim
1417 975 1502 1003 cum
1528 965 1686 1003 vetusta

291 1023 421 1064 versio
449 1022 691 1063 Dardanium
718 1022 940 1074 episcopum
969 1021 1170 1072 Bargalae
1204 1018 1424 1070 posteriore
1453 1017 1540 1056 loco
1565 1027 1685 1068 prae-

289 1080 407 1118 ferat.
438 1076 616 1129 peccavit
643 1088 741 1128 ergo
761 1075 804 1116 C.
831 1087 858 1115 a
884 1074 927 1115 S.
947 1075 1085 1114 Paullo
1114 1078 1194 1112 tum
1222 1072 1325 1124 quod
1353 1071 1444 1110 huic
1467 1070 1558 1110 urbi
1582 1070 1687 1109 iuter

292 1131 568 1171 Macedonicas
595 1130 724 1169 locum
742 1128 964 1180 negaverit,
991 1133 1072 1167 tum
1091 1131 1299 1179 praeterea
1325 1125 1429 1177 quod
1446 1123 1687 1163 Dardanium

290 1185 530 1238 Bargyliae‚
559 1183 703 1223 Cariae
731 1183 841 1233 urbi,
865 1182 1107 1234 praesulem,
1134 1191 1247 1232 quem
1273 1179 1440 1218 loannes
1466 1189 1560 1228 pars
1582 1177 1689 1216 eius-

290 1241 378 1279 dem
407 1238 562 1279 concilii
591 1238 836 1290 eiusdemque
873 1235 1007 1288 oppidi
1044 1235 1250 1287 episcopus
1295 1245 1375 1273 non
1399 1230 1545 1285 poterit
1570 1232 1689 1279 ferre,

292 1293 457 1333 dederit.
1764 1283 1765 1286 ’

396 1356 503 1398 Ιῦἱά.
582 1353 867 1401 Κελαινίδιον]
917 1353 993 1393 hoc
1042 1365 1094 1392 ex
1133 1350 1391 1392 Constantino
1432 1348 1690 1402 praeoptavi,

295 1411 388 1451 licet
414 1411 659 1450 verissimum
695 1421 782 1448 esse
821 1420 895 1459 pro
924 1411 1124 1458 comperto
1162 1418 1241 1444 non
1275 1404 1466 1444 habeamt
1493 1403 1569 1443 imo
1597 1414 1692 1443 vero

292 1465 491 1505 Celetrum
532 1475 640 1512 esse,
686 1461 791 1515 quod
833 1461 874 1501 in
903 1461 1082 1500 Orestide
1107 1460 1272 1511 regione
1301 1458 1436 1499 Livius
1464 1461 1515 1498 :31
1543 1459 1596 1497 40
1624 1456 1694 1495 de-

291 1519 440 1566 scribit,
469 1518 686 1557 credidero.

400 1582 507 1625 Ibid.
528 1587 592 1623 20.
644 1578 871 1631 “Αρμονιά]
903 1590 1091 1631 nusquam
1120 1578 1224 1618 hanc
1249 1578 1386 1629 legere
1411 1575 1579 1615 memini.
1634 1576 1695 1613 est

292 1639 335 1679 in
361 1637 521 1687 Illyrico
554 1634 703 1684 τύμβος
735 1631 964 1683 εΑεηιιονιής
1000 1633 1105 1684 apud
1132 1632 1358 1681 Dionysium
1386 1630 1582 1682 Perieges.
1613 1631 1692 1668 :391

294 1697 334 1731 et
362 1692 474 1740 alios,
503 1691 609 1730 cuius
636 1693 767 1728 tamen
793 1687 856 1726 hic
882 1687 986 1726 ratio
1014 1698 1100 1725 esse
1127 1686 1272 1738 nequit.
1301 1685 1456 1724 videtur
1481 1686 1532 1724 ab
1559 1682 1707 1722 eadem

294 1745 509 1787 Harmonia
535 1744 620 1783 sive
648 1742 832 1794 oppidum
859 1752 928 1780 seu
956 1740 1162 1780 castellum
1190 1740 1231 1779 id
1258 1738 1424 1778 nominis
1454 1737 1665 1788 accepisse.

399 1809 504 1851 lbid.
574 1802 768 1854 Ζᾰπαρα]
816 1804 906 1844 huic
942 1805 1032 1845 urbi
1079 1804 1281 1856 episcopus
1330 1803 1405 1843 fuit
1445 1801 1696 1851 Sabinianus,

297 1877 409 1917 quem
436 1862 641 1903 concilium
676 1859 1150 1910 Constantinopolitanum
1187 1858 1396 1897 secundum
1430 1856 1575 1896 Collat.
1605 1858 1632 1894 2
1655 1867 1696 1906 p.

296 1924 350 1959 28
381 1919 615 1970 Zaparenae
645 1914 817 1954 civitatis
844 1914 1096 1962 Illyricianae
1135 1912 1350 1962 dioecesis,
1377 1915 1422 1950 ut
1449 1911 1493 1950 L.
1522 1909 1696 1948 Holstei-

298 1974 384 2012 nius
424 1972 566 2011 dudum
593 1969 771 2015 monuit,
797 1968 989 2019 appellat.
1054 1967 1188 2006 eodem
1215 1966 1414 2017 pertinere
1443 1965 1593 2003 diceres
1619 1962 1698 2011 Cy-

296 2028 447 2068 riacum
478 2026 700 2076 episcopum
729 2019 938 2070 Ζυπάρων
967 2033 1018 2060 ex
1042 2020 1153 2059 Actis
1180 2019 1334 2059 concilii
1351 2017 1514 2058 Nicaeni
1537 2015 1697 2056 secundi

297 2095 336 2134 p.
360 2084 463 2131 349,
493 2079 570 2119 nisi
607 2077 916 2127 Drizuparorum
944 2069 1242 2125 Δριζουπᾰρων
1279 2073 1368 2113 urbi
1405 2071 1624 2124 praefuisse
1648 2081 1700 2111 ex

298 2149 336 2187 p.
365 2138 446 2174 588
475 2133 656 2186 liqueret.

406 2197 512 2239 lbid.
543 2202 607 2238 22.
677 2193 829 2245 Θῆβαι]
876 2193 1038 2234 Thebae
1071 2196 1162 2232 sunt
1200 2190 1460 2240 Phthiotioee,
1501 2193 1544 2229 ut
1571 2187 1700 2238 Livio,

300 2253 386 2293 sive
414 2252 683 2300 Thessalicae,
710 2253 755 2289 ut
781 2248 907 2288 Plinio
945 2247 1138 2287 dicuntur.

412 2315 517 2357 lbid.
571 2315 784 2365 Ἐχιναῑος]
813 2314 870 2353 ita
911 2324 962 2352 ex
987 2311 1247 2352 Constantino
1273 2313 1453 2362 praestat
1479 2307 1528 2347 ob
1557 2307 1703 2346 Proco-

301 2371 354 2423 pii
389 2371 507 2410 Fabr.
537 2372 563 2409 4
599 2374 628 2409 3
668 2379 909 2408 consensum.
981 2366 1213 2405 Theodorus
1254 2365 1458 2416 episcopus
1487 2356 1701 2410 Ἐχιναίου

302 2422 457 2469 πόλεως
487 2421 688 2473 ἐπαρχίας
720 2420 946 2466 Θεσσαλίας
974 2424 1034 2460 est
1063 2420 1104 2459 in
1132 2419 1297 2459 concilio
1327 2419 1470 2469 Ephes.
1498 2428 1537 2467 p.
1556 2418 1632 2454 461
1662 2418 1702 2453 et

302 2479 442 2517 Petrus
471 2474 680 2526 Ἐχιναίου
711 2476 753 2516 in
779 2474 1016 2515 Chalcedon.
1046 2487 1084 2526 p.
1109 2478 1198 2514 101.
1253 2485 1333 2513 non
1358 2471 1440 2512 alia
1465 2482 1512 2510 ac
1534 2468 1702 2508 Echieus

304 2532 474 2571 videtur.

411 2584 516 2626 llud.
562 2578 742 2631 ‘'Ynara]
787 2583 945 2624 additur
981 2582 1031 2622 ab
1060 2581 1175 2621 editis
1211 2584 1250 2620 et
1274 2592 1391 2619 manu
1425 2575 1600 2617 exaratis
1625 2587 1730 2623 μη-,

306 2636 504 2691 rodum-cc,
531 2639 613 2679 acsi
638 2639 798 2689 Hypata
828 2637 1061 2678 Thessaliae
1088 2639 1204 2687 caput
1236 2638 1275 2674 et
1300 2631 1527 2684 metropolis
1554 2629 1703 2670 fuisset.
