1780 3132
230 159 284 199 ΙΝ
334 156 692 200 CONSTANTiNl
718 156 916 200 PORPH.
956 157 1027 196 DE
1065 157 1227 196 THEM.
1272 156 1317 194 L.
1349 157 1400 195 ll.
1444 150 1538 195 293

208 273 276 322 Δῖ,
297 274 362 313 15.
397 272 582 312 'l'rosmis
611 272 761 312 dicitur
793 276 832 311 et
849 270 1066 317 Antonino,
1096 269 1162 322 qui
1190 269 1392 321 legionem
1424 272 1446 308 1
1479 269 1543 308 lo-

99 325 207 367 viam
228 325 461 377 scythicam
492 328 689 379 adiungit,
723 340 809 367 cum
826 326 1004 367 Notitiae
1032 325 1138 365 liber
1164 324 1366 378 legionem
1392 328 1419 364 2
1445 324 1547 364 Her·

97 381 285 422 culanam
315 381 352 422 ei
384 382 551 423 tribuat.
608 383 838 423 Ptolemaeo
876 378 1054 432 Τρισμῖς
1080 381 1313 433 appellatur
1339 379 1546 420 inferioris

96 436 254 487 Mysiae
281 437 483 489 oppidum.
540 437 653 477 Mon.

207 499 317 542 Ibid.
349 506 415 543 16.
473 502 699 552 Halmyris,
738 500 870 553 inquit
898 501 1119 551 Metellus,
1159 500 1253 554 quin
1283 501 1422 541 eadem
1449 500 1551 541 civi-

100 560 167 596 tas
194 556 249 596 sit
279 560 400 609 atque
432 557 712 607 Halmydissus
750 556 886 596 Melae
923 561 964 595 et
996 556 1153 606 Plinio,
1183 568 1231 595 ac
1257 550 1553 604 Σαλμυδισσός

98 611 383 664 Xenophonti,
415 617 457 653 et
484 611 740 653 Salmoduris
769 610 999 662 Antonino,
1042 623 1123 650 non
1145 614 1206 650 est
1235 611 1338 664 quod
1369 606 1552 662 ἐπιεικὴς

97 666 276 770 ᾶηὴηὲἓ,
305 725 345 762 3.
405 714 462 767 ὥς
490 733 618 773 φησιν
643 715 856 783 (Ησαόδοῇ
887 732 1030 760 versus
1060 733 1159 773 quos
1187 720 1252 760 hic
1279 721 1422 761 laudat
1452 719 1552 760 scri-

98 779 193 828 ptor
219 780 358 816 noster
385 781 578 829 tanquam
610 775 797 827 Hesiodi,
824 787 867 815 ln
906 776 1095 828 operibus
1122 787 1225 829 quae
1251 779 1440 828 prostant
1468 775 1553 815 eius

96 834 243 883 poetae
273 844 355 871 non
380 831 651 884 reperiuntur.

208 894 319 938 Ibid.
350 899 391 936 7.
450 892 592 945 {sylam
619 890 779 949 πρώτῃ]
812 895 1188 948 Porphyrogenitus
1223 896 1335 936 infra
1378 895 1556 936 themate

97 950 251 991 decimo
280 951 423 992 laudat
452 951 651 1003 Stephani
683 951 958 1003 grammatici,
986 951 1062 991 hoc
1098 956 1160 990 est
1180 950 1384 1001 Byzantii,
1412 952 1557 1002 locum,

97 1006 165 1059 qui
187 1006 230 1046 in
245 1006 434 1059 Epitome
464 1018 567 1059 quae
596 1011 781 1058 superest
810 1007 984 1046 eiusdem
1005 1006 1203 1058 Stephani
1235 1019 1316 1046 non
1333 1006 1557 1059 reperitur3

67 1082 71 1087 ,
97 1060 329 1113 Stephanus
370 1065 504 1101 autem
532 1061 588 1101 ibi
615 1061 789 1113 loquens
819 1062 869 1101 de
903 1061 1045 1102 Sicilia
1086 1061 1185 1101 citat
1205 1062 1457 1102 Hellanicum
1487 1060 1558 1108 sir,

97 1109 156 1160 ὥς
195 1128 324 1167 φησιν
342 1109 579 1161 Ἑλλάνικος
619 1111 784 1164 ἱερειῶν
823 1115 898 1167 τῆς
930 1111 1068 1164 ‘'Hpag
1105 1111 1156 1165 β’.
1234 1117 1383 1169 passim
1427 1121 1559 1157 autem

97 1170 334 1211 Hellanicus
364 1183 390 1210 a
419 1170 629 1223 Stephano
660 1170 823 1211 citatur.
895 1171 986 1210 vide
1025 1171 1076 1210 de
1107 1171 1183 1210 hoc
1225 1171 1426 1224 scriptore
1455 1172 1558 1212 Vos-

97 1225 200 1266 sium
232 1225 282 1264 de
312 1225 520 1265 historicis
550 1225 721 1265 Graecis
750 1238 789 1277 p.
816 1229 856 1273 8,
883 1229 964 1265 440
995 1230 1035 1264 et
1063 1237 1178 1278 seqq.

206 1277 319 1321 Ibid.
349 1284 390 1320 9.
450 1280 614 1331 λέγεται
643 1278 690 1318 δὲ
718 1278 792 1317 καί
818 1278 1108 1332 Μακεδονίας]
1140 1281 1203 1320 his
1234 1280 1385 1321 similia
1413 1293 1561 1334 prope-

96 1335 257 1376 modum
289 1339 483 1375 notantur
513 1335 566 1376 ab
594 1334 808 1387 Hesychio‚
838 1339 878 1374 et
906 1335 957 1375 ab
979 1335 1195 1375 Eustathio
1222 1336 1264 1376 in
1277 1336 1459 1385 Dionysii
1490 1349 1561 1373 πε-

96 1388 300 1441 mmmm?
343 1403 382 1430 v.
426 1393 520 1431 42⁷.
592 1389 754 1431 Gellius
808 1390 902 1430 item
943 1391 990 1430 N.
1034 1390 1117 1431 Att.
1157 1395 1185 1431 9
1224 1395 1272 1431 3:
1329 1389 1561 1445 Philippus

96 1441 319 1498 Amyntae,
354 1449 502 1486 terrae
525 1442 750 1486 Mac-etiae
778 1456 877 1496 rex,
912 1447 1038 1485 cuius
1069 1448 1230 1486 virtute
1258 1445 1560 1501 industriaque

95 1497 304 1542 Macetae
344 1499 695 1554 locupletissimo
727 1501 910 1552 imperio
956 1502 1076 1541 aucti
1102 1503 1292 1554 gentium
1320 1504 1558 1542 nationum-

94 1566 176 1609 que
226 1553 458 1596 multarum
500 1557 636 1608 potiri
673 1559 923 1606 coeperunt.
993 1555 1196 1596 Ausonius
1239 1556 1290 1596 de
1333 1558 1432 1598 clar.
1465 1558 1556 1597 urb.

94 1622 180 1650 car.
211 1613 260 1650 2:
290 1614 334 1650 et
357 1622 435 1651 vos
463 1612 525 1651 ite
553 1621 687 1664 pares
711 1608 1018 1665 Macetumque
1050 1610 1243 1652 attollite
1285 1624 1447 1653 nomen.
1506 1613 1556 1652 de

93 1665 172 1704 situ
203 1668 337 1705 autem
369 1666 636 1705 Macedoniae
668 1670 707 1705 et
738 1666 873 1717 prisca
887 1667 1154 1707 Macedonum
1184 1667 1348 1719 origine
1377 1667 1555 1707 Marcia-

93 1731 170 1758 nus
185 1719 346 1760 Heracl.
378 1719 660 1770 περιηγήσεως
687 1732 726 1761 v.
746 1724 829 1760 617
863 1721 923 1761 ita
956 1722 1089 1762 canit:
1121 1718 1228 1771 ὑπὲρ
1255 1717 1308 1759 τὰ
1343 1722 1487 1773 Τέμπη
1518 1721 1557 1759 ὁ·

93 1768 207 1811 ἔστιν
236 1770 258 1824 ἦ
286 1773 368 1812 τῶν
382 1772 645 1812 ῘΡΙακεδόνων
670 1769 793 1825 χώρα
812 1771 911 1827 περὶ
925 1771 996 1813 τὸν
1014 1769 1227 1824 γΟλυμπον
1252 1769 1346 1827 ἑξῆς
1375 1777 1556 1828 κειμένη,

92 1819 144 1879 ἧς
175 1841 309 1880 φασιν
338 1828 587 1878 βασιλεῦσαι
617 1823 874 1875 Μακεδόνας
902 1833 1098 1881 γηγενεῖς.
1128 1832 1238 1872 Mon.

203 1891 313 1935 lbid.
346 1898 413 1935 10.
483 1896 673 1944 Marsyas
702 1895 890 1935 Pellaeus
932 1900 1099 1948 praeter
1141 1896 1226 1937 alia
1254 1896 1383 1938 libros
1414 1897 1551 1939 decem

92 1959 228 1989 rerum
261 1949 614 1990 Macedonicarum
643 1950 780 2000 edidit,
808 1955 852 1990 ut
881 1951 1025 1991 scribit
1055 1951 1217 1992 Suidas.

201 2001 311 2046 Ibid.
335 2008 400 2044 11.
454 2001 703 2055 Ἠρέστειαν
731 2005 776 2045 Β.
823 2017 963 2046 verum
980 2006 1143 2047 Eristea
1164 2004 1247 2043 ποῦ
1262 2007 1425 2046 uertat?
1456 2019 1548 2048 num
1626 2000 1629 2004 ⁴

91 2063 323 2111 praestaret
360 2056 572 2110 Ἐρέτριαν
608 2061 837 2111 reponere—2
916 2061 1081 2102 Eretria
1109 2061 1338 2111 Thucydidi
1379 2062 1549 2111 Polybio

15 2139 18 2140 ν
91 2113 287 2154 Straboni
326 2114 424 2154 urbs
471 2127 554 2155 non
601 2115 687 2155 alia
726 2115 778 2155 ab
821 2116 1016 2166 Eretriis,
1067 2129 1170 2169 quas
1210 2117 1465 2157 Ptolemaeus
1505 2118 1548 2158 in

91 2167 322 2209 Phthiotide
356 2174 561 2219 recenset;
604 2182 679 2209 nec
719 2171 861 2223 procul
903 2171 1029 2211 distat
1068 2184 1095 2212 a
1124 2171 1302 2213 Maliaco
1339 2173 1440 2223 sinu,
1480 2173 1548 2225 qui

91 2222 369 2265 Macedoniam
412 2224 542 2265 alluit.
574 2226 685 2265 Mon.
756 2229 800 2265 at
843 2226 930 2278 ipse
967 2231 1063 2279 puto
1103 2226 1170 2267 hic
1209 2239 1284 2280 pro
1310 2223 1548 2276 Ἠριστειάν

90 2289 161 2318 seu
206 2276 444 2328 Ἠρεστείαν
482 2279 698 2332 legendum
741 2281 931 2320 fortassis
989 2294 1078 2321 esse
1115 2278 1356 2331 Ἠμαθίανε
1399 2283 1548 2335 quippe

91 2332 209 2386 regio
235 2332 311 2374 illa
326 2331 528 2374 Emathia
557 2339 681 2375 antea
712 2335 936 2386 dicebatur,
964 2341 1009 2376 ut
1040 2340 1102 2377 est
1133 2338 1239 2390 apud
1257 2337 1430 2378 Plinium
1443 2339 1549 2378 Tro-

90 2399 186 2440 gum
214 2391 258 2428 et.
281 2388 388 2429 alios
413 2389 646 2442 scriptores.

199 2450 312 2494 Ibtd.
345 2457 410 2495 13.
471 2450 728 2507 Κλείδημος]
787 2459 831 2496 at
856 2469 937 2496 non
960 2456 1176 2508 Clidemus,
1204 2459 1276 2498 sed
1298 2457 1548 2500 clitodemus

91 2507 242 2548 citatur
268 2520 295 2549 a
323 2509 526 2550 Pausania
555 2511 597 2551 in
627 2510 811 2551 Phocicis
857 2515 1047 2565 tanquam
1079 2514 1379 2568 antiquissimus
1409 2527 1546 2556 eorum

91 2561 158 2615 qui
198 2574 268 2603 res
294 2563 453 2604 Atticas
492 2566 832 2617 conscripserunt.
900 2567 951 2607 ab
992 2568 1317 2621 Harpocratione
1362 2582 1462 2610 vero
1505 2571 1547 2611 in

93 2615 411 2656 Msacaeus'nnewv
454 2619 658 2660 Clidemus
701 2621 893 2662 laudatur
931 2626 1122 2676 tanquam
1151 2637 1286 2664 rerum
1317 2624 1547 2666 Atticarum

91 2671 291 2725 scriptor,
334 2675 664 2728 quemadmodum
704 2680 745 2717 et
777 2676 830 2717 ab
868 2676 1078 2719 Athenaeo
1114 2680 1143 2721 l.
1173 2684 1214 2720 6.
1284 2692 1424 2721 verum
1467 2680 1547 2721 viri
