1780 3132
320 494 618 544 MORELLI
693 492 1058 559 DEDICATIO
1134 494 1311 545 LIBRI
1387 495 1669 548 SECUNDI

700 581 787 630 DE
849 582 1291 635 THEMATIBUS.

387 692 757 737 ILLUSTRISSIMO
786 693 1304 792 ΑξΕΒὲζἛΒΙΙΞΡΙΠέΞΞΙΜΟ
1333 695 1596 739 CARDINALI

482 823 796 853 ARCHIEPISGOPO
811 824 1046 860 SENONENSI‚
1070 825 1306 854 GERMANIAE
1320 825 1505 863 ΡΒΙΜΔΤῙ,

284 891 596 918 cumea-unissnu
634 890 744 915 nsssxs
782 891 963 916 FRANch
1003 892 1052 915 m*
1090 893 1284 917 NAVARRAB
1321 892 1702 928 EnnssmosYRAnctun,

396 948 670 984 FEDERICUS
692 947 954 982 MORELLUS
977 947 1262 985 PROFESSOR
1280 950 1464 985 REGIUS
1485 951 1526 987 S.
1549 951 1592 986 P.

389 1038 447 1078 En
497 1036 718 1077 Constantini
768 1035 1158 1092 Porphyrogennetae,
1213 1038 1416 1081 Cardinalis
1459 1039 1703 1088 illustrissime,

284 1105 571 1161 ὁλοπορφύρων
599 1103 755 1155 ἀνι-ἄξιε
781 1109 954 1156 πολλῶν,
982 1107 1250 1148 commentarius
1275 1107 1322 1148 de
1344 1107 1575 1149 Thematibus
1597 1123 1704 1163 prae-

283 1176 475 1217 fecturisve
511 1174 742 1216 occidentalis
779 1175 891 1229 partis
924 1176 1068 1230 imperii
1092 1176 1259 1225 orientis,
1290 1176 1460 1218 hactenus
1485 1177 1706 1219 desideratus
1745 1226 1747 1229 .

282 1254 320 1287 ct
356 1246 403 1285 ab
440 1246 922 1299 ἴστοριαρχαιολογοφίλοις
956 1247 1104 1287 notitiae
1135 1246 1319 1286 Romanae
1349 1245 1514 1287 studiosis
1545 1247 1706 1287 omnibus

280 1315 374 1355 votis
399 1315 595 1368 expetitus:
625 1327 726 1360 nunc,
756 1312 787 1352 si
809 1314 923 1354 minus
945 1314 1099 1370 integer,
1131 1313 1356 1367 ὄλοσχερής,
1385 1322 1420 1355 at
1439 1323 1538 1356 certe
1558 1323 1706 1370 quantus

281 1390 428 1437 quantus
452 1383 487 1422 in
512 1383 616 1422 unico
639 1382 755 1423 veteri
780 1382 907 1423 codice
929 1397 983 1422 ms
1005 1383 1144 1436 Regiae
1168 1383 1412 1424 bibliothecae
1437 1397 1565 1425 recens
1589 1398 1611 1424 a
1633 1398 1705 1433 me,

283 1453 412 1493 dextro
435 1451 641 1499 Mercurio,
684 1458 885 1505 compertus
918 1459 991 1500 est,
1031 1451 1247 1506 descriptus,
1290 1453 1515 1508 recognitus,
1558 1460 1708 1508 utraque

282 1521 405 1576 lingua
438 1520 691 1575 imperatorum
722 1520 835 1561 editus
858 1522 1021 1574 notisque
1045 1521 1232 1562 illustratus
1255 1521 1403 1575 prodire
1426 1529 1462 1562 et
1483 1521 1549 1563 sub
1574 1523 1707 1563 eximio

284 1590 453 1631 caelestis
478 1590 615 1644 ingenii
638 1588 706 1630 Tui
730 1589 888 1631 candore
913 1597 950 1631 et
973 1591 1061 1631 ostri
1085 1590 1152 1631 Tui
1177 1590 1370 1645 splendore
1388 1605 1568 1645 apparere
1586 1592 1705 1647 gestit.

283 1659 404 1714 quidni
428 1673 517 1699 vero
542 1659 738 1713 imperator
762 1657 1094 1712 φιλομουσότατος
1119 1660 1184 1700 καὶ
1211 1661 1527 1714 θεοσεβέστατος,
1560 1662 1598 1702 in
1620 1660 1707 1701 Por·

282 1729 399 1784 phyro
423 1728 561 1787 Palatio
585 1735 683 1769 natus
709 1736 744 1768 et
768 1728 948 1782 extemplo
973 1743 1126 1783 purpura
1151 1729 1307 1777 indutus,
1344 1728 1598 1770 cardinaliciae
1626 1744 1708 1784 pur-

283 1811 398 1852 purae
421 1797 522 1837 Tuae
546 1797 654 1837 decus
678 1805 714 1838 et
736 1796 954 1851 praesidium
975 1813 1045 1838 non
1070 1797 1251 1838 ambiret?
1301 1799 1407 1839 immo
1444 1798 1564 1851 quidni
1598 1798 1709 1853 impe·

284 1874 384 1909 rator
421 1867 770 1923 porphyrogenitus,
810 1866 907 1906 cuius
945 1866 1111 1906 maiestas
1149 1868 1353 1923 φιλολογίςι
1376 1875 1412 1907 et
1432 1867 1583 1908 scientia
1607 1864 1712 1921 ἆρχι-

285 1940 503 1992 τεκτονικῇ,
549 1949 654 1990 quam
691 1942 741 1974 tot
779 1936 988 1986 βασιλικῶν
1025 1935 1257 1977 voluminibus
1291 1937 1547 1991 exaggeravit,
1593 1938 1711 1992 magis

286 2020 389 2060 quam
413 2005 523 2059 pallio
547 2017 728 2058 purpureo
753 2002 922 2043 decorata
944 2011 1017 2051 est,
1049 2003 1140 2044 hunc
1163 2019 1302 2059 quoque
1324 2005 1504 2046 Musarum
1527 2007 1711 2060 regiarum

284 2075 393 2116 fetum
428 2073 616 2114 Minervae
653 2073 754 2113 Tuae
789 2071 987 2113 aethereae
1022 2073 1151 2128 peplo,
1190 2074 1261 2114 hoc
1285 2082 1338 2114 est
1361 2075 1712 2128 ἔγκυκλοπαιδείας,

287 2143 513 2185 scientiarum
537 2157 580 2183 ac
603 2143 764 2184 virtutum
788 2142 899 2190 orbe,
944 2141 1074 2184 includi
1106 2142 1350 2197 percuperet?
1390 2157 1468 2183 cum
1500 2145 1710 2196 praesertim

288 2212 385 2253 idem
408 2212 491 2252 huic
514 2214 667 2266 principi
692 2221 810 2254 votum
834 2211 939 2253 fuerit
962 2220 1065 2266 atque
1089 2211 1296 2252 Alexandro
1319 2225 1472 2267 magno,
1515 2217 1601 2261 ταῖς
1622 2213 1711 2266 περὶ

287 2281 336 2323 ταὶ
354 2280 491 2336 ἄριστοι
509 2281 723 2334 ἐμπειρίαις
739 2286 886 2334 μᾶλλον
904 2280 931 2334 ’ἢ
948 2287 1032 2331 ταῖς
1051 2279 1238 2334 δυνάμεσι
1255 2280 1466 2335 διαφέρειν.
1520 2280 1604 2321 hinc
1619 2282 1711 2336 opti·

288 2351 358 2392 mis
380 2350 475 2392 curis
498 2364 567 2404 pro
590 2349 703 2390 salute
727 2351 867 2403 patriae
890 2352 1040 2391 animum
1064 2364 1209 2404 semper
1232 2349 1389 2391 exercuit
1412 2355 1447 2390 et
1470 2348 1596 2397 stilum,
1621 2350 1712 2404 opti-

290 2434 383 2461 mum
416 2419 556 2460 dicendi
589 2418 816 2473 magistrum,
858 2421 1030 2475 siquidem
1054 2420 1099 2460 ad
1123 2420 1317 2459 Romanum
1340 2417 1470 2466 tilium,
1513 2419 1573 2474 qui
1597 2432 1712 2472 regno

288 2495 441 2542 paterno
475 2489 644 2528 successit
668 2496 704 2529 et
726 2489 886 2544 Hugonis
909 2490 1034 2531 Italiae
1056 2489 1155 2544 regis
1179 2487 1287 2528 filiam
1311 2487 1475 2534 Bertam,
1514 2486 1712 2527 Eudoxiam

290 2564 418 2611 postea
442 2556 589 2605 dietam,
615 2571 763 2598 uxorem
787 2558 906 2606 duxit,
936 2559 1063 2600 librum
1087 2571 1288 2613 gemmeum
1310 2555 1472 2610 scripsit,
1497 2555 1534 2596 in
1557 2568 1627 2609 quo
1651 2554 1712 2595 de-

291 2625 425 2678 scripta
449 2625 565 2666 fuerat
587 2641 721 2667 summa
743 2628 847 2668 totius
872 2628 1005 2669 Graeci
1029 2625 1187 2682 imperii,
1231 2632 1335 2679 pacta
1371 2624 1491 2664 omnia
1523 2624 1713 2669 sociorum,

291 2701 327 2734 et
350 2693 504 2735 hostium
528 2695 646 2743 vires;
676 2710 780 2751 quem
803 2697 937 2738 Veneti
961 2695 1166 2749 φιλόκαλοι
1190 2694 1285 2735 velut
1305 2692 1527 2741 thesaurum,
1557 2692 1715 2747 Egnatio

292 2762 528 2816 perhibente,
572 2765 608 2805 in
646 2764 864 2807 bibliotheca
900 2780 964 2807 sua
1001 2765 1125 2807 sedulo
1157 2769 1379 2805 conservant.
1438 2761 1534 2802 idem
1555 2761 1715 2804 Romano
