1780 3132
288 144 383 194 406
811 126 1154 197 wessssmNGn

288 267 517 310 recensent,
546 275 623 315 qua
650 264 699 301 de
723 275 767 302 re
792 266 822 304 1.
851 265 1131 305 Gothofredus.
1189 268 1290 319 quod
1318 281 1414 309 vero
1442 270 1685 310 doctissimus

288 318 454 356 Dissert.
484 317 678 367 Chorogr.
707 318 796 357 Ital.
824 324 961 358 auctor
993 332 1032 371 p.
1058 321 1171 360 XXV
1209 321 1355 371 scribit,
1380 323 1451 363 sub
1481 325 1683 375 provincia

287 370 478 421 Rhodope
519 370 559 408 in
585 370 828 417 Synecdemo
857 376 883 410 7
910 372 1028 412 urbes
1058 374 1286 425 designari,
1311 375 1382 415 vix
1402 381 1530 417 autem
1557 381 1586 417 5
1610 391 1682 418 no-

287 424 442 471 minari,
471 422 510 461 id
539 423 745 463 festinanti
772 425 964 466 excidisse
989 426 1083 466 mihi
1119 428 1349 480 persuadeo.

392 491 484 537 390,
506 490 567 525 12.
622 481 766 536 Αἶνος]
787 489 836 529 ab
850 489 983 530 Aenea
997 492 1192 532 conditam
1207 492 1437 544 perhibent;
1465 505 1609 534 verene
1632 509 1684 536 an

288 541 457 580 nominis
484 540 652 591 quadam
680 544 990 583 conformatione
1019 545 1188 597 impulsi,
1216 546 1416 597 disputant
1433 547 1493 587 Cl.
1520 548 1681 588 Salma-

286 595 367 633 sius
402 594 443 632 in
470 594 598 633 Solin.
629 607 666 646 p.
683 598 774 645 114,
801 597 919 638 Henr.
934 598 1116 638 Valesius
1143 599 1183 638 in
1213 599 1404 640 Ammian.
1434 605 1486 640 22
1511 605 1551 651 8,
1579 602 1681 643 Pier.

285 647 520 687 Valerianus
547 649 708 689 Aeneid.
740 654 768 689 3
793 654 858 690 18.
922 651 1089 691 Homero
1115 653 1152 692 si
1178 653 1260 693 litis
1290 653 1495 693 arbitrium
1524 654 1682 695 defera-

282 707 359 750 tur,
386 702 518 740 Aenus
557 701 692 743 Aenea
721 704 831 755 prior
861 705 955 745 erit:
991 705 1081 745 inde
1120 707 1272 746 auxilia
1298 708 1346 746 ad
1377 708 1539 748 Troiam
1563 709 1682 748 mittit

281 755 395 795 Iliad.
425 757 450 794 4
482 757 586 804 520;
616 768 798 808 quorsum
823 770 906 798 cum
935 759 1149 808 Hesychius
1174 761 1394 812 respexerit
1419 761 1460 801 in
1487 758 1682 811 Αἰνόθεν,

280 811 387 848 sorte
404 839 414 859 ‚
441 814 484 847 ut
510 813 653 860 poetae
679 811 851 861 scholia,
892 808 970 849 αἠὀ
997 809 1131 851 Λῖνου
1160 814 1329 865 scripsit.
1381 815 1592 855 utebantur
1618 815 1679 855 in-

279 863 393 902 colae
419 863 530 901 coelo
557 863 826 915 frigidissimo,
855 866 1102 917 quamobrem
1118 866 1365 907 Stratonicus
1393 866 1438 906 ἐν
1451 864 1569 920 Αἴνῳ
1598 863 1679 920 ἔφη

277 912 375 961 τούς
400 916 475 962 μὲν
503 913 607 953 ὀκτώ
637 917 767 968 μῆνας
795 912 900 956 εἶναι
916 919 1065 969 ψῦχος,
1082 917 1174 965 τοὺς
1202 919 1246 958 δὲ
1273 918 1466 970 τέτταρας
1483 920 1680 971 χειμῶνα.

279 971 356 1009 fuit
383 970 539 1021 Aenus,
575 971 610 1010 si
638 984 717 1011 non
760 973 905 1012 fallunt
942 973 1044 1013 Acta
1078 974 1231 1013 concilii
1271 974 1472 1026 Cpolitani
1506 975 1678 1024 secundi,

276 1024 488 1075 Rhodopes
525 1025 781 1076 metropolis:
831 1027 1034 1066 collationi
1079 1027 1180 1066 enim
1220 1031 1247 1067 8
1283 1041 1321 1079 p.
1357 1030 1437 1067 240
1471 1028 1681 1068 subscribit

277 1078 439 1117 Paullus
467 1077 671 1130 episcopus
698 1079 907 1119 Aemorum
944 1080 1175 1131 (Aeniorum
1212 1081 1458 1132 oportuerat)
1483 1085 1679 1134 metropo-

276 1132 328 1170 lis
352 1131 583 1182 Rhodopiae
608 1133 848 1184 provinciae.
915 1135 998 1174 noli
1030 1138 1161 1174 tamen
1188 1135 1369 1175 credere:
1397 1147 1489 1175 nam
1516 1139 1556 1174 et
1579 1136 1680 1176 mul-

276 1189 342 1236 tae
369 1185 423 1225 ibi
449 1187 688 1237 metropoles
711 1192 970 1227 recensentur
997 1189 1046 1227 de
1061 1188 1211 1240 quibus,
1238 1188 1314 1228 nisi
1330 1188 1567 1230 honorariae
1592 1191 1678 1228 fue-

276 1239 368 1289 rint,
396 1239 643 1279 meritissimo
673 1241 838 1280 dubites.
893 1245 1047 1281 constat
1074 1242 1193 1281 etiam
1220 1242 1378 1282 aliunde
1391 1242 1677 1295 Traianopolin

275 1293 418 1333 ceteris
464 1293 539 1333 hac
569 1294 762 1345 dignitate
800 1295 1095 1346 praecelluisse.
1135 1295 1213 1336 vid.
1256 1295 1406 1337 Concil.
1437 1292 1675 1337 Chalcedon.

270 1351 362 1387 tom.
389 1350 416 1386 8
445 1346 489 1387 C.
523 1347 573 1386 G.
630 1376 640 1386 .
668 1351 735 1388 91.

379 1398 484 1441 Ibid.
516 1403 580 1440 13.
602 1360 881 1449 ΡΜαριόνεια]
918 1401 994 1441 hoc
1020 1413 1071 1441 ex
1098 1401 1355 1442 Constantino
1379 1402 1408 1443 1.
1433 1406 1460 1442 2
1485 1402 1621 1444 Them.
1651 1408 1679 1443 2

271 1454 602 1506 praeoptavimus.
656 1455 792 1494 urbem
818 1455 922 1495 hanc
946 1459 986 1494 et
1011 1456 1363 1508 Maximianopolin
1388 1456 1490 1497 Acta
1517 1458 1674 1498 concilii

273 1507 512 1548 Chalcedon.
542 1521 580 1559 p.
606 1512 660 1548 96
688 1509 904 1560 Rhodopae
930 1509 1117 1549 tribuunt.

377 1560 485 1601 Ibid.
546 1557 756 1612 To'nstpog]
786 1567 893 1602 recte
931 1564 1071 1603 iterum
1101 1563 1380 1603 Constantinus
1408 1563 1678 1606 OYAHIAC

275 1613 568 1654 TOHEIPOY
602 1616 643 1655 in
680 1616 806 1657 Getae
843 1621 883 1656 et
911 1617 1037 1657 Iuliae
1074 1618 1249 1657 Domnae
1285 1619 1411 1658 numis
1439 1622 1670 1672 cognomine

269 1669 457 1720 superbit.
513 1673 601 1709 erat
626 1670 760 1710 vicina
785 1671 899 1721 mari,
926 1683 999 1711 uec
1016 1672 1138 1723 longe
1163 1672 1214 1711 ab
1241 1671 1485 1714 Abderitana
1511 1675 1671 1715 civitate

268 1723 493 1762 dissociata.
548 1724 721 1774 Rusium,
749 1736 825 1776 quo
853 1725 1035 1776 deinceps
1061 1726 1216 1765 nomine
1240 1726 1326 1774 fuit,
1352 1725 1469 1768 Anna
1488 1728 1671 1769 Alexiad.

267 1781 293 1815 ¹7
322 1788 360 1827 p.
389 1781 469 1815 212
513 1777 633 1818 habet
669 1777 867 1831 fluvioque
901 1779 1104 1829 admovet,
1143 1779 1212 1831 qui
1238 1781 1341 1819 forte
1365 1780 1595 1835 Cossinites,
1622 1783 1672 1823 de

267 1843 343 1883 quo
372 1831 423 1870 ad
451 1831 543 1871 ltin.
571 1832 620 1872 A.
646 1845 685 1883 p.
716 1836 809 1872 321.

372 1882 480 1924 Ibid.
513 1888 576 1925 14.
644 1882 884 1933 Νικόπολις]
923 1886 1032 1926 circa
1064 1888 1228 1927 Nessum
1255 1901 1405 1929 amnem
1434 1889 1528 1929 fuit:
1567 1890 1670 1929 unde

265 1932 485 1982 Νικόπολις
524 1937 548 1989 ἦ
589 1938 685 1988 περὶ
726 1937 882 1978 Νέστον
915 1941 1139 1981 Ptolemaeo
1171 1946 1198 1982 3
1226 1947 1300 1991 11;
1338 1943 1464 1982 numis
1495 1941 1668 1984 OYAH.

265 1989 612 2030 NIKOHOAIC
634 1992 796 2032 ΠΡΟΟ
817 1992 1015 2044 ΝΕΟΤΩ,
1045 1995 1204 2035 Socrati
1231 2000 1256 2035 ⁷
1272 2000 1326 2036 36
1357 1992 1578 2040 Νικόπολις
1599 1997 1670 2046 τῆς

266 2043 441 2097 Θρᾴκης,
467 2046 665 2087 Thraciae
711 2048 866 2087 laxiore
891 2046 1214 2102 significatione„
1261 2050 1389 2089 serior
1412 2055 1523 2090 aetas
1550 2050 1669 2091 Chri-

263 2100 438 2150 stopolin
463 2101 634 2150 vocavit,
662 2106 705 2140 ut
723 2102 873 2141 scholia
891 2101 1134 2143 Coisliniana
1152 2104 1365 2144 Ptolemaei
1386 2104 1538 2145 docent.
1567 2105 1667 2145 hacc

260 2152 392 2204 itaque
436 2158 496 2193 est
538 2167 654 2207 quam
697 2155 798 2195 Acta
826 2155 867 2195 S.
899 2155 1087 2196 Germani
1127 2157 1288 2209 signant
1325 2171 1358 2198 c.
1385 2162 1422 2208 2,
1449 2171 1521 2198 nec
1546 2159 1668 2213 longe

259 2206 450 2258 Philippis
475 2213 690 2249 removent.
745 2209 848 2249 adde
876 2209 1211 2261 Theophylactum
1240 2212 1285 2252 Η.
1312 2213 1478 2253 Mauric.
1505 2216 1528 2252 1
1555 2215 1595 2254 7.

364 2259 470 2300 Ιόἰά.
541 2261 844 2315 Κερεόπυργος]
890 2263 1170 2304 Constantinus
1209 2261 1536 2314 Κεραιόπυργος.
1607 2267 1664 2307 lo.

256 2312 482 2353 narduinus
510 2315 691 2366 (Emend.
721 2319 775 2357 56
801 2317 853 2356 in·
886 2317 1005 2357 Plinii
1044 2318 1071 2358 l.
1101 2321 1128 2357 4
1159 2331 1192 2359 c.
1223 2319 1294 2370 11)
1328 2332 1413 2359 cum
1438 2320 1664 2372 Pyrogeris,

256 2378 355 2418 quos
383 2368 650 2420 Pyrgoceros,
678 2382 748 2410 seu
772 2372 1001 2423 permutatis
1031 2372 1223 2423 syllabis,
1268 2373 1370 2426 quod
1399 2373 1535 2413 eodem
1562 2373 1663 2413 reci-

255 2421 351 2458 dere
380 2422 448 2470 ait,
480 2422 756 2476 Cereopyrgos
797 2437 883 2464 esse
910 2425 1039 2473 iubet,
1064 2426 1272 2478 componit.
1337 2427 1431 2466 mihi
1463 2427 1584 2479 longe
1612 2439 1660 2467 ea

254 2475 501 2515 confidentia.
557 2479 700 2517 vellem
728 2478 925 2518 docuisset
953 2491 978 2518 a
1000 2478 1256 2532 Cereopyrgo
1283 2480 1390 2520 cives
1419 2481 1560 2532 gentili
1589 2493 1661 2520 no-

252 2528 357 2566 mine
389 2528 663 2582 Cereopyrgos
709 2536 818 2571 recte
846 2533 1053 2584 appellari.
1110 2545 1186 2584 ego
1218 2546 1410 2586 nusquam
1441 2534 1660 2585 Cereopyr-

250 2593 344 2632 gum
373 2583 550 2634 reperire
577 2585 746 2635 memini,
787 2587 865 2625 nisi
894 2586 929 2626 si
956 2587 1081 2627 lateat
1106 2587 1146 2626 in
1176 2583 1455 2639 Κηριοπάρων
1483 2589 1661 2634 castello,

251 2636 354 2687 quod
386 2636 426 2677 in
456 2638 647 2690 Rhodope
676 2640 890 2692 Procopius
921 2638 1049 2682 Aedis.
1082 2641 1216 2682 lustin.
1247 2643 1272 2682 4
1300 2645 1350 2682 11
1380 2642 1579 2683 describit.
