1780 3132
509 147 585 190 DE
620 144 975 190 THEMATIBUS
1008 143 1112 188 LIB.
1145 143 1198 188 11.
1524 141 1588 188 61

136 275 218 316 γων
245 258 490 316 στρατηγός,
525 258 571 302 ὃν
597 257 913 313 κατεπολέμησεν
943 255 964 299 ὅ
991 255 1162 315 Νάρσης
1187 255 1299 312 παρὰ
1319 254 1389 298 τὸν
1408 254 1591 310 ποταμὸν

135 330 386 371 Κασουλῖνον
408 330 474 371 καὶ
495 329 651 378 τελείως
664 324 858 385 ἠφάνισε,
893 326 1034 377 καθὼς
1048 327 1093 369 τὸ
1112 327 1344 382 ἐπίγραμμα
1364 323 1485 379 λέγει·

348 397 494 454 ῥεῖθρα
516 397 770 439 Κασουλίνου
791 399 977 448 ποταμοῦ
996 395 1254 452 βεβαρημένα
1273 399 1426 451 νεκροΐς

408 466 548 517 δέξατο
571 468 785 521 Τυρσηνῆς
800 461 933 517 ἠϊόνος
950 462 1140 520 κροκάλη,

99 541 121 576 5
150 566 153 570 -
178 558 181 561 -
347 529 464 586 ἡνίκα
487 533 698 590 Φραγκικὰ
720 536 830 590 φῦλα
849 531 1081 574 κατέκτανεν
1101 530 1281 581 Αὖσονὶς
1299 528 1440 585 αῗχμή,

399 600 558 644 ὁππόσα
579 603 739 660 δειλαίῳ
759 601 921 643 πείθετο
939 602 1174 657 Βουτιλίνῳ.

346 669 484 724 ὄλβιον
503 669 552 712 ἂν
569 668 661 712 τόδε
676 674 833 724 χεῦμα,
869 670 935 711 καὶ
957 668 1113 711 ἔσσεται
1136 668 1221 710 ἀντὶ
1241 667 1435 724 τροπαίου

399 740 538 792 α’ίματι
560 742 800 796 βαρβαρικῷ
824 737 947 793 δηρὸν
968 735 1247 794 ἐρευθόμενον.

125 803 378 862 ὑπετάγησαν
403 802 474 849 οὖν
502 807 540 849 οἳ
571 806 754 865 Φράγγοι
784 811 841 863 τῷ
864 804 953 848 τότε
972 804 1131 863 χρόνῳ,
1167 805 1320 860 ἔχοντες
1345 804 1412 846 καὶ
1432 805 1581 861 Λαγο-

73 872 306 931 1οβάρδους
338 877 604 930 συμμίκτους·
640 877 707 917 καὶ
739 874 871 917 ἔκτοτε
901 874 1018 929 μέχρι
1046 878 1118 928 τῆς
1146 872 1322 928 σήμερον
1345 875 1581 930 χρηματίζει

99 999 102 1003 Δ
125 945 180 992 εἰς
210 941 322 993 τάξιν
349 944 531 998 θέματος
550 942 575 999 ἦ
599 944 824 998 καλουμένη
847 944 1148 998 Λογγιβαρὸιά.
1218 943 1280 983 ἐπὶ
1305 942 1349 984 δὲ
1370 946 1442 996 τῆς
1459 948 1581 996 βασι-

122 1011 230 1060 λείας
244 1012 417 1066 Μιχαὴλ
435 1017 507 1055 τοῦ
524 1013 616 1054 υἱοῦ
637 1013 839 1069 Θεοφίλου
860 1012 1037 1065 ἀνῆλθεν
1055 1011 1132 1053 ἀπὸ
1148 1010 1342 1068 Ἀφρικῆς
1359 1009 1503 1062 στόλος
1520 1009 1580 1061 λς’

120 1081 376 1136 κομπαρίων,
412 1080 512 1135 ἔχων
543 1081 722 1139 κεφαλὴν
748 1078 817 1123 τόν
846 1098 889 1123 τε
919 1079 1126 1122 Σολδανὸν
1155 1080 1223 1121 καὶ
1247 1079 1317 1121 τὸν
1343 1077 1490 1133 Σάμαν
1513 1083 1579 1122 καὶ

95 1143 100 1147 ’
118 1146 189 1189 τὸν
212 1150 434 1205 Καλφοῦς,
469 1151 534 1191 καὶ
558 1148 819 1204 ἐχειρώσαντο
842 1146 1066 1204 διαφόρους
1086 1145 1222 1197 πόλεις
1242 1151 1316 1202 τῆς
1337 1147 1580 1202 Δαλματίας

66 1218 108 1254 15
119 1217 187 1257 καὶ
217 1214 291 1271 τήν
323 1234 366 1259 τε
398 1216 613 1271 Βούτοβαν
647 1219 714 1260 καὶ
746 1217 819 1272 τὴν
844 1215 999 1259 Ῥῶσαν
1028 1217 1094 1258 καὶ
1125 1216 1177 1258 τὰ
1208 1214 1319 1258 κάτω
1351 1215 1576 1274 Δεκάτερα.

117 1277 252 1338 ἦλθον
279 1285 325 1326 δὲ
348 1286 415 1326 καὶ
442 1285 544 1342 πρὸς
564 1286 637 1340 τὴν
659 1284 811 1328 τούτων
831 1282 1101 1341 μητρόπολιν,
1131 1283 1159 1339 ἢ
1177 1282 1386 1326 Ῥαοῦσιον
1407 1285 1573 1340 λέγεται,

115 1353 182 1394 καὶ
214 1350 363 1407 ταύτην
393 1353 456 1394 ἐπὶ
479 1352 629 1410 χρόνον
659 1352 918 1410 ἐπολιόρκουν
950 1351 1097 1394 ἱκανόν.
1167 1352 1205 1394 οἶ
1232 1353 1275 1394 δὲ
1298 1357 1370 1397 τοῦ
1396 1352 1573 1411 κάστρου

108 1417 317 1463 Ῥαουσίου
349 1420 584 1464 ἀπέστειλαν
610 1421 712 1478 πρὸς
731 1421 800 1464 τὸν
818 1421 1012 1475 βασιλέα,
1047 1419 1319 1475 ἐξαιτούμενοι
1339 1422 1407 1463 διὰ
1426 1421 1572 1466 στόλου

111 1486 321 1544 βοήθειαν.
388 1494 469 1532 τῶν
501 1490 546 1532 δὲ
578 1491 634 1541 εἷς
661 1495 780 1532 τοῦτο
812 1490 1117 1532 ἀποσταλέντων
1144 1487 1420 1542 ἀνελθόντων,
1456 1486 1572 1548 εὗρον

55 1561 102 1597 20
112 1555 189 1599 ὗπό
218 1561 319 1600 θεοῦ
345 1557 418 1612 τὴν
446 1557 787 1616 αὐτοκρατορικὴν
810 1558 939 1615 ἀρχὴν
961 1559 1176 1601 Βασίλειον
1195 1558 1265 1601 τὸν
1288 1558 1473 1613 ἀοίδιμον
1490 1565 1572 1613 βα-

110 1626 222 1668 σιλέα
244 1625 322 1681 ἤδη
344 1625 543 1680 λαβόντα,
578 1626 624 1678 ὃς
650 1629 717 1670 καὶ
745 1626 797 1671 τὰ
824 1632 898 1682 τῆς
924 1627 1055 1669 αὐτῶν
1075 1629 1289 1684 πρεσβείας
1309 1629 1376 1669 καὶ
1399 1627 1571 1684 δεήσεως

1609 327 1706 363 Ρ29

198 1769 222 1803 2
243 1766 479 1801 Κασουδῖνον
497 1766 602 1812 vulgo
772 1767 795 1802 3
818 1766 1053 1801 Κασουδίνου
1077 1766 1181 1811 vulgo
1351 1767 1375 1803 4
1396 1769 1569 1814 τυρσηνὶς

198 1810 282 1857 αἰχὴ
307 1812 349 1856 Α,
374 1813 511 1847 omissis
532 1810 666 1856 ἠϊόνος
687 1833 732 1839 -
755 1811 882 1857 αἰχμή.
908 1814 1026 1848 eadem
1051 1825 1105 1848 om
1126 1814 1155 1847 C
1256 1815 1279 1849 7
1301 1809 1374 1859 ἂν]
1399 1815 1463 1850 ναὶ
1482 1816 1564 1851 AC:

197 1854 368 1904 ὅλβιστον
390 1856 478 1893 τόδε
499 1858 637 1894 Iacobs.
776 1857 895 1903 ῥεῦμα
916 1859 978 1893 Ac
1115 1860 1136 1894 8
1161 1857 1284 1895 δεινὸν
1308 1861 1371 1896 Ac

104 1984 296 2029 imperabat
331 1983 511 2019 Butelinus
546 1986 760 2018 Francorum
793 1983 882 2026 dux,
925 1995 1024 2029 quem
1062 1983 1195 2017 Narses
1231 1984 1421 2021 debellavit
1453 1999 1562 2034 prope

102 2031 230 2065 flumen
253 2030 451 2065 Casulinum
475 2037 511 2063 et
535 2030 773 2064 internecione
795 2029 944 2073 delevit,
971 2036 1010 2063 ut
1033 2030 1242 2073 epigramma
1265 2037 1404 2067 narrat:

318 2076 421 2123 plena
444 2077 670 2110 cadaveribus
691 2077 845 2120 taboque
867 2075 999 2109 infecta
1021 2075 1154 2110 fluenta

374 2122 493 2156 Tusca
516 2122 669 2157 Casulini
693 2121 788 2167 cepit
811 2133 915 2155 arena
936 2122 1076 2165 rubens,

317 2179 392 2202 oum
412 2168 568 2202 Francos
593 2169 686 2202 acies
709 2167 854 2212 populos
877 2169 1032 2201 Romana
1053 2166 1192 2212 cecidit,

373 2218 410 2248 et
432 2220 517 2258 quot
539 2215 706 2260 parebant
728 2213 865 2258 agmina
886 2213 1051 2247 Butilino.

317 2271 384 2294 nae
406 2259 491 2294 felix
514 2261 641 2304 amnis,
666 2260 726 2304 qui
750 2260 906 2304 praefert
929 2259 1029 2304 signa
1051 2259 1202 2304 tropaei,

371 2306 450 2340 dum
476 2307 580 2340 rubet
603 2311 779 2340 aeternum
802 2307 970 2350 sanguine
995 2305 1190 2342 barbarico.

98 2348 207 2393 igitur
238 2349 367 2384 Franci
401 2352 532 2386 subditi
562 2359 642 2386 sunt
671 2358 754 2386 tunc
778 2352 966 2396 temporis,
1003 2352 1105 2385 etiam
1129 2352 1371 2396 Longobardis
1394 2353 1556 2396 admixti3

96 2399 134 2428 et
165 2394 289 2428 exinde
323 2396 366 2430 ad
398 2396 598 2431 hodiernum
631 2409 740 2442 usque
773 2397 862 2431 diem
887 2398 1132 2442 Longobardia
1153 2398 1189 2431 in
1213 2398 1367 2433 ordinem
1392 2400 1554 2436 thematis

95 2440 237 2474 redacta
269 2441 348 2475 fuit.
394 2444 458 2477 sub
487 2444 633 2489 imperio
659 2449 771 2477 autem
796 2443 1000 2487 Michaelis,
1033 2444 1097 2477 filii
1121 2444 1328 2488 Theophili,
1366 2445 1486 2480 classis
1509 2449 1553 2481 ab

93 2485 213 2520 Africa
246 2487 403 2522 ascendit
435 2489 579 2533 triginta
612 2502 674 2523 sex
705 2489 942 2533 navigiorum,
978 2500 1067 2534 quae
1097 2489 1285 2524 soldanum
1310 2496 1346 2525 et
1369 2492 1551 2527 Samanum

94 2536 130 2565 et
150 2531 318 2577 Calphum
343 2534 448 2568 duces
471 2535 655 2569 habebant.
690 2536 726 2568 hi
750 2538 963 2579 subegerunt
985 2535 1054 2569 sibi
1077 2536 1194 2571 varias
1217 2536 1411 2571 Dalmatiae
1435 2540 1553 2582 urbes,

93 2582 128 2611 et
152 2576 310 2612 Butoban
335 2585 371 2614 et
393 2580 510 2615 Rosan
535 2587 570 2615 et
590 2581 760 2615 inferiora
781 2582 966 2616 Decatera.
1013 2589 1186 2617 venerunt
1219 2583 1322 2616 etiam
1358 2584 1402 2618 ad
1434 2596 1550 2619 eorum

92 2623 326 2668 metropolim,
355 2636 444 2669 quae
466 2627 654 2672 Ragusium
679 2628 880 2671 dicebatur,
905 2638 1047 2672 eamque
1069 2628 1154 2663 satis
1177 2629 1281 2673 longo
1304 2635 1462 2675 tempore
1485 2632 1551 2665 ob-

91 2669 268 2704 sederunt.
314 2670 411 2704 urbis
442 2678 554 2707 autem
585 2673 784 2718 Ragusinae
814 2674 911 2707 cives
946 2675 990 2708 ad
1021 2674 1263 2719 imperatorem
1286 2674 1421 2720 legatos
1445 2676 1549 2710 mise-

90 2719 189 2759 runt,
212 2715 275 2769 gui
296 2716 498 2752 auxiliarem
523 2718 666 2753 classem
690 2725 931 2764 exposcerent.
978 2732 1053 2754 cum
1075 2720 1184 2766 legati
1207 2722 1250 2755 ad
1273 2721 1403 2767 regiam
1428 2722 1548 2756 venis—

89 2765 184 2812 sent,
210 2767 418 2797 invenerunt
442 2763 608 2798 Basilium
630 2766 844 2810 praeclarum
867 2765 962 2800 illum
984 2767 1226 2811 imperatorem
1248 2767 1305 2801 dei
1323 2768 1460 2802 numine
1478 2768 1547 2803 iam

88 2807 306 2851 lmperatoris
336 2808 508 2854 dignitate
540 2817 719 2853 ornatum3
753 2813 814 2857 qui
846 2824 920 2847 curn
954 2824 1070 2848 eorum
1097 2814 1282 2860 legationis
1305 2829 1346 2852 ac
1369 2817 1545 2864 supplica-
