1780 3132
351 147 407 189 1N
450 144 814 187 SYNECDEMUM
859 143 1297 186 COMMENTARIUS.
1426 134 1522 183 433

99 258 240 299 venire
265 257 434 305 civibus,
464 271 514 297 ne
540 258 711 306 sitirent,
740 258 936 310 Procopio
966 257 1111 298 indice.
1140 257 1333 306 Tandem,
1359 268 1409 296 ne
1436 256 1524 295 lon-

101 326 193 365 gum
223 313 438 364 faciamus,
477 313 512 352 si
539 313 760 353 Iustiniana
788 314 920 365 prima
958 313 1096 353 cadem
1125 316 1187 351 est
1214 325 1262 352 ac
1286 311 1526 361 Lychnidus,

100 368 236 408 debuit
274 368 420 420 Epirus
449 381 576 418 nova,
617 369 660 408 in
688 380 766 420 qua
794 380 842 408 ea
878 368 973 407 urbs
1001 369 1134 407 sedem
1165 367 1382 413 obtinebat,
1410 366 1527 406 lusti-

101 423 247 463 nianae
285 423 439 475 primae
483 435 572 462 esse
600 422 846 472 contributa,
877 427 946 462 aut
976 423 1119 463 saltem
1154 422 1237 461 eius
1265 428 1386 474 pars:
1417 420 1529 473 atqui

100 488 167 516 res
196 490 310 517 secus
346 478 477 518 habet.
545 477 723 517 decernit
758 476 999 516 lastinianus
1041 477 1181 517 Novel.
1216 481 1266 516 11
1308 480 1352 516 ut
1376 476 1529 528 primae

101 531 373 582 mumanae,
412 532 570 584 patriae
595 536 780 582 nostrae,
812 544 886 584 pro
915 537 1094 583 tempore
1120 543 1237 571 sacro
1267 535 1428 572 sanctus
1456 543 1529 570 an-

102 586 218 626 tistes
246 599 327 627 non
355 589 481 628 solum
503 587 834 639 metropolitanus
862 587 930 626 sed
956 587 1074 626 etiam
1095 586 1417 638 archiepiscopus
1446 587 1530 634 tiat3

101 645 143 680 et
170 646 329 682 ceterae
366 641 598 693 provinciae
642 642 714 681 sub
756 641 841 681 eins
879 642 960 681 sint
988 641 1249 690 auctoritate,
1287 641 1329 680 id
1362 645 1422 680 est
1449 644 1532 680 tam

101 695 192 748 ipsa
218 697 511 736 mediterranea
538 695 664 736 Dacia
691 708 806 748 quam
835 696 960 735 Dacia.
1000 696 1185 747 ripensis,
1213 708 1286 735 nec
1312 708 1392 735 non
1421 696 1532 735 Moe-

102 750 166 790 sia
192 751 367 792 secunda
405 751 623 800 Dardania,
662 755 701 790 et
728 751 1014 791 Praevalitana
1053 751 1262 802 provincia
1291 756 1330 789 et
1357 751 1533 790 secunda

102 805 364 855 Macedonia,
393 818 490 857 pars
533 806 652 846 etiam
692 806 890 845 secundae
925 806 1168 846 Pannoniae.
1223 806 1336 845 nulla
1366 817 1533 857 prorsus

102 859 166 899 hic
193 860 306 912 Epiri
337 861 508 911 mentio,
547 861 587 900 in
618 872 696 912 qua
725 873 805 899 non
844 861 976 900 infimo
1005 861 1094 900 loco
1121 859 1366 909 Lychnidus.
1424 860 1533 899 dices

102 914 317 954 Achridam
358 915 615 955 lustinianam
655 914 822 967 primam
864 915 986 954 fuisse
1014 915 1184 965 dictam,
1223 927 1310 955 eam
1350 919 1482 955 autem
1507 927 1534 954 a

102 969 308 1019 laychnido
338 969 439 1009 nihil
467 970 720 1022 discrepare3
752 969 854 1022 quod
872 975 915 1008 ut
944 970 1082 1009 libenti
1108 970 1239 1010 animo
1271 969 1449 1019 admitto,
1476 969 1534 1009 ita

102 1036 151 1064 ea
180 1036 283 1076 quae
310 1025 513 1076 disputavi
554 1024 768 1076 prohibent
796 1030 838 1063 ut
881 1024 931 1064 ab
962 1024 1180 1064 Iustiniano
1209 1036 1256 1064 eo
1285 1025 1444 1064 nomine
1472 1024 1535 1064 in-

102 1078 292 1132 signitam
319 1079 443 1119 fuisse
463 1091 693 1131 agnoscam.
723 1079 855 1119 omnia
883 1079 961 1118 nisi
990 1091 1052 1119 me
1081 1080 1242 1129 fallant,
1272 1078 1463 1131 Bulgaris
1481 1077 1535 1118 ad

102 1133 423 1174 Christianorum
442 1146 562 1174 sacra
579 1134 788 1184 traductis,
807 1134 1025 1183 Lychnido,
1046 1146 1147 1186 quae
1170 1134 1304 1186 gentis
1319 1133 1536 1185 praecipua

101 1189 144 1229 in
171 1188 247 1228 hoc
270 1193 400 1228 tractu
426 1189 534 1240 urbs,
564 1192 604 1227 et
631 1188 864 1240 metropolis
893 1189 1071 1240 dignitas
1100 1189 1208 1228 venit
1236 1193 1276 1228 et
1292 1188 1536 1228 Iustinianae

101 1243 255 1295 primae
275 1255 518 1295 cognomen:
547 1243 747 1295 religione
767 1243 868 1282 enim
887 1243 1051 1283 meliore
1065 1248 1240 1295 recepta,
1261 1247 1301 1282 et
1315 1242 1538 1282 sacerdoti-

101 1298 176 1338 bus
194 1302 247 1348 et,
273 1298 340 1350 qui
361 1310 430 1337 eos
455 1298 730 1350 inauguraret,
759 1297 944 1349 episcopo
962 1298 1038 1337 fuit
1054 1310 1165 1349 opus.
1196 1299 1303 1337 lecta
1320 1309 1419 1349 ergo
1441 1297 1540 1336 urbs

100 1363 206 1404 quae
232 1351 423 1404 Bulgaris
451 1359 570 1404 caput
600 1357 698 1404 erat,
733 1357 772 1391 et
804 1353 1114 1404 metropolitano
1141 1352 1366 1404 assignata,
1395 1352 1538 1404 appel-

101 1407 266 1460 lataque
297 1406 518 1447 Iustiniana
545 1406 696 1459 prima,
725 1407 812 1446 sive
840 1408 944 1459 quod
973 1407 1162 1458 eandem,
1191 1418 1428 1459 quamquam
1458 1418 1540 1446 non

101 1462 191 1501 sine
232 1473 391 1512 errore,
432 1461 516 1501 eius
555 1462 744 1514 temporis
785 1461 933 1502 Graeci
970 1461 1252 1513 opinarentur;
1305 1474 1376 1500 seu
1405 1462 1540 1513 potius

104 1516 210 1568 quod
242 1528 342 1556 vera
367 1516 592 1556 Iustiniana
634 1517 787 1569 prima,
816 1520 861 1555 ut
901 1516 1037 1568 plures
1065 1516 1107 1556 in
1135 1516 1212 1556 hac
1240 1515 1388 1556 vicinia
1418 1516 1540 1563 aliae,

102 1582 176 1622 per
202 1574 335 1611 tracta
366 1571 434 1610 diu
466 1572 576 1611 bella
603 1576 708 1612 esset
736 1572 941 1622 desolata,
980 1584 1053 1611 nec
1082 1571 1186 1611 alius
1216 1570 1355 1610 titulus
1385 1570 1437 1611 ad
1465 1582 1539 1610 no-

102 1637 195 1666 vam
223 1625 475 1678 metropolim
505 1626 773 1669 decorandam
802 1626 1007 1666 videretur
1041 1625 1389 1666 accommodatior.

211 1698 307 1746 393,
334 1699 374 1735 6.
430 1695 629 1746 Λιστρῶν
653 1695 727 1733 καί
752 1695 937 1745 Σκεπῶν]
980 1694 1191 1744 Λυστραῖν
1218 1692 1291 1732 καὶ
1319 1691 1541 1732 §minume

104 1748 233 1790 codex
262 1750 462 1790 Vulcanii.
533 1750 633 1790 haec
661 1750 754 1802 quid
796 1750 949 1800 velint,
979 1763 1058 1789 non
1089 1751 1210 1789 facile
1248 1750 1403 1790 dixero.
1461 1750 1541 1789 viri

103 1803 222 1854 docti,
261 1804 327 1858 qui
351 1804 560 1844 occasione
588 1804 727 1845 oblata
756 1805 797 1843 in
842 1816 890 1843 ea
917 1804 1154 1853 inciderunt,
1183 1804 1437 1851 coniecturis,
1466 1805 1539 1844 sed

102 1869 246 1909 parum
274 1859 408 1906 certis,
440 1859 702 1899 indulserunt.
760 1858 959 1898 Palmerio
988 1859 1037 1898 G.
1068 1859 1116 1898 A.
1144 1836 1171 1897 ’1
1201 1862 1268 1920 31,
1296 1859 1401 1911 quod
1431 1858 1538 1898 Con-

102 1914 301 1953 stantinus
329 1914 357 1953 l
378 1918 405 1953 2
434 1914 573 1953 Them.
604 1918 632 1953 9
661 1906 828 1963 Avi-mv,
855 1910 1076 1974 Λὴστρων,
1107 1890 1326 1951 Σκεύπτων
1354 1915 1538 1965 praefer-

101 1970 177 2017 rea
208 1968 251 2008 in
278 1973 447 2008 mentem
491 1968 603 2008 venit
632 1980 751 2020 posse
792 1967 876 2020 legi
907 1962 1144 2018 Ληστὴοιον
1187 1969 1253 2007 vel
1294 1968 1414 2008 etiam
1443 1969 1540 2019 Λη-

102 2021 239 2073 στῶν,
266 2027 310 2063 ut
347 2023 402 2063 sit
440 2023 551 2062 velut
581 2023 795 2075 epithetum
826 2021 1017 2073 Aulonis,
1054 2023 1203 2062 navale
1231 2022 1442 2074 piraticum
1472 2025 1539 2063 vel

101 2075 353 2142 piratarum,
389 2082 435 2117 ut
472 2078 515 2117 in
542 2077 678 2118 Attica
714 2081 803 2117 erat
842 2053 1017 2126 (prwv'
1032 2071 1178 2127 λιμήν,
1209 2078 1340 2117 furum
1369 2082 1537 2129 portus:

102 2129 166 2169 cui
186 2132 405 2184 suspinioni
422 2144 514 2183 mss,
532 2132 746 2172 verborum
766 2131 942 2171 ordinem
975 2131 1095 2170 aliter
1123 2131 1365 2184 digerentes,
1395 2137 1538 2172 contra

102 2186 294 2236 veniunt;
328 2187 492 2227 obstant
519 2199 674 2240 quoque
688 2188 958 2227 Romanorum
975 2186 1102 2238 leges,
1128 2187 1338 2238 piraticam
1355 2187 1538 2250 proscri-

101 2238 256 2280 bentes.
286 2242 332 2281 L.
348 2242 623 2282 Holsteinius
612 2255 653 2282 m
667 2241 869 2282 Thesauri
880 2240 1326 2281 OrtelianiAestraeum
1338 2237 1538 2291 Αἴστρων

103 2300 340 2348 praeoptat,
371 2297 685 2350 Aestraeumque
721 2298 877 2348 pariter
905 2300 949 2335 ut
974 2295 1146 2335 Carolus
1177 2309 1202 2336 a
1228 2296 1272 2336 S.
1302 2296 1443 2336 Paullo
1471 2297 1536 2336 in-

101 2349 276 2402 telligit,
305 2352 410 2403 quod
435 2352 620 2403 oppidum
651 2364 738 2391 cum
768 2352 809 2391 in
838 2350 1075 2391 Macedonia
1109 2351 1283 2391 secunda
1311 2351 1364 2392 ab
1391 2351 1535 2391 Hiero-

103 2403 166 2441 cle
191 2405 313 2445 fuerit
342 2407 592 2456 collocatum,
623 2406 688 2446 hic
715 2406 848 2445 sedem
877 2405 1058 2444 obtinere
1087 2417 1167 2445 non
1196 2410 1339 2458 potest.
1397 2407 1447 2445 de
1474 2407 1535 2446 al·-

103 2462 191 2498 tero
221 2459 390 2498 Σκεπῶν
424 2473 506 2500 ιιοιι
534 2461 664 2500 minor
700 2460 938 2500 haesitatio:
973 2459 1144 2500 Carolus
1172 2473 1199 2501 a
1228 2460 1272 2501 S.
1302 2461 1444 2500 Paullo
1475 2461 1538 2500 vi-

102 2513 272 2553 dendum
302 2526 391 2554 esse
425 2519 557 2554 monet
587 2528 639 2554 an
670 2512 921 2553 Καισκεπῶν
951 2514 1035 2567 legi
1064 2515 1212 2566 possit3
1243 2515 1310 2555 ubi
1341 2516 1536 2556 maximo-

101 2579 199 2619 pere
226 2570 370 2609 vellem
400 2574 455 2620 ut,
484 2570 579 2622 quid
606 2570 766 2609 tandem
783 2569 1013 2620 Caescepon
1033 2570 1166 2620 fuerit,
1196 2570 1410 2610 docuisset.
1439 2571 1534 2610 Pal-

101 2622 225 2662 merio
255 2623 422 2661 Σκεπῶν
454 2637 567 2686 quae„
586 2625 639 2664 sit
678 2637 759 2664 non
788 2624 996 2664 succurrit.
1053 2601 1245 2676 equidem,
1275 2625 1310 2665 si
1335 2625 1536 2664 sententia

101 2676 156 2716 sit
181 2678 589 2730 ferenda‚Awr<103v
619 2691 706 2719 csse
738 2678 880 2721 dixero
917 2690 1048 2720 novae
1079 2679 1194 2731 Epiri
1222 2681 1442 2730 castellum,
1472 2678 1534 2720 cui

171 2762 490 2808 Const.1'orphyr
1214 2766 1259 2799 28
