1780 3132
231 174 302 213 DF,
345 168 793 212 Amnms'rRANDo
835 169 1053 210 lMPEfflO
1098 169 1214 212 CAP.
1255 173 1321 215 29.
1356 171 1423 214 30.
1496 161 1581 206 141

150 275 228 330 τήν
250 272 494 328 παράληψιν
525 275 738 328 ζητοῖσιν,
767 270 876 321 ὅπως
904 272 1071 327 ἐλήφθη
1100 272 1214 329 παρὰ
1246 277 1328 315 τῶν
1347 273 1589 324 Σκλαβικῶν

151 343 295 395 ἐθνῶν,
330 341 523 381 ἐντεῦθεν
553 338 639 380 ἔστι
667 342 838 391 μαθεῖν.
895 338 1002 381 ἄλλα
1033 337 1232 394 πρότερον
1257 336 1335 393 τήν
1362 338 1482 379 θέσιν
1509 335 1589 376 αὗ-

149 409 223 462 τῆς
253 407 481 460 διηγητέον.
536 407 582 447 ἐκ
621 407 808 447 παλαιοῦ
842 406 920 456 μὲν
947 407 1083 446 τοίνυν
1112 402 1137 460 ἢ
1169 404 1382 458 Δελματιά
1409 402 1482 457 τὴν
1509 403 1590 456 α’ρ-

149 472 229 527 χῆν
253 474 330 524 μὲν
368 467 478 523 εἶχεν
511 470 592 512 α’πύ
634 475 715 512 τῶν
742 469 931 523 συνόρων
956 472 1204 525 Δυρραχίου
1231 467 1356 527 ἤγουν
1388 467 1469 511 οἷπὸ
1493 468 1589 510 ’Λν-

115 536 374 591 5τιβιέρεως,
413 536 486 578 καὶ
507 538 764 592 παρετείνετο
793 538 870 589 μὲν
898 538 1027 590 μέχρι
1055 541 1136 579 τῶν
1166 539 1238 591 τῆς
1261 538 1437 589 Ἰστρίας
1466 537 1590 589 ὀρῶν,

147 602 398 645 ἐπλατύνετο
427 606 472 646 δὲ
500 606 627 657 μέχρι
656 605 733 644 τοῦ
761 605 998 656 Λανουβίου
1030 606 1234 656 ποταμοῦ.
1291 598 1342 658 ἦν
1370 606 1415 645 δὲ
1445 599 1590 643 ἅπασα

146 670 172 724 ἧ
202 669 372 726 τοιαύτη
394 672 628 725 περίχωρος
656 668 736 710 ὑπὸ
767 667 842 723 τὴν
864 669 1082 721 Ῥωμαίων
1110 670 1277 724 α’ρχὴν,
1314 671 1387 710 καί
1422 666 1589 718 ἐνδοξό-

144 751 264 791 τερον
290 739 374 778 τῶν
404 732 541 778 ἄλλων
577 733 780 789 ἑσπερίων
809 734 1004 786 θεμάτων
1040 734 1085 776 τὸ
1112 739 1299 777 τοιοῦτον
1331 740 1442 787 &aaa
1471 732 1588 786 ἐτύγ-

143 818 296 857 χανεν·
351 801 458 857 πλην
485 800 736 856 παρελήφθη
765 799 878 855 παρὰ
912 799 987 855 την
1017 804 1297 855 Σκλαβινικῶν
1326 804 1462 843 ἐθνῶν
1485 798 1587 854 τρό-

86 875 132 911 10
144 884 206 927 πῳ
231 869 385 926 τοιῷδε.
442 865 618 921 κάστρον
646 869 738 909 ἐστι’
767 868 941 922 πλησίον
966 868 1238 910 Ἀσπαλάθου
1272 866 1296 908 ὃ
1315 869 1488 910 Σαλῶνα
1514 869 1584 907 λε’-

139 949 278 989 yeme,
323 932 440 988 ἔργον
466 936 771 987 Διοκλητιανοῦ
810 935 1030 985 βασιλέως.
1091 935 1184 976 ἄλλ’
1218 934 1244 989 ἦ
1275 937 1352 987 μὲν
1374 930 1583 977 Ἀσπάλα-

139 1005 215 1049 θος
243 1002 318 1042 καί
345 999 451 1054 αὕτη
482 997 596 1052 παρὰ
613 1001 913 1054 Διοκλητιανοῦ
943 1002 1124 1054 ἐκτίσθη,
1155 1002 1226 1041 καί
1253 999 1305 1042 τοὶ
1340 1000 1471 1041 αὐτοῦ
1498 1003 1581 1051 βα..

137 1065 276 1108 σιλικά
308 1068 441 1108 ἐκεῖσε
470 1066 721 1119 ἐτύγχανον·
776 1067 836 1113 εἰς
867 1067 914 1106 δὲ
929 1068 1129 1107 Σαλῶναν
1161 1066 1368 1123 κατῴκουν
1397 1064 1434 1107 οἱ
1460 1082 1580 1119 μεγι-

103 1161 107 1165 -
138 1134 286 1181 στᾶνες
313 1132 446 1173 αὐτοῦ
474 1132 549 1172 καί
574 1132 656 1172 τῶν
684 1125 821 1184 ὄχλων
849 1130 995 1174 ἱκανοί.
1051 1131 1216 1187 ὑπῆρχε
1250 1134 1297 1174 δὲ
1325 1131 1368 1173 τὸ
1398 1134 1582 1174 τοιοῦτον

83 1196 317 1253 15κοὶστρον
359 1195 520 1253 κεφαλὴ
551 1195 687 1252 πάσης
713 1198 786 1251 τῆς
813 1199 1061 1250 Δελματιάς.
1116 1199 1363 1252 ἠθροίζοντο
1393 1193 1469 1239 οὖν
1501 1196 1615 1239 dmm>
1639 1204 1685 1241 94

137 1265 222 1305 πᾶν
249 1261 341 1312 ἔτος
371 1265 416 1304 ἐκ
443 1265 525 1304 τῶν
554 1265 708 1304 λοιπῶν
734 1261 926 1316 κάστρων
955 1264 1028 1318 τῆς
1058 1266 1296 1316 Δελματίας
1325 1265 1578 1317 στρατιῶται

141 1328 327 1384 ἔφιπποι,
357 1326 430 1370 καί
455 1329 755 1371 ἀπεστέλλοντο
786 1325 866 1369 dud
897 1331 969 1383 τῆς
996 1332 1190 1378 Σαλῶνος
1226 1330 1351 1383 μέχρι
1390 1330 1472 1371 τῶν
1506 1345 1580 1383 χι-

138 1398 262 1451 λίων,
299 1397 374 1437 καί
406 1395 639 1451 ἐφύλαττον
674 1397 734 1443 εἰς
765 1394 835 1437 τὸν
863 1398 1102 1449 Λανουβίου
1133 1394 1321 1448 ποταμὸν
1349 1395 1469 1437 ἕνεκα
1498 1398 1582 1438 τῶν

139 1459 351 1517 Ἀβάρων·
407 1461 446 1503 οἱ
482 1459 562 1516 γὰρ
601 1461 791 1516 Ἀβάρεις
829 1463 991 1503 ἐκεῖθεν
1023 1463 1098 1503 τοῦ
1124 1463 1362 1516 Λανουβίου
1394 1464 1583 1515 ποταμοῦ

81 1537 127 1572 20
141 1527 216 1577 τὰς
247 1526 471 1581 διατριβάς
497 1529 726 1582 ἐποιοῦντο,
755 1525 860 1569 ἔνθα
889 1527 1043 1581 α’ρτίως
1073 1529 1178 1570 εἰσίν
1211 1526 1251 1570 οἱ
1284 1530 1486 1584 Τοῦρκοι,
1514 1543 1582 1570 νο-

137 1594 257 1646 μάδα
284 1595 376 1648 βίον
410 1595 568 1645 ζῶντες.
626 1592 908 1648 ἀπερχόμενοι
949 1594 995 1635 δὲ
1030 1592 1069 1635 οἱ
1094 1596 1336 1645 Δελματιάς
1376 1598 1465 1635 κατ’
1493 1593 1582 1643 ἔτος

137 1659 312 1711 ε”βλεπον
342 1657 540 1708 πολλάκις
569 1661 729 1701 ἐκεῖθεν
759 1661 834 1700 τοῦ
861 1662 1052 1713 ποταμοῦ
1078 1661 1127 1702 τά
1157 1676 1202 1702 τε
1231 1660 1352 1716 κτήνη
1379 1663 1451 1701 καί
1482 1658 1581 1708 τούς

138 1723 400 1780 ἀνθρώπους.
457 1723 595 1776 ἔδοξεν
625 1720 698 1766 οὖν
725 1726 868 1775 αὐτοῖς
899 1723 1000 1767 κατά
1030 1742 1121 1767 τινα
1145 1724 1297 1781 χρόνον
1326 1728 1580 1782 διαπερᾶσαι

231 1860 250 1893 7
274 1858 420 1902 τοιαύτη
444 1857 464 1902 ἢ
488 1859 594 1904 vulgo
713 1859 754 1894 17
778 1855 844 1902 τὴν
866 1860 1027 1896 §aaaron
1053 1858 1092 1893 Μ

135 1984 222 2019 inde
256 1983 390 2017 bonum
419 1988 601 2029 sequatur.
661 1984 891 2029 quamobrem
924 1983 969 2017 de
1006 1984 1183 2017 Dalmatia
1217 1984 1306 2017 scire
1338 1984 1579 2030 cupientibus,

137 2031 319 2078 quomodo
347 2042 366 2063 a
395 2030 563 2063 Sclavicis
590 2031 800 2064 nationibus
826 2036 928 2076 capta
952 2031 1080 2071 suerit,
1106 2031 1189 2064 hinc
1213 2030 1347 2064 discere
1373 2032 1468 2065 licet.
1517 2033 1580 2065 sed
1626 2053 1630 2058 ι

136 2079 248 2125 primo
275 2079 363 2111 situs
389 2078 463 2110 eius
488 2077 683 2110 narrandus
708 2083 773 2111 est.
824 2078 1025 2124 antiquitus
1049 2078 1158 2122 igitur
1184 2078 1360 2112 Dalmatia
1383 2079 1581 2124 incipiebat

137 2137 156 2159 a
190 2125 354 2158 confiniis
381 2124 680 2168 Dyrrachii'sive
711 2125 756 2158 ab
792 2125 975 2165 Anfibnri,
1016 2131 1052 2158 et
1083 2124 1128 2157 ad
1153 2126 1277 2159 Istriae
1301 2132 1439 2159 montes
1467 2137 1578 2171 usque

135 2171 388 2219 pertingebat,
419 2172 457 2204 in
488 2172 683 2205 latitudine
706 2183 789 2205 vero
814 2172 859 2204 ad
882 2171 1088 2205 Danubium
1118 2171 1251 2205 flumen
1279 2184 1316 2206 se
1341 2173 1578 2214 extendebat3

135 2225 284 2264 eratque
321 2219 436 2252 omnis
463 2218 527 2252 ille
567 2219 739 2252 finitimus
771 2224 901 2252 tractus
934 2219 999 2251 sub
1032 2220 1269 2252 Romanorum
1303 2225 1500 2264 potestate,
1543 2226 1580 2253 et

134 2265 479 2312 praestantissimum
514 2265 632 2300 thema
666 2266 822 2299 omnium
856 2265 1131 2299 occidentalium
1159 2265 1372 2300 habebatur.
1422 2273 1578 2300 ceterum

135 2325 156 2347 a
181 2313 314 2346 sclavis
348 2316 520 2358 occupata
556 2312 625 2345 fuit
664 2312 732 2347 hoc
762 2312 880 2346 modo.
929 2324 1042 2358 prope
1066 2313 1297 2358 Aspalathum
1325 2313 1408 2347 urbs
1447 2315 1575 2347 Salona

136 2365 190 2394 est
213 2371 232 2392 a
255 2359 482 2393 Diocletiano
518 2360 732 2404 imperatore
762 2360 933 2401 condita,
959 2360 1259 2405 quemadmodum
1289 2367 1326 2394 et
1349 2362 1576 2406 Aspalathus,

136 2407 198 2440 ubi
231 2406 404 2452 palatium
428 2407 512 2439 item
539 2407 614 2447 eius
645 2412 736 2441 erat:
765 2407 932 2440 Salonam
966 2419 1050 2440 vero
1087 2413 1269 2452 magnates
1299 2408 1508 2442 incolebant
1542 2415 1579 2442 et

134 2465 260 2498 magna
285 2453 412 2499 populi
442 2453 650 2487 multitudo.
700 2460 809 2499 atque
843 2453 932 2487 haec
965 2454 1049 2487 urbs
1084 2455 1284 2488 Dalmatiae
1321 2457 1435 2489 totius
1470 2461 1578 2500 caput

135 2507 224 2534 erat.
273 2500 581 2544 congregabantur
602 2502 724 2546 itaque
750 2502 943 2546 quotannis
971 2513 1015 2534 ex
1041 2502 1188 2548 reliquis
1207 2503 1404 2537 Dalmatiae
1428 2502 1577 2536 urbibus

134 2549 285 2594 equites,
310 2553 346 2580 et
374 2547 611 2581 mittebantur
639 2548 769 2581 Salona
794 2559 907 2593 usque
934 2547 979 2581 ad
1005 2549 1106 2582 mille
1129 2548 1174 2582 ad
1197 2549 1329 2584 flumen
1357 2549 1576 2591 Danubium,

133 2601 175 2628 ut
195 2594 246 2628 ibi
270 2593 440 2627 excubias
471 2600 593 2628 contra
629 2595 759 2628 Abares
786 2601 942 2639 agerent.
991 2595 1046 2628 Ad
1068 2596 1169 2629 illam
1194 2598 1288 2629 enim
1313 2597 1471 2630 Danubii
1496 2608 1579 2642 par·

131 2646 205 2675 tem
233 2641 364 2674 Abares
395 2647 482 2675 tunc
503 2642 823 2683 commorabantur,
847 2642 909 2675 ubi
930 2642 1042 2675 hodie
1062 2643 1201 2677 Turcae
1217 2643 1362 2688 degunt,
1387 2644 1578 2677 nomadum

132 2688 248 2722 instar
274 2689 445 2722 viventes.
493 2690 679 2722 venientes
701 2695 818 2723 autem
843 2690 1037 2735 quotannis
1055 2691 1242 2724 Dalmatae
1266 2702 1344 2724 cum
1371 2703 1477 2736 saepe
1502 2692 1578 2724 illic

133 2735 293 2770 iumenta
318 2735 552 2782 hominesque
575 2735 751 2778 viderent,
779 2737 943 2771 traiicere
967 2737 1040 2771 illis
1067 2737 1264 2784 aliquando
1292 2739 1405 2774 visum
1432 2739 1514 2779 suit,
1540 2743 1576 2772 et
