1780 3132
358 136 411 174 ΙΝ
445 133 766 176 SYNECDEMU
769 135 807 173 M
849 129 1288 174 COMMENTARIUS.
1447 128 1539 173 509

103 250 235 292 laeum
275 245 554 299 disceptabant
593 246 700 300 apud
742 246 908 286 Dionem
948 245 1275 295 Chrysostomum
1313 245 1486 287 Tarsica
1513 251 1540 286 2

103 317 143 358 p.
163 307 255 344 426.
324 302 496 342 reddere
529 302 666 342 urbem
708 301 759 342 15.
791 301 1054 367 Casaubonus
1095 301 1222 341 eidem
1233 300 1543 364 Chrysostomo

104 363 209 399 orat·
227 358 281 398 45
307 370 347 410 Ρ.
368 359 451 396 516
478 357 617 398 voluit.
647 355 691 394 τί
718 368 792 394 ουν
819 355 890 394 ἑπί
918 353 994 392 δύο
1024 352 1186 405 ἡμέρας
1214 349 1240 407 ἢ
1266 359 1389 406 τρεῖς,
1418 357 1546 409 inquit

103 418 266 462 orator,
295 411 530 474 γενομέιης
539 409 838 463 χειοοπονίςας
880 409 1065 471 ἐξῆλθον,
1099 407 1198 448 ου’όὲ
1225 409 1383 459 μᾶλλον
1409 426 1546 462 uana-

103 465 244 517 τυχών
282 469 366 511 τοῖς
393 461 612 517 γεγονόσιν.
669 477 755 504 cum
785 465 889 505 enim
917 460 963 502 τὸ
1002 464 1160 513 μᾶλλον
1188 465 1282 518 quid
1306 466 1349 506 in
1378 468 1547 520 vulgata

104 524 231 564 vellet
253 522 436 570 lectione,
464 534 544 561 ιιοιι
563 524 791 573 appareret,
820 518 992 583 ἐξῆλθον
1009 531 1068 564 εις
1088 518 1278 571 Μᾶλλον,
1296 519 1346 558 ου’
1362 535 1547 571 παρατυ-

104 590 195 628 χων
221 579 304 622 τοῖς
329 589 365 626 γ.
394 576 567 626 refinxit,
597 575 816 628 plausibili,
845 575 923 614 nisi
953 574 1102 614 Mallos
1128 575 1342 627 plurimum
1369 589 1395 617 a
1416 577 1546 618 Prusa

105 633 288 682 distaret,
310 632 552 672 coniectura.
610 630 731 670 aliter
759 629 958 670 Seldenus
997 628 1040 669 in
1063 629 1258 671 Anecdot.
1286 631 1420 672 Wolfii
1450 638 1544 673 tom.

106 692 131 728 1
163 701 202 741 p.
221 691 305 727 273
330 686 513 726 instituit.
569 685 666 724 mihi
692 697 822 737 parvo
846 684 1060 734 molimine,
1090 681 1190 723 ουδὲ
1217 685 1381 733 μέλλων
1407 701 1547 738 πασα-

105 745 249 792 τυχεῖν
275 744 360 786 τοῖς
385 753 422 792 y.
454 751 550 780 cum
578 740 870 781 decrevissem
897 738 1039 791 saetis
1059 751 1143 781 non
1170 739 1341 793 adesse,
1367 742 1547 783 succurri

106 809 230 851 posse
257 796 377 837 Dioni
411 794 582 836 videtur.

214 865 405 911 397,11.
462 857 694 911 Ζεφύριον]
727 860 768 901 in
797 861 976 901 Menaeis
993 861 1047 902 VI
1078 861 1163 901 Iun.
1192 861 1243 901 de
1266 862 1396 903 Dula·
1429 852 1549 907 οὗτος

104 908 159 966 ἦν
186 913 231 955 ἐκ
254 913 471 969 Ζεφυοίου
497 911 838 967 Ποαιτωριάὸος,
872 914 1078 967 ἐπαρχίας
1106 915 1178 966 τῆς
1206 916 1414 962 chmfflag
1444 917 1548 957 unde

104 971 409 1013 Praetoriadem
450 971 600 1012 dictam
630 970 758 1010 fuisse
776 975 961 1034 putares.
1034 975 1080 1011 at
1109 983 1190 1011 non
1217 971 1307 1023 ipsa
1335 973 1444 1023 urbs,
1475 972 1547 1012 sed

104 1027 219 1068 vicus
247 1027 309 1068 illi
337 1026 495 1068 vicinus
526 1038 573 1066 eo
602 1026 838 1079 cognomine
859 1025 957 1066 fuit·
988 1038 1081 1066 nam
1099 1026 1226 1066 Dulas
1255 1026 1342 1078 ipse
1374 1027 1414 1067 in
1434 1004 1548 1067 'Actis

104 1085 198 1122 tom.
228 1083 562 1135 21un.p.1044
594 1058 742 1126 ἔθνους
768 1081 847 1130 μὲν
876 1076 975 1131 εἰμι’,
1011 1081 1150 1134 inquit,
1181 1081 1380 1133 Κιλίκων,
1410 1079 1549 1133 κώμης

107 1135 156 1175 δὲ
186 1133 527 1189 Πραιτωοιάδος.
602 1135 747 1176 aberat
785 1135 1032 1188 Zephyrium
1070 1137 1125 1177 M.
1157 1136 1201 1175 P.
1231 1138 1288 1176 34
1331 1138 1487 1187 Tarso,
1514 1137 1549 1177 si

105 1191 247 1233 iisdem
274 1191 387 1232 Actis
415 1192 540 1231 fidere
568 1192 632 1232 fas
657 1194 731 1232 est.
765 1191 850 1231 eius
877 1191 1088 1255 episcopus
1118 1191 1260 1231 Petrus
1289 1187 1448 1236 πόλεως
1475 1191 1549 1229 τοῦ

105 1246 325 1300 Ζεφυρίου
355 1245 427 1297 τῆς
452 1241 618 1298 πρώτης
645 1244 726 1285 τῶν
743 1242 929 1284 Κιλίκων
958 1243 1163 1298 ἐπαρχίας
1186 1246 1228 1287 in
1239 1245 1547 1300 constantinop.

104 1303 230 1344 tertio
258 1315 297 1356 p.
316 1306 400 1343 670
429 1300 587 1342 dieitur.

164 1370 165 1373 ’
215 1365 326 1411 Ιόὶιί.
356 1371 422 1409 12.
480 1361 679 1412 Κιλικίας
705 1360 760 1417 β’]
802 1367 908 1408 hanc
936 1366 1200 1419 provinciam,
1232 1367 1362 1421 priori
1388 1368 1549 1410 abstra-

106 1427 224 1474 ctam,
257 1428 299 1464 et
327 1422 586 1464 Anazarbum
630 1423 874 1476 metropolin
920 1422 1174 1463 Theodosius
1214 1424 1411 1464 secundus
1439 1424 1548 1473 fecit,

101 1479 259 1520 Malaia
287 1483 380 1519 tom.
390 1481 436 1540 ⁸2
464 1491 503 1530 Ρ.
519 1481 575 1518 69
602 1483 793 1518 auctore·
823 1476 898 1516 καί
925 1476 1125 1516 Κιλικίαν
1153 1475 1356 1527 δευτέραν
1387 1476 1544 1526 α’πομε-

103 1531 230 1596 ρίσας
251 1529 332 1572 α’πό
360 1530 430 1584 τῆς
458 1531 621 1595 ποιότης
659 1531 851 1596 ἐποίησεν
878 1530 1107 1584 ἑπαοχί,αν
1137 1529 1237 1578 δούς
1277 1531 1436 1571 δίκαιον
1463 1548 1543 1584 μη-

100 1583 336 1639 τροπόλεως
365 1584 607 1641 Ἀναζάρβῳ
635 1587 684 1640 τῇ
702 1583 832 1626 πόλει.
867 1588 932 1628 cui
959 1592 1094 1628 tamen
1126 1592 1257 1628 utrum
1285 1592 1372 1628 tuto
1401 1601 1544 1628 assen-

101 1643 220 1684 tiaris
245 1643 424 1684 dubites:
462 1655 556 1684 nam
594 1644 636 1684 in
663 1643 818 1684 Notitia
852 1642 945 1695 imp.
992 1643 1146 1683 Orient.
1191 1648 1362 1695 utraque
1401 1643 1548 1684 Cilicia

101 1702 368 1748 memoratur;
419 1702 460 1738 et
486 1710 654 1751 praeses
682 1698 873 1749 Ciliciae,
903 1697 1123 1738 cuiusmodi
1162 1699 1429 1750 magistratus
1455 1699 1547 1738 huic

100 1753 179 1794 fuit
205 1753 429 1806 impositus,
459 1758 520 1793 est
549 1753 592 1794 in
612 1754 725 1794 Actis
743 1752 902 1794 Claudii
930 1754 1003 1793 sub
1022 1752 1276 1793 Diocletiano
1304 1753 1411 1805 apud
1442 1753 1546 1793 Rui-

99 1812 207 1850 nart.
239 1822 279 1862 Ρ.
301 1812 405 1860 266,
434 1812 476 1847 et
502 1808 575 1848 sub
604 1808 842 1850 Constantio
871 1809 913 1849 in
941 1808 968 1849 1.
989 1810 1044 1848 24
1066 1821 1100 1847 c.
1127 1807 1282 1848 Theod.
1313 1808 1363 1847 de
1390 1807 1542 1861 Appel-

99 1863 174 1905 lat.
204 1867 324 1917 atque
353 1863 395 1904 in
421 1863 618 1906 Ammian.
650 1868 705 1905 23
730 1877 763 1905 e.
794 1867 838 1903 2.

210 1927 320 1971 Ibid.
349 1933 413 1970 13.
471 1926 739 1981 Ἀνάξαρβος]
768 1930 873 1970 hanc
902 1928 1143 1981 metropolin
1169 1931 1334 1980 praeter
1348 1928 1543 1968 Malalam
1614 1970 1617 1974 ,

99 1984 277 2035 synodus
303 1985 590 2038 Mopsuestena
619 1987 854 2039 frequenter
881 1988 1088 2024 memorat.
1144 1983 1237 2023 vide
1265 1984 1407 2024 concil.
1437 1983 1545 2024 Con-

98 2039 321 2093 stantinop.
353 2041 573 2082 secundum
597 2053 636 2094 Ρ.
660 2045 742 2082 119
770 2045 811 2080 et
838 2039 931 2081 Ant.
961 2039 1052 2079 ltin.
1083 2051 1124 2091 p.
1144 2041 1239 2079 213.

205 2103 315 2148 Ibid.
399 2102 710 2158 Μοψουεστιά]
754 2106 1003 2159 Mopsuestia
1045 2104 1204 2144 colonia
1243 2103 1543 2145 Christianissi-

99 2172 166 2202 ma
190 2160 234 2201 in
262 2161 376 2202 Actis
405 2161 714 2214 Constantinop.
754 2161 918 2202 secundi
945 2174 983 2212 p.
1002 2163 1095 2222 118,
1108 2171 1213 2224 quo
1229 2160 1348 2199 titulo
1381 2161 1546 2226 quando

98 2216 239 2257 ornari
269 2217 394 2257 fuerit
432 2221 576 2269 coepta
615 2218 798 2269 equidem
824 2218 982 2268 ignoro.
1024 2209 1119 2264 ispa
1141 2227 1209 2252 και
1240 2213 1443 2266 ἐλευθέρα
1473 2211 1546 2253 καί

96 2262 265 2364 i’t'ffvmloc
280 2271 324 2312 in
355 2271 476 2313 Thes.
537 2271 681 2313 .cl.v
711 2275 739 2313 4
770 2275 811 2312 et
838 2272 1009 2311 liberum
1037 2269 1225 2322 oppidum
1253 2269 1397 2311 Plinio.
1438 2270 1543 2311 Vide

117 2325 176 2366 tin
217 2326 253 2366 11
296 2339 335 2379 Ρ.
365 2329 462 2369 580.

206 2390 316 2433 Ιόὶιί.
375 2387 545 2442 Αἴγεαι]
579 2392 724 2433 civitas
748 2390 918 2444 Aegea
907 2403 949 2430 ιιι
981 2389 1092 2430 Actis
1112 2389 1155 2431 S.
1181 2389 1341 2431 Claudii
1368 2403 1403 2430 c.
1437 2394 1475 2441 1,
1502 2394 1543 2431 et

97 2444 267 2499 Aegaea
307 2447 349 2487 in
377 2447 544 2496 synodo
581 2448 870 2500 Mopsuestana
911 2446 1017 2485 inter
1042 2446 1186 2486 concil.
1230 2445 1538 2509 Constantinop.

97 2513 178 2541 see.
217 2502 381 2543 decreta
418 2515 457 2553 Ρ.
502 2505 596 2541 118
660 2502 823 2551 Αἰγαῖα
863 2499 1129 2541 Constantino
1179 2501 1415 2553 imperatori
1453 2502 1538 2542 1.1

97 2555 237 2596 Them.
270 2560 349 2607 13,
379 2556 531 2596 Basilio
570 2556 625 2597 M.
667 2556 783 2608 epist.
815 2559 898 2596 244
926 2556 1185 2608 Patrophilus
1227 2556 1438 2608 episcopus
1467 2555 1540 2605 τῆς

96 2608 142 2648 ἐν
169 2609 346 2661 Αἰγέαις
386 2609 630 2662 ἐκκλησίας,
657 2623 825 2663 prorsus
865 2611 918 2651 ad
955 2611 1154 2651 Hieioclis
1195 2616 1379 2651 mentem.
1447 2610 1540 2650 vide

96 2664 248 2708 Antou·
279 2666 370 2708 ltin.
399 2678 438 2718 p.
460 2669 551 2707 146.
620 2666 739 2708 situm
768 2666 906 2721 oppidi
943 2666 1050 2707 Acta
1077 2666 1120 2708 S.
1151 2666 1322 2707 Zenobii
1349 2666 1390 2707 in
1420 2667 1539 2707 Lam-
