1780 3132
269 178 331 221 20
532 174 898 219 CONSTANTINI
930 174 1156 216 PORPHY
1157 173 1345 216 ROGEN
1349 173 1423 213 1T1

267 287 338 340 μὲν
363 285 386 340 ἢ
406 288 529 343 μικρὰ
550 285 842 334 Καππαδοκία,
875 281 901 337 ’ἢ
922 283 1065 341 ἀρτίως
1083 287 1137 334 εἷς
1155 285 1332 336 θέματος
1352 282 1476 336 ὄνομα
1491 283 1689 338 χρηματί-

271 357 404 404 ζουσα.
448 355 508 395 ἐπὶ
532 354 573 394 δὲ
595 356 672 393 τῶν
690 351 772 392 ἄνω
788 349 943 406 χρόνων
963 351 1034 393 εἴτε
1051 351 1326 393 Ἰουστινιανοῦ
1348 350 1420 392 εἴτε
1442 348 1565 390 ἄλλου
1587 348 1690 397 τινὸς

271 425 348 462 τῶν
371 420 566 472 βασιλέων
593 419 811 472 τμηθείσης
839 422 911 471 τῆς
933 419 1221 466 Καππαδοκίας
1244 419 1297 467 εἷς
1316 418 1404 473 τριά
1423 415 1524 471 με’ρη
1546 415 1590 458 τὸ
1618 415 1690 467 μὲν

271 485 480 540 μεσόγαιον
519 483 668 538 ἐκλήθη
697 484 929 539 Χαρσιανὸν
959 484 1036 525 ἀπὸ
1067 485 1252 539 Χαρσίου
1286 483 1390 532 τινὸς
1417 481 1606 538 ἄρχοντος
1633 485 1690 536 τῷ

271 551 357 595 τότε
379 556 504 608 καιρῷ
527 550 856 603 εὐδοκιμήσαντος
878 552 919 592 ἐν
938 555 995 607 τῷ
1017 550 1116 605 πρὸς
1139 551 1302 605 Πέρσας
1323 549 1504 605 πολέμῳ,
1537 550 1602 590 καὶ
1625 548 1721 596 διὰ5

271 623 385 661 τοῦτο
423 621 476 667 εἷς
502 618 677 670 θέματος
707 616 816 667 τάξιν
844 619 909 658 καὶ
942 618 1182 672 στρατηγίδα
1203 617 1318 671 μέχρι
1337 619 1408 658 τοῦ
1433 619 1502 657 νῦν
1516 612 1691 670 ἐχρημά-

270 698 374 726 τισε·
408 685 452 725 τὸ
478 686 521 725 δὲ
541 683 648 725 κάτω
669 686 733 724 καὶ
751 683 849 739 πρὸς
871 682 1082 726 θάλασσαν
1099 683 1249 737 ἐκλήθη
1271 682 1522 739 Ἀρμενιακὸν
1550 681 1618 722 διὰ
1646 681 1691 722 τὸ

271 747 366 792 εἶναι
386 751 481 792 αὐτὸ
501 749 772 805 πλησιόχωρον
793 754 870 792 τῶν
882 751 1104 804 Ἀρμενίων,
1133 750 1176 792 τὸ
1200 751 1242 792 δὲ
1260 750 1416 792 ἄνωθεν
1432 750 1498 791 καὶ
1520 746 1692 804 ὁμοροῦν

268 825 350 866 τοῖς
367 815 555 858 Λυκάοσι
573 819 638 858 καὶ
657 821 712 873 τῷ
736 815 884 873 Ταύρῳ
904 818 1170 858 Καππαδοκία
1190 816 1334 872 μικρά,
1361 815 1386 870 ἦ
1405 820 1486 867 νῦν,
1516 813 1570 864 ὥς
1589 814 1690 871 ἔφα-

266 901 351 936 μεν,
388 886 441 932 εἷς
472 884 645 936 θέματος
674 883 799 936 ὄνομα
828 885 1138 939 χρηματίζουσα.
1206 882 1451 936 ἐβασιλεύετο
1482 883 1526 924 δὲ
1553 882 1689 936 με’χρις
1703 894 1745 929 10

267 949 504 1004 Αὐγούστου
525 951 740 1005 Καίσαρος.
806 945 854 1003 ἧν
881 951 924 991 δὲ
948 948 1024 991 ὑπὸ
1048 951 1119 1004 τὴν
1139 952 1342 1006 Περσικὴν
1364 950 1555 999 ἐξουσίαν,
1599 949 1691 1003 πρὶν

266 1016 292 1070 ἢ
322 1017 365 1058 τὸ
395 1015 548 1070 Ῥώμης
580 1016 803 1070 αὐξηθῆναι
829 1018 1040 1068 βασίλειον.
1114 1017 1258 1071 ἐγένετο
1290 1018 1334 1058 δὲ
1362 1018 1429 1058 καὶ
1460 1013 1690 1068 αὐτόνομος,

267 1083 330 1125 ὅτε
354 1082 601 1139 Ἀριαράθης
628 1078 746 1137 ἦρχεν
768 1083 888 1136 αὐτῆς
913 1081 933 1124 ὃ
953 1081 1162 1135 βασιλεύς,
1212 1085 1254 1132 ἐξ
1274 1078 1321 1124 οὗ
1337 1085 1403 1124 καὶ
1423 1081 1448 1137 ἡ
1467 1085 1580 1136 λίμνη
1601 1079 1626 1135 ἦ
1645 1081 1689 1123 τὸ

268 1149 368 1198 ἅλας
396 1152 601 1199 τίκτουσα,
646 1149 694 1203 ἢν
731 1149 873 1204 ἀρτίως
910 1152 1216 1205 βαρβαρίζοντες
1249 1151 1457 1204 Καρατιάν
1490 1152 1691 1195 καλοῦσιν,
1738 1202 1741 1206 Δ

260 1215 519 1271 Ἀριαράθεια
542 1215 810 1269 ε’πωνόμαστο.
875 1215 974 1267 μετὰ
1001 1217 1043 1256 δὲ
1066 1215 1310 1270 Ἀριαράθην
1335 1212 1534 1266 βασιλεύει
1569 1213 1690 1266 αὐτῆς
1703 1226 1744 1260 15

260 1283 469 1338 Ἀρχέλαος
489 1280 509 1323 ὃ
531 1282 721 1336 κηδεστὴς
735 1278 922 1336 ἹΙρώὸου
941 1286 1013 1323 τοῦ
1032 1283 1227 1333 βασιλέως
1245 1285 1316 1334 τῆς
1334 1281 1541 1329 Ἰουδαίας.
1591 1279 1692 1332 μετὰ

267 1351 310 1391 δὲ
328 1354 465 1391 τοῦτον
486 1349 739 1401 παυσαμένης
762 1352 832 1401 τῆς
847 1349 1051 1400 βασιλείας
1072 1351 1126 1396 εἷς
1150 1349 1339 1402 ἐπαρχίαν
1362 1347 1472 1403 παρὰ
1496 1349 1576 1388 τῶν
1592 1344 1692 1387 Ῥω-

266 1417 395 1468 μαίων
413 1416 456 1457 τὸ
477 1420 612 1469 σχῆμα
628 1416 844 1468 μετέβαλε,
878 1416 942 1456 καὶ
962 1412 1192 1463 ἀνθύπατος
1213 1413 1358 1467 ταύτην
1375 1410 1631 1467 ἓὸασμολόγει
1649 1429 1690 1454 τε

265 1485 330 1524 καὶ
354 1481 585 1524 διετάττετο.
617 1484 688 1524 εἶσὶ
711 1483 753 1523 δὲ
769 1479 899 1530 πόλεις
917 1483 1096 1535 ἐπίσημοι
1116 1481 1218 1522 κατὰ
1234 1481 1304 1535 τὴν
1324 1479 1483 1536 πρώτην
1502 1480 1692 1534 ἐπαρχίαν

173 1558 199 1591 Ρ
222 1559 243 1593 7
264 1550 471 1604 τέσσαρες,
507 1548 731 1603 Καισάρεια
751 1547 1011 1603 μητρόπολις,
1046 1547 1071 1602 ἢ
1102 1548 1178 1589 ἀπὸ
1205 1553 1275 1589 τοῦ
1294 1547 1466 1602 μεγάλου
1485 1548 1746 1601 ΚαίσαροςΞΟ

260 1617 424 1658 Ἰουλίου
449 1619 742 1668 ὀνομασθεῖσα,
778 1614 864 1668 ἥτις
890 1613 1080 1670 πρότερον
1105 1617 1278 1656 ἐκαλεῖτο
1302 1613 1481 1665 Μάζακα
1500 1613 1577 1655 ἀπὸ
1593 1615 1692 1655 Mo-

355 1711 375 1743 1
397 1704 516 1750 ὄνομα
541 1705 702 1751 θέματος
723 1708 786 1742 AV
918 1709 940 1742 2
961 1703 1078 1741 ἄλλων
1100 1708 1210 1741 τινῶν
1223 1709 1254 1740 V
1386 1708 1406 1741 5
1429 1703 1694 1749 παρευδοκιμή-

355 1764 486 1791 σοιντος
508 1753 538 1784 V
673 1754 694 1786 8
719 1751 823 1796 αὐτὸ]
846 1750 887 1787 τὰ
912 1753 946 1785 V
1080 1753 1102 1786 9
1122 1751 1145 1795 ἡ
1171 1753 1237 1786 add
1258 1753 1287 1786 A
1425 1753 1466 1785 10
1489 1748 1607 1794 ὄνομα
1627 1749 1692 1784 θέ-

352 1810 466 1841 ματος
489 1798 549 1830 AV
641 1799 684 1832 12
707 1794 729 1841 ἢ
754 1798 828 1831 τῶν
850 1796 1039 1838 Ῥωμαίων
1061 1798 1091 1830 Α
1182 1798 1224 1832 13
1247 1795 1290 1830 τὸ
1316 1808 1368 1830 om
1390 1796 1423 1829 V
1525 1799 1568 1832 16
1589 1796 1694 1839 κηδε-

355 1841 442 1885 στὴς
464 1838 546 1884 ἤτοι
570 1838 591 1875 ὁ
616 1838 866 1884 συμπενθερός
886 1839 1057 1884 “Ηροόδου
1079 1842 1110 1875 Α
1246 1842 1288 1876 17
1311 1841 1428 1875 ταῦτα
1451 1841 1483 1875 Α
1585 1838 1692 1884 ἐπαρ-

350 1888 432 1930 χίας
453 1888 516 1920 AV
653 1888 694 1921 18
717 1884 948 1930 ἐθεσμολόγει
970 1885 1001 1919 V

267 1964 497 2008 Cappadocia,
523 1977 609 2009 quae
631 1977 699 2000 non
721 1964 770 1998 ita
793 1964 922 2009 pridem
946 1963 1105 1998 thematis
1127 1974 1249 1996 nomen
1273 1966 1372 1996 nacta
1394 1966 1458 1996 est.
1504 1960 1693 2006 superiori-

265 2009 329 2042 bus
353 2021 434 2042 vero
458 2011 687 2054 temporibus,
719 2009 794 2044 sive
816 2009 996 2042 Iustiniani
1019 2009 1093 2042 sive
1123 2008 1262 2041 alterius
1287 2007 1458 2041 cuiusdam
1481 2018 1523 2040 ex
1545 2007 1691 2051 impera-

267 2053 410 2096 toribus,
438 2055 658 2099 Cappadocia
678 2056 714 2089 in
737 2059 808 2087 tres
832 2060 948 2098 partes
971 2059 1075 2096 secta,
1099 2053 1345 2086 mediterranea
1366 2063 1447 2096 pars
1469 2051 1693 2085 Char-sianum

266 2099 465 2141 vocabatur,
489 2111 509 2132 a
530 2100 675 2134 Charsio
700 2100 844 2144 quodam
866 2099 964 2141 duce,
991 2099 1139 2142 quitum
1162 2098 1250 2131 bello
1275 2098 1438 2130 adversus
1461 2096 1587 2130 Persas
1610 2108 1694 2141 pro·

266 2154 369 2185 spere
392 2149 489 2186 gesto
515 2145 660 2178 celebris
683 2149 780 2185 erat;
804 2149 906 2187 atque
928 2143 1052 2177 iccirco
1076 2143 1111 2175 in
1135 2142 1293 2176 thematis
1317 2147 1351 2175 et
1374 2141 1610 2186 praefecturae
1635 2152 1693 2174 or-

267 2188 379 2220 dinem
404 2188 439 2220 in
463 2189 550 2221 hunc
573 2201 680 2233 usque
704 2190 792 2223 diem
816 2189 924 2222 relata
947 2194 1012 2222 est.
1058 2188 1202 2222 inferior
1216 2198 1297 2220 vero
1319 2198 1409 2231 pars,
1433 2186 1476 2220 ad
1498 2197 1591 2219 mare
1613 2196 1694 2219 ver-

268 2243 366 2275 gens,
389 2232 622 2266 Armeniacum
645 2234 815 2279 appellata
838 2240 901 2276 est,
929 2233 1018 2277 quod
1038 2233 1084 2266 sit
1105 2232 1201 2276 regio
1225 2231 1394 2265 Armeniis
1418 2230 1544 2264 vicina.
1589 2242 1694 2275 supe-

267 2277 340 2310 rior
363 2282 473 2310 autem
499 2290 590 2322 pars,
617 2279 760 2312 finitima
774 2278 991 2321 Lycaonibus
1016 2282 1050 2310 et
1070 2277 1199 2320 Tauro,
1223 2276 1441 2320 Cappadocia
1457 2276 1583 2317 minor3
1606 2286 1696 2320 quae

269 2333 370 2364 nunc,
395 2327 432 2355 ut
454 2322 611 2365 diximus,
635 2323 792 2357 thematis
816 2323 1074 2368 appellationem
1100 2327 1200 2355 nacta
1222 2323 1285 2354 sub
1309 2333 1424 2365 regum
1440 2320 1614 2355 dominatu
1628 2320 1697 2354 suit

269 2377 377 2410 usque
400 2368 441 2399 ad
466 2369 652 2411 Augustum
676 2368 881 2409 Caesarem3
914 2374 992 2401 ante
1026 2378 1108 2400 vero
1131 2365 1276 2400 Romani
1298 2366 1431 2411 imperii
1453 2365 1695 2399 incrementum

269 2413 330 2444 sub
348 2411 489 2444 Persica
513 2418 682 2456 potestate
705 2419 792 2446 erat.
839 2414 898 2446 sed
923 2419 958 2446 et
979 2412 1031 2446 sui
1052 2411 1137 2445 iuris
1162 2411 1237 2454 suit,
1264 2422 1337 2444 cum
1361 2410 1540 2444 Ariaratha
1561 2420 1623 2443 rex
1645 2409 1695 2442 ibi

268 2462 450 2498 regnaret3
475 2469 517 2490 ex
540 2468 606 2500 quo
633 2457 731 2490 etiam
754 2458 848 2490 lacus
872 2457 961 2491 sales
983 2457 1136 2500 gignens,
1161 2467 1258 2500 quem
1282 2456 1380 2489 modo
1402 2455 1539 2489 barbari
1555 2454 1696 2488 Caratia

269 2501 454 2544 appellant,
479 2502 681 2535 Ariarathen
705 2504 972 2546 nuncupabatur.
1019 2506 1097 2546 post
1119 2507 1229 2534 autem
1247 2500 1459 2534 Ariaratham
1478 2498 1638 2543 regnavit
1659 2498 1696 2531 in

271 2546 389 2578 eadem
412 2546 595 2579 Archelaus
628 2547 741 2580 affinis
765 2547 913 2580 Herodis
944 2546 1037 2590 regis
1059 2547 1272 2579 Iudaeorum.
1321 2552 1356 2579 at
1385 2545 1596 2589 postmodum
1621 2554 1695 2576 cum

270 2589 431 2623 desiisset
454 2592 655 2634 gubernatio
679 2592 787 2635 regia,
811 2591 845 2624 in
863 2592 1107 2635 praefecturam
1129 2601 1150 2624 a
1166 2589 1327 2624 Romanis
1349 2590 1457 2623 forma
1477 2588 1697 2622 administra-

269 2634 374 2668 tionis
398 2641 451 2669 est
473 2637 663 2679 immutata,
691 2642 726 2670 et
749 2636 929 2681 proconsul
952 2637 1081 2670 tributa
1104 2636 1146 2669 ab
1172 2647 1214 2669 ea
1235 2634 1416 2678 colligebat
1442 2638 1478 2666 et
1506 2633 1573 2677 ipsi
1595 2643 1697 2677 prae-

271 2686 356 2714 erat.
391 2685 469 2713 sunt
494 2686 605 2714 autem
627 2681 663 2714 in
688 2682 794 2726 prima
816 2681 1031 2725 praefectura
1053 2682 1154 2714 urbes
1178 2679 1383 2714 celebriores
1407 2683 1578 2722 quattuor,
1604 2677 1698 2711 Cae-

272 2735 371 2757 sarea
393 2725 601 2767 metropolis,
627 2737 647 2759 a
670 2737 789 2769 magno
810 2726 867 2759 illo
895 2726 1046 2760 Caesare
1071 2725 1157 2759 Iulio
1180 2725 1231 2759 ita
1252 2729 1465 2768 nuncupata3
1489 2733 1577 2767 quae
1597 2727 1698 2755 antea

272 2770 459 2803 vocabatur
480 2771 642 2813 Mazaca,
676 2782 696 2805 a
724 2771 866 2805 Mosoch
896 2770 1005 2815 primo
1030 2769 1267 2816 Cappadocum
1290 2775 1441 2806 auctore.
1487 2767 1595 2805 altera
1617 2767 1700 2801 urbs

1776 206 1780 215 ⁴
1776 183 1780 189 ι
1778 163 1780 170 ..
1764 0 1780 145 naam-dumah
