1780 3132
255 135 308 175 IN
333 131 691 175 CONSTANTlNl
722 132 916 174 PORPII.
943 134 1043 173 LIB.
1066 134 1137 174 DE
1154 131 1288 174 ΑΒΜ.
1321 135 1430 175 ΙΜΡ.
1469 127 1564 176 343

123 246 176 301 τῇ
198 243 414 295 Ῥωμαίων
435 245 634 301 διαλέκτῳ
663 251 704 287 et
718 241 950 296 Ῥαῃιαϊστὶ
975 258 1101 300 aeque
1121 246 1355 300 intelligunt
1379 247 1565 288 Latinam

123 308 166 343 et
198 303 397 344 Graecam
428 303 618 355 linguam.

226 360 320 406 136,
347 361 414 397 22.
472 357 544 397 Hic
571 369 645 408 pro
678 354 880 403 fl1'rav9a
919 355 1170 396 scribendum
1203 368 1291 396 esse
1318 353 1564 407 Ἐπίδαυρον

119 423 235 452 nemo
262 425 342 452 non
373 413 506 462 videt;
536 412 704 464 ideoque
745 410 788 450 in
815 410 1001 450 versione
1031 411 1135 451 hanc
1163 424 1298 451 vocem
1331 411 1564 451 emendavi-

119 479 220 508 muS.
275 469 414 508 urbem
441 479 538 508 vero
568 467 812 519 Epidaurum
827 465 930 505 Dion
958 470 997 505 et
1025 467 1135 506 Mela
1163 466 1206 506 in
1226 466 1430 506 Parthinis
1461 467 1563 506 Dal-

121 522 274 563 matiae
306 523 477 575 populis,
507 533 606 575 quos
633 521 785 561 Plinius
813 521 1038 560 Parthenos
1060 520 1251 572 nominat,
1280 521 1404 574 ponit.
1461 521 1563 562 haec

119 580 253 617 autem
279 577 370 630 ipsa
396 577 494 618 urbs
523 577 752 629 Epidaurus
794 576 954 615 colonia
992 576 1044 616 ab
1074 576 1213 616 eodem
1243 576 1373 616 Plinio
1403 575 1562 627 dicitur,

119 635 162 671 et
189 632 300 685 legio
327 637 355 673 9
383 632 449 672 hic
476 632 638 684 ponitur
670 631 713 671 in
743 630 909 683 antiqua
938 630 1212 683 inscriptione,
1243 635 1288 671 ut
1315 631 1456 671 scribit
1486 632 1563 672 0r-

121 686 254 726 telius.
308 687 425 727 huius
464 687 622 727 incolae
665 698 745 725 non
790 688 918 726 solum
948 684 1180 739 Epidaurii
1207 687 1278 726 sed
1309 686 1429 726 etiam
1461 686 1562 739 Epi-

119 744 329 782 taurcnses
360 741 623 791 vocabantur,
653 745 697 780 ut
727 740 855 792 liquet
881 753 934 781 ex
963 742 1130 794 antiqua
1157 741 1420 794 inscriptione
1438 741 1562 794 Aqui-

117 795 224 836 leiae
251 799 426 850 reperta,
456 808 572 849 quam
603 796 727 836 habet
752 796 963 837 Gruterus,
1020 796 1120 836 libet
1148 796 1269 836 etiam
1298 797 1483 849 proferre
1513 809 1564 836 ex

117 850 174 890 lo.
202 851 326 892 Lucio
351 850 556 904 antiquam
583 850 895 903 inscriptionem,
924 863 1026 904 quae
1054 851 1161 892 inter
1188 851 1385 904 Epidauri
1413 852 1563 893 rudera

118 911 283 958 reperta
311 906 389 947 fuit
417 906 615 959 hodieque
643 905 699 945 ibi
727 911 964 958 permanet:

316 982 341 1016 P
363 981 595 1015 CORNELIO
620 981 913 1014 DOLABELLAE
938 981 1022 1014 COS
1047 981 1113 1015 vn
1136 981 1318 1015 EPVLON

319 1038 484 1072 SODALI
509 1038 710 1073 TlTlENSI
735 1039 824 1072 LEG
855 1039 966 1072 PROP
999 1039 1029 1072 D
1056 1038 1151 1072 AVG
1177 1040 1237 1073 ΕΤ
1261 1040 1336 1072 Tm
1363 1041 1446 1073 CAE
1472 1041 1564 1074 AVG

316 1096 564 1130 ClvlTATES
590 1096 851 1131 SVPERIORIS
879 1096 1155 1131 PROVINCIAE
1179 1098 1425 1132 HILLYRlCl.

117 1171 330 1220 sequentes
369 1179 468 1208 vero
507 1167 608 1207 duas
647 1167 835 1221 antiquas
874 1167 1157 1220 inscriptiones
1173 1200 1184 1219 ,
1225 1180 1328 1222 quae
1370 1169 1466 1209 olim
1511 1170 1565 1210 ad

117 1226 276 1275 portum
307 1221 502 1275 Epidauri
529 1223 620 1274 rupi
649 1222 874 1274 insculptae
916 1223 1207 1275 cernebantur,
1237 1224 1447 1276 hodieque,
1475 1225 1563 1264 sive

117 1281 340 1330 temporum
368 1277 630 1317 diuturnitate
649 1277 736 1317 sive
766 1276 952 1317 fluctibus
979 1279 1106 1318 maris
1127 1291 1274 1319 exesae
1290 1280 1452 1330 fuerint,
1482 1292 1562 1320 non

117 1335 376 1384 comparent,
406 1332 458 1372 ad
499 1344 562 1371 me
591 1331 814 1373 transmisit
858 1332 924 1371 vir
962 1333 1252 1373 eruditissimus
1293 1347 1340 1374 ac
1367 1335 1428 1374 rei
1456 1335 1560 1374 anti-

118 1386 285 1440 quariae
311 1386 627 1426 studiosissimus
647 1388 703 1427 Io.
721 1386 859 1427 Natali
887 1386 1025 1436 Alleti‚
1056 1389 1228 1428 maritus
1246 1390 1400 1428 sororis
1422 1402 1559 1439 meae3

117 1454 218 1495 quas
257 1441 414 1494 quidem
442 1441 513 1481 ille
541 1442 758 1494 exscripsit
787 1454 838 1481 ex
874 1442 980 1482 libro
1011 1441 1262 1483 Statutorum
1291 1444 1349 1483 rei
1376 1445 1560 1497 publicae

117 1497 376 1549 Ragusinae3
409 1500 449 1536 et
479 1497 584 1549 quod
609 1497 665 1536 ibi
684 1508 830 1537 exesae
848 1497 946 1537 illae
965 1502 1110 1548 essent,
1137 1499 1306 1538 contulit
1324 1512 1409 1540 cum
1429 1499 1559 1540 altero

117 1552 266 1602 codice,
295 1552 509 1591 recentiori
532 1564 650 1592 manu
673 1551 914 1605 conscripto,
946 1552 1012 1605 qui
1045 1559 1282 1593 asservatur
1310 1567 1397 1594 cum
1426 1555 1560 1594 multis

115 1606 210 1646 aliis
229 1606 430 1647 codicibus
457 1619 538 1646 mss
561 1606 603 1646 in
632 1606 875 1647 bibliotheca
904 1608 1166 1648 illustrissimi
1188 1609 1406 1660 Seraphini
1434 1610 1561 1661 Bona,

117 1661 278 1714 patricii
311 1661 522 1715 Ragusini.
554 1661 685 1714 prima
712 1667 845 1702 autem
875 1661 1084 1715 inscriptio
1111 1663 1170 1703 sic
1198 1664 1340 1704 habet:

569 1737 789 1770 LARTIDIA
812 1737 1017 1771 RECEPTA

617 1794 802 1828 CLARIDI
830 1795 973 1828 CRISPI

569 1852 672 1884 coll.
696 1852 789 1885 VIII.
816 1852 1010 1896 VOLVNT
1032 1852 1139 1885 ANN.

563 1909 704 1943 XXVII.
726 1909 968 1942 PATRONVS
994 1910 1160 1943 Posvl'r

243 1975 254 1999 s
750 1966 793 1999 H.
819 1966 854 1998 S.
885 1966 922 1999 E.

113 2013 247 2055 altera
276 2026 374 2055 vero
402 2015 484 2056 sic:

739 2067 770 2100 T
795 2066 822 2099 E
850 2068 876 2099 R
901 2066 932 2099 T
954 2068 968 2099 Ι
993 2069 1032 2100 Λ.

558 2124 945 2158 ISMARIENSIS

767 2182 893 2214 ANN.
933 2182 990 2215 XI.

735 2239 779 2271 11.
814 2240 847 2271 S.
883 2239 919 2272 E.

112 2306 182 2345 sed
212 2305 261 2345 de
278 2306 484 2358 Epidauro
515 2321 563 2348 ac
591 2309 677 2349 eius
706 2309 1013 2362 antiquitatibus
1045 2321 1211 2362 agemus
1251 2310 1432 2361 pluribus
1472 2310 1553 2350 alio

110 2365 151 2400 et
177 2362 267 2400 loco
298 2368 338 2400 et
361 2367 551 2415 tempore.

223 2430 317 2475 137,
353 2431 390 2468 1.
451 2424 679 2480 ἐκρατήθη]
722 2442 799 2481 quo
828 2433 1007 2481 tempore
1041 2429 1267 2482 Epidaurus
1297 2444 1345 2471 ac
1373 2430 1553 2484 reliquae

107 2480 227 2521 urbes
252 2482 482 2522 Dalmatiae
527 2483 752 2523 maritimae
794 2485 845 2524 ab
872 2485 1074 2524 Abaribus
1114 2497 1184 2524 seu
1217 2486 1356 2526 Slavis
1386 2499 1553 2526 eversae

106 2536 268 2587 fuerint,
295 2537 480 2589 pluribus
510 2538 652 2577 scribit
681 2539 826 2578 Lucius
858 2539 911 2579 de
944 2538 1084 2580 Dalm.
1117 2544 1160 2580 et
1189 2537 1292 2590 Cr„
1321 2554 1353 2581 c.
1385 2545 1413 2581 8
1442 2546 1484 2580 ct
1511 2546 1550 2581 9.

218 2601 328 2642 Ιῠὶά.
361 2605 398 2643 4.
457 2604 663 2651 Quomodo
693 2605 886 2657 ampliata
918 2606 1039 2645 suerit
1077 2607 1172 2645 urbs
1210 2607 1417 2659 Ragusina
1454 2619 1551 2646 nar-

104 2659 172 2702 rat
198 2657 297 2698 Lud.
330 2658 492 2698 Tubero
535 2660 563 2698 l.
595 2662 623 2698 5
663 2659 880 2701 Commeat.
913 2661 963 2701 dc
995 2662 1238 2714 temporibus
1266 2662 1362 2702 suis.
1438 2662 1550 2702 deni-
