1780 3132
313 136 367 175 lN
407 134 772 176 SYNECDEMUM
820 135 1259 177 COMMENTARIUS.
1401 128 1502 176 541⁴

18 258 21 264 “
62 250 153 292 nisi
159 249 282 292 Nilus
312 249 585 303 Doxopatrius
614 254 707 291 tom.
729 254 751 290 1
784 251 881 292 Var.
913 250 1078 292 Sacror.
1103 251 1163 291 Le
1187 250 1334 301 Moyne
1361 263 1403 302 p·
1415 255 1498 291 223

59 302 141 357 τὴν
162 298 329 356 πρώτην
359 305 613 355 Σταμνικῆς,
656 305 700 343 ἐν
724 297 767 371 ᾖ
796 319 940 356 πρωτη
977 302 1228 357 μητρόπολις
1252 302 1296 344 τὸ
1327 297 1497 356 Πηλού-

59 372 150 400 σιον
178 365 219 401 et
242 372 335 401 mox
362 356 436 410 τὴν
475 359 594 398 davni
574 373 674 408 ἐραν
715 358 921 410 ἐπαρχίαν
950 360 1181 410 Σταμνικῆς
1215 361 1396 410 haberet,
1426 374 1498 401 su-

7 460 9 462 ,
59 415 355 468 spicionemque
382 416 568 456 iniiceret'
582 414 736 454 seriore
757 427 859 454 aevo
877 414 1124 455 Stamnicam
1142 416 1392 468 provinciam
1420 428 1496 469 pro

0 500 9 523 4
57 471 376 524 Augustamnica
415 471 539 510 fuisse
573 474 823 521 usurpatam·
895 470 1030 509 Latini
1071 471 1426 521 Augustamnicam
1456 475 1497 511 et

2 564 6 569 ,
57 526 392 578 Μςιιεῐειιιίαιιιι,
406 537 501 578 qua
529 526 579 565 de
609 537 654 564 re
679 525 803 565 Henr.
836 525 1047 564 Valesius
1050 525 1092 565 in
1118 526 1315 568 Ammian.
1347 530 1402 566 22
1430 531 1496 576 16,

58 582 264 631 vocitant3
292 580 540 643 Epiphanius
559 581 724 620 naeres.
753 584 808 620 73
840 593 873 618 c
901 583 955 619 26
979 576 1333 642 Αιῖγουστονύιηιι,
1363 582 1497 631 Cyril-

56 637 122 678 lus
166 637 281 703 epist
307 595 371 677 ad
399 635 572 677 Atticum
605 647 643 688 p
663 638 745 675 205
782 631 1141 685 Αὕγουσταλικήν.
1198 638 1426 688 speculator
1454 636 1497 675 ἐν

0 702 1 705 ’
58 690 131 744 ςῆυ
123 689 495 755 ᾼιῖγουσταλιανῇ
535 694 594 731 est
637 691 679 731 in
717 689 932 730 Athanasii
969 690 1109 729 eadem
1138 690 1311 744 Apolog.
1342 705 1382 744 Ρ.
1403 696 1496 741 199,

56 747 129 787 sed
167 747 204 787 is
240 746 418 786 cohortis
458 746 535 785 fuit
578 745 921 798 Augustalianae‚
959 744 1070 784 cuius
1105 746 1202 798 Imp.
1251 747 1496 787 lustinianus

56 801 188 842 mint.
209 803 335 842 ‘13'c.'
365 805 393 840 2
420 801 609 842 meminit.
676 801 784 841 dicta
822 800 1138 853 Augustamnica
1182 801 1233 841 ab
1262 814 1377 842 amne
1404 803 1495 842 Nilo

56 861 130 907 θεῖ,
160 868 283 910 quem·
308 868 463 897 amnem
492 856 716 920 Augustum
746 857 975 896 nominasse
1004 855 1205 895 videntur.
1262 858 1496 908 provinciae

0 939 3 946 .
54 916 323 952 «nectorem
352 915 393 951 et
411 912 564 952 Notitia
591 911 780 963 imposuit
806 925 839 952 e.
862 915 900 960 1,
928 914 1066 963 estque
1095 911 1240 951 Isidori
1268 912 1496 952 Pelusiotae

2 971 3 974 ’
52 967 81 1007 l
95 971 146 1023 2
164 967 328 1020 Ep.15
357 967 411 1007 ad
444 967 706 1019 Serapionem
739 964 1020 1017 Κορρίκτοοα,
1051 970 1090 1005 et
1118 967 1256 1018 plures
1283 968 1335 1008 ad
1365 967 1495 1008 Auso-

52 1020 161 1068 nium
191 1026 474 1073 conecterem,
506 1027 551 1062 ut
578 1022 662 1063 1.1
695 1034 757 1074 ep.
789 1026 870 1061 116
909 1026 948 1060 et
977 1022 1005 1061 l.
1035 1025 1062 1060 2
1093 1033 1155 1073 ep.
1185 1025 1240 1061 25
1266 1027 1306 1062 et
1334 1023 1494 1075 passim.

161 1092 355 1136 399,12.
407 1083 718 1137 Ῥινοκόρουρα]
749 1101 828 1127 ιιοιι
857 1087 957 1127 haec
984 1087 1219 1139 provinciae
1248 1088 1496 1141 metropolis,

50 1143 122 1185 sed
144 1143 362 1194 Pelusium,
388 1148 434 1183 ut
461 1155 513 1183 ex
532 1143 623 1183 Nilo
655 1144 907 1195 Doxopatrio
951 1142 1138 1182 vidimus.
1197 1143 1348 1183 Plinius
1378 1148 1495 1184 extra

47 1199 223 1253 Aegypti
251 1199 442 1239 terminos
471 1201 500 1237 5
530 1203 582 1238 12
611 1199 892 1238 Rhinocorura
922 1198 1043 1237 locat.
1070 1202 1210 1238 nostro
1240 1199 1493 1238 consentiunt

51 1256 318 1303 Ptolemaeus,
359 1254 592 1295 Ammianus
618 1258 672 1294 22
705 1258 757 1294 16
784 1259 823 1293 et-
852 1253 1117 1301 Hieronymus
1145 1254 1188 1294 in
1216 1254 1327 1295 Esai.
1361 1267 1394 1293 c.
1427 1258 1492 1306 19,

51 1322 266 1363 omnesque
294 1310 484 1350 Notitiae.
541 1309 634 1350 vide
660 1309 754 1350 Ant.
781 1309 872 1349 ltin.
900 1322 938 1361 p.
957 1311 1048 1348 152.
1068 1351 1077 1359 ,

161 1374 268 1417 Ιόὶά.
320 1372 580 1428 Ὀστρακίνη]
623 1381 734 1416 recte
773 1375 832 1415 ita
868 1388 927 1415 ms
955 1374 1177 1414 Leidensis.
1234 1374 1341 1415 haud
1371 1376 1494 1428 longe

48 1431 192 1472 aberat
219 1432 271 1471 ab
300 1431 400 1471 urbe
437 1431 549 1471 lacus
579 1431 777 1482 Sirbonis,
809 1436 911 1469 teste
942 1429 1122 1470 Aristide
1163 1434 1257 1471 tom.
1286 1434 1314 1471 3
1342 1444 1382 1484 Ρ.
1397 1434 1489 1472 591.

45 1487 166 1540 plura
195 1486 246 1526 de
276 1498 326 1526 ea
355 1490 395 1525 et
422 1485 543 1526 Casio
573 1499 621 1526 ac
647 1485 948 1526 Pentaschoeno
976 1486 1094 1525 alias.

119 1595 122 1597 ,
155 1550 264 1594 Ibid.
320 1547 532 1603 Ἀφνοίϊον]
566 1557 628 1592 est
658 1552 917 1604 inEphesino
940 1565 976 1604 p.
992 1554 1074 1592 439
1093 1551 1246 1592 Hierax
1271 1548 1491 1604 Ἀφναΐου,

48 1612 353 1660 agnoscuntque
390 1607 528 1646 urbem
567 1615 726 1648 ceterae
757 1608 946 1646 Notitiae.
1010 1607 1191 1655 *Carolus
1219 1619 1245 1646 a
1274 1607 1317 1647 S.
1347 1607 1489 1647 Paullo

49 1663 140 1703 ltin.
171 1663 264 1702 Ant.
293 1675 332 1715 p.
350 1666 429 1702 162
459 1663 630 1714 Daphno
658 1664 744 1702 sive
780 1663 976 1714 Daphnen
1003 1662 1202 1713 Stephani
1229 1662 1395 1701 eandem
1424 1674 1491 1702 ar-

49 1717 249 1766 bitratum
291 1717 354 1757 cui
393 1717 607 1770 suspicioni
639 1719 716 1758 etsi
746 1718 846 1757 situs
872 1718 972 1756 nihil
1003 1717 1156 1765 obstet,
1188 1716 1257 1756 vix
1285 1729 1329 1756 se
1357 1722 1490 1756 tamen

45 1773 152 1813 tueri
180 1785 229 1813 ea
256 1772 417 1825 poterit,
448 1773 527 1813 nisi
544 1773 585 1814 in
614 1774 736 1815 aliam
756 1775 926 1813 formam
956 1784 1101 1812 nomen
1133 1771 1320 1824 deinceps
1346 1784 1490 1824 procu-

46 1839 135 1869 sum
159 1828 286 1869 fuisse
313 1833 523 1880 appareat.

159 1903 268 1946 Ibid.
299 1908 365 1945 13.
423 1903 462 1942 Γ
459 1905 600 1955 ἐρρας]
634 1906 690 1945 sic
718 1918 818 1958 prae
849 1917 892 1945 se
919 1917 999 1944 mss
1030 1905 1176 1944 ferunt.
1235 1903 1487 1944 Ptolemaeus

49 1959 250 2001 Gerrhum
281 1965 321 2000 et
351 1965 445 2000 ante
476 1973 562 2000 eum
584 1961 736 2001 Plinius
764 1966 792 2001 6
817 1965 882 2009 29,
911 1964 1176 2012 cognomento
1194 1958 1389 2011 Adipson‚
1415 1972 1487 1998 vo-

46 2022 137 2056 cat:
167 2016 327 2056 Gerrha
345 2016 496 2056 Strabo
514 2021 566 2056 16
593 2030 630 2068 p.
647 2021 748 2064 760,
789 1993 889 2055 nihil
920 2015 1138 2054 dissidente
1157 2015 1487 2067 Peutingerorum

47 2071 220 2111 Tabula.
279 2076 417 2111 nostro
450 2072 691 2124 adstipulaii
725 2072 883 2111 videtui
914 2070 1163 2110 Sozomenus
1193 2070 1240 2110 Η.
1270 2046 1322 2109 1⁴1¹?
1346 2073 1373 2110 8
1406 2073 1485 2110 19.

45 2121 128 2164 α’πὸ
157 2124 232 2164 τοῦ
263 2124 480 2188 πελάγους
495 2125 578 2163 ame
611 2122 779 2175 συιιβαν
806 2125 978 2178 κατῇοεν
1008 2125 1067 2170 εἰς
1096 2123 1245 2175 Γὲοαν,
1273 2122 1392 2162 πόλιν
1418 2138 1489 2172 μι..

45 2177 170 2231 κράν,
209 2179 323 2232 ιίμφί
356 2176 603 2231 πεντήκοντα
642 2178 790 2219 στάδια
831 2179 906 2217 τοῦ
934 2177 1179 2230 Πνλουσίου
1218 2179 1486 2240 ἀφεστῶσαν.

46 2236 183 2276 verius
210 2241 346 2276 tamen
373 2236 574 2276 Gen-hum
603 2237 689 2276 sive
719 2235 880 2276 Gerrha
908 2236 1042 2297 fuerit,
1071 2234 1268 2287 siquidem
1298 2230 1379 2272 ἀπὸ
1405 2234 1487 2272 τῶν

43 2290 229 2342 ydoneo»,
271 2296 467 2344 quatenus
509 2292 794 2336 tabernacula
826 2285 987 2340 σκηνάς,
1014 2294 1170 2339 notant,
1199 2301 1342 2329 nomen
1371 2301 1486 2330 acce-

46 2346 191 2398 perint.
249 2347 486 2386 scholiastes
516 2346 680 2386 Luciani
710 2346 751 2385 in
782 2341 1002 2394 Ἀνάχαοσ.
1044 2357 1082 2396 Ρ.
1102 2347 1157 2384 32
1195 2346 1288 2384 edit.
1332 2344 1485 2385 Amsta

45 2400 316 2452 Λημοσθένης
345 2400 391 2438 δὲ
422 2398 492 2438 ἑπί
522 2402 603 2438 τῶν
631 2415 679 2438 σκ
663 2399 789 2466 ε.ἰ]ιιῦιι
809 2413 875 2437 και
904 2400 985 2437 τῶν
1012 2394 1364 2466 τιεριφραγμάταζν
1392 2400 1489 2461 (pro

46 2455 195 2496 Coron-
222 2468 259 2508 p.
279 2459 358 2495 168
388 2456 448 2494 ed
476 2455 657 2518 Panis.)
663 2452 750 2491 καὶ
777 2469 822 2492 τα
854 2453 984 2504 γεόρα
998 2451 1344 2517 ἐνεπιμπρασαν.’
1416 2451 1489 2492 καί

47 2511 146 2560 παρ’
174 2509 422 2559 Αἰγυπτίοις
461 2509 506 2548 δὲ
535 2506 583 2548 τοὶ
627 2505 732 2547 κατὰ
776 2504 820 2547 τὸ
855 2504 1100 2573 Πηλούσιον
1128 2506 1384 2557 καλουμενον
1415 2506 1485 2546 ὸιοὶ

17 2563 170 2603 -τοῦτο
203 2560 455 2627 ὠνομάσθη,
499 2564 588 2603 ἐπει
614 2577 858 2616 σκηνωματα
889 2560 1016 2610 ἑστιί,
1044 2562 1087 2601 ἐν
1117 2565 1177 2609 οἱς
1206 2559 1486 2616 παραφυλάτ-

46 2625 178 2664 τοντες
214 2615 310 2670 τὰς
311 2617 523 2670 εἰσόδους
568 2618 844 2669 διατρίβουσι.
920 2619 1062 2672 quibus
1104 2619 1231 2659 critici
1269 2619 1404 2659 verbis
1446 2623 1487 2658 et

50 2673 300 2715 Gerrhorum
337 2676 520 2727 positura
554 2676 841 2725 confirmatur,
883 2679 925 2714 et
963 2674 1004 2714 id
1034 2677 1245 2726 docemur,
1278 2675 1402 2715 fuisse
1428 2675 1485 2715 ibi
