1780 3132
253 180 325 220 DE
365 175 811 218 AmuNISTRANDo
851 175 1070 219 lMPEmo
1113 175 1230 219 CAP.
1269 178 1337 221 46.
1477 173 1566 216 211

137 284 212 325 τοῦ
231 282 463 336 Κουρκὲνη,
489 280 768 335 προεθυμήθη
797 282 946 322 δοῦναι
975 279 1022 323 τὸ
1054 280 1232 334 κάστρον
1262 276 1396 320 αὖτοῦ
1417 280 1575 330 μᾶλλον

139 345 212 390 τόν
238 347 428 402 βασιλέα,
461 346 482 388 ὅ
512 349 558 388 δὲ
587 349 798 402 πατρίκιος
830 345 1035 396 Κώνστας
1062 343 1150 399 εἶχε
1178 348 1274 400 παρ’
1301 343 1438 401 ἑαυτῷ
1465 342 1576 399 φλά-

137 417 287 468 μουλα,
316 412 390 454 καί
411 414 636 454 ἐπιδέδωκε
666 415 724 470 τῷ
752 413 953 469 πατρικίῳ
978 412 1164 469 Ἀσωπίῳ
1190 414 1247 469 τῷ
1274 408 1577 465 καίΚισκιὶσῃ·

138 478 161 518 ὁ
190 481 238 520 δὲ
267 477 406 532 λαβών
432 478 533 520 αὐτὸ
564 481 623 528 εἰς
650 479 862 532 κοντὰριον
889 479 1130 533 περιέθηκε,
1160 480 1234 518 καί
1264 478 1489 518 ἐπιδέδωκε
1521 477 1579 532 τῷ

104 547 341 601 ὄπατρικίῳ
382 543 625 586 Κώνσταντι
661 543 788 586 εἰπών
824 539 888 584 ὅτι
928 545 1147 597 ἐπίστησον
1187 542 1292 584 αὐτὸ
1318 537 1487 586 ,ἄνωθεν
1522 543 1583 588 εἰς

139 608 186 651 τὸ
211 615 357 664 τεῖχος,
385 611 453 651 ἵνα
476 611 603 663 γνῶσι
632 609 782 658 πάντες
819 611 897 650 τοῦ
926 612 1131 662 βασιλέως
1160 606 1267 651 εἶναι
1295 607 1376 648 α’πό
1406 609 1479 661 τῆς
1505 607 1582 661 σή-

138 690 266 731 μερον
293 675 452 730 ἡμέρας
479 674 526 716 τὸ
556 678 743 717 τοιοῦτον
766 672 956 730 κάστρον.
1013 677 1230 716 καὶτοῦτο
1255 673 1432 728 ποιήσας
1458 673 1478 714 ὃ
1498 690 1582 714 πα-

139 741 294 796 τρίκιος
338 739 543 790 Κώνστας
573 743 646 782 καί
681 739 727 782 τὸ
773 741 1016 796 φλάμουλον
1057 740 1282 795 ἐπιστήσας
1314 735 1476 781 ἄνωθεν
1509 742 1583 780 τοῦ

138 809 330 860 τείχους,
374 805 448 847 καί
486 805 587 857 τούς
621 810 810 859 βασιλεῖς
847 809 928 848 τῶν
951 805 1171 859 Ῥωμαίων
1206 804 1313 847 κατὰ
1352 804 1398 846 τὸ
1430 804 1582 853 εἰωθὸς

85 873 399 926 ἱοεῦφημήσας,
428 873 555 914 πᾶσιν
588 873 747 926 ἐγένετο
777 871 957 926 γνωστὸν
987 869 1050 914 ὅτι
1076 872 1120 914 τὸ
1149 870 1327 926 κάστρον
1354 870 1399 912 τὸ
1429 872 1582 925 Ἀδρα-

137 935 300 988 νούτζιν
328 938 611 992 α’πεχαρισατο
649 937 671 979 ὅ
713 940 929 991 πατρίκιος
952 938 1152 986 Ἀσώτιος
1195 937 1216 978 ὃ
1257 939 1330 979 καί
1365 936 1582 991 Κισκάσης

137 1004 209 1044 τόν
229 1003 423 1056 βασιλέα.
480 1002 503 1044 ὅ
545 999 621 1044 οὖν
655 1004 797 1056 Δαβίδ
824 1004 845 1045 ὁ
874 1006 1003 1058 μέγας
1041 1003 1115 1059 τὴν
1144 1000 1297 1045 ἑαυτοῦ
1334 1003 1480 1056 χώραν
1509 1001 1582 1042 οὐκ

137 1070 279 1110 ἐδίδου
297 1068 366 1111 τὸν
382 1071 572 1124 βασιλέα,
601 1066 677 1111 κᾶν
695 1070 805 1123 τάχα
823 1073 981 1126 συνορῇ
1000 1069 1076 1124 τὴν
1095 1068 1281 1124 τούρμαν
1299 1068 1585 1121 τοῦἈκαμψῆ

137 1130 211 1176 icat*
235 1138 287 1191 τῇ
318 1134 590 1193 Μουργούλῃ.
651 1133 672 1176 ὄ
707 1132 781 1177 οὖν
807 1138 1020 1190 πατρίκιος
1042 1136 1248 1183 Κώνστας
1278 1134 1457 1189 οἶνὴγαγε
1483 1132 1586 1188 πρὸς

86 1209 127 1242 15
141 1199 212 1241 τὸν
237 1203 414 1254 βασιλέα
445 1203 735 1251 ἐξαποστείλας
764 1203 841 1242 δύο
874 1199 1103 1257 α’ναφοράς,
1132 1199 1205 1255 τὴν
1232 1203 1310 1252 μὲν
1328 1204 1431 1253 μίαν
1449 1201 1586 1253 περιέ-

137 1281 297 1318 χουσαν
333 1262 442 1313 ὅπως
481 1268 651 1320 έτᾲιησε
683 1265 754 1307 τὸν
779 1270 1043 1319 Κουρκένιον
1069 1266 1302 1321 μάγιστρον
1328 1271 1398 1308 καὶ
1424 1262 1534 1314 ὅπως
1563 1262 1587 1305 ὅ

138 1332 395 1384 Κουρκένιος
424 1331 651 1381 ἀπεδέξατο
681 1331 726 1373 τὸ
755 1330 1037 1386 μαγιστράτον
1065 1334 1138 1373 καί
1164 1323 1382 1387 εὕφὴμησε
1410 1329 1479 1372 τὸν
1504 1334 1586 1384 βα.-

138 1398 286 1448 σιλέα,
321 1394 397 1452 τὴν
436 1399 482 1438 δὲ
511 1395 657 1451 ἑτέραν
686 1401 968 1453 περιέχουσαν
996 1401 1096 1452 περὶ
1117 1400 1195 1439 τοῦ
1221 1397 1402 1452 κάστρου
1429 1397 1589 1452 Ἀδρα-

142 1463 347 1515 νουτζίου,
375 1462 448 1504 καί
473 1461 584 1512 ὅπως
609 1466 727 1506 τοῦτο
747 1466 959 1517 παρέλαβε
984 1462 1098 1517 παρὰ
1121 1466 1198 1506 τοῦ
1221 1465 1435 1518 πατρικίου
1451 1463 1587 1505 Ἀσω-

81 1534 128 1569 20
141 1527 233 1567 τίου
261 1530 340 1568 τοῦ
368 1530 441 1569 καί
459 1530 667 1584 Κισκάση,
694 1531 765 1571 καί
792 1527 856 1570 ὅτι
884 1530 1069 1584 μεγάλην
1099 1529 1310 1585 διαφοράν
1337 1530 1408 1570 καί
1425 1528 1588 1583 ἔχθραν

139 1590 287 1645 ἔχουσι
318 1593 419 1647 πρὸς
445 1595 650 1650 ἀλλήλους
677 1592 698 1636 ὅ
729 1611 773 1637 τε
801 1598 1015 1649 πατρίκιος
1030 1593 1231 1643 Ἀσαὶτιος
1249 1595 1356 1647 μετὰ
1384 1597 1458 1636 τοῦ
1478 1612 1587 1648 γαμ-

135 1661 244 1713 βροῦ
272 1660 403 1702 adron?
432 1663 662 1716 μαγίστρου
695 1664 978 1716 Κουρκενιόυ,
1009 1661 1080 1703 καί
1108 1664 1175 1703 ἵνα
1206 1662 1427 1718 α’ποστείλῃ
1454 1661 1475 1702 ὃ
1504 1667 1587 1715 βα-

233 1794 257 1828 4
279 1793 403 1841 βαλών
428 1798 465 1838 Β,
491 1798 630 1830 omissis
658 1799 852 1844 περιέθηκε
874 1799 937 1831 καὶ
1058 1797 1079 1830 5
1104 1799 1379 1842 Κωνσταντίνῳ
1404 1797 1442 1829 Μ
1559 1796 1583 1829 8

242 1846 529 1882 Κωγστανιῖνος
553 1844 589 1877 Μ

138 1991 237 2014 suam
274 1980 482 2025 imperatori
515 1978 598 2011 dare
638 1979 776 2011 maluit.
825 1978 983 2011 habebat
1019 1983 1136 2011 autem
1177 1978 1221 2010 ad
1247 1988 1390 2010 manum
1413 1977 1585 2012 Constans

139 2027 310 2072 patricius
335 2026 536 2066 flammula,
572 2036 685 2070 eaque
710 2025 858 2070 patricio
894 2025 1016 2057 Asotio
1043 2026 1116 2058 sive
1146 2024 1283 2057 Ciscase
1313 2024 1424 2062 dedit,
1450 2025 1512 2070 qui
1542 2037 1585 2058 ea
1618 2035 1622 2039 ’

137 2075 316 2120 accipiens
341 2079 446 2106 conto
472 2073 728 2117 circumposuit
756 2078 791 2105 et
820 2072 1005 2105 Constanti
1028 2072 1179 2116 patricio
1206 2071 1319 2110 dedit,
1346 2077 1385 2104 ut
1409 2072 1447 2104 in
1473 2072 1581 2104 muris

139 2132 181 2154 ea
205 2121 423 2161 collocaret,
461 2119 557 2152 unde
596 2119 760 2152 omnibus
800 2124 981 2151 constaret
1012 2130 1056 2150 ex
1090 2119 1155 2151 illo
1181 2117 1239 2151 die
1265 2118 1388 2151 urbem
1411 2119 1509 2150 illam
1537 2118 1583 2151 ad

137 2170 387 2212 imperatorem
425 2168 616 2211 pertinere.
666 2165 764 2211 quod
799 2165 861 2198 ubi
887 2165 1059 2198 Constans
1086 2165 1258 2209 patricius
1293 2166 1452 2205 fecisset,
1479 2165 1581 2198 flam-

135 2215 341 2260 mulumque
368 2214 406 2246 in
431 2225 531 2246 muro
557 2214 731 2258 posuisset
747 2239 757 2253 ‚
791 2214 1099 2256 Romanorumque
1134 2213 1363 2256 imperatores
1392 2224 1455 2256 pro
1482 2223 1580 2244 more

136 2261 262 2294 faustis
298 2260 612 2293 acclamationibus
637 2265 845 2305 prosecutus
873 2264 988 2298 esset,
1015 2259 1179 2291 omnibus
1204 2259 1364 2291 innotuit
1388 2260 1580 2303 patricium

137 2309 298 2342 Asotium
326 2309 399 2340 sive
426 2308 588 2340 Ciscasen
614 2307 819 2352 imperatori
850 2306 972 2338 urbem
999 2305 1252 2338 Adranntzium
1290 2305 1450 2338 donasse.
1500 2318 1578 2338 ma-

135 2365 224 2399 gnus
248 2365 331 2388 vero
355 2353 470 2386 David
496 2360 625 2387 terram
648 2365 747 2386 suam
773 2353 977 2396 imperatori
999 2364 1072 2385 non
1091 2352 1209 2392 dabat,
1239 2353 1400 2397 quamvis
1428 2353 1579 2385 finitima

135 2407 230 2435 esset
255 2401 391 2445 regioni
415 2401 584 2446 Acampse
625 2407 662 2434 et
693 2401 870 2444 Murgnle.
922 2400 1092 2432 Constans
1126 2400 1248 2444 itaque
1275 2400 1442 2443 patricius
1477 2400 1578 2432 binas

135 2447 181 2481 ad
203 2449 433 2493 imperatores
469 2448 636 2492 epistolas
677 2459 793 2480 rerum
828 2457 969 2479 suarum
1002 2457 1200 2478 successum
1237 2447 1432 2479 referentes
1469 2447 1577 2486 misit,

136 2505 286 2540 quarum
309 2506 381 2527 una
405 2493 450 2526 de
476 2494 651 2527 Cur-cenio
676 2500 763 2534 erat,
787 2504 892 2539 quem
918 2493 1123 2535 magistrum
1144 2498 1307 2532 creasset,
1334 2499 1371 2525 et
1395 2493 1576 2537 quomodo

134 2542 166 2574 is
200 2553 281 2574 eum
317 2541 489 2574 honorem
521 2542 716 2585 accepisset
748 2542 1072 2585 imperatoremque
1110 2539 1231 2574 faustis
1261 2539 1577 2573 acclamationibus

135 2593 345 2632 prosecutus
379 2593 489 2621 essetz
522 2588 634 2621 altera
658 2588 703 2620 de
734 2587 952 2620 Adranutzio
984 2586 1170 2627 narrabat,
1203 2592 1239 2619 et
1277 2586 1458 2631 quomodo
1485 2586 1578 2619 illud

135 2635 180 2667 ab
209 2635 331 2668 Asotio
359 2635 508 2680 patricio
543 2635 617 2668 sive
656 2636 795 2668 Ciscase
830 2634 1044 2678 accepisset3
1080 2644 1245 2677 magnum
1280 2634 1367 2666 item
1392 2633 1579 2666 dissidium

134 2692 332 2727 magnaque
370 2682 455 2715 odia
491 2692 653 2714 exercere
689 2683 782 2714 inter
817 2692 893 2713 sese
931 2681 1092 2713 Asotium
1130 2681 1320 2725 patricium
1349 2685 1386 2713 et
1411 2691 1579 2724 generum

137 2728 212 2761 eius
236 2729 447 2762 Curcenium
483 2728 705 2772 magistrum-7
731 2729 818 2762 item
843 2733 880 2760 ut
904 2728 1037 2761 auxilia
1071 2728 1231 2761 mitteret
1254 2728 1459 2774 imperator,
1485 2737 1578 2773 quae
