1780 3132
288 133 381 180 314
584 143 836 183 BANDURn
876 139 1368 182 ANJMADVERsioNEs

393 255 534 301 90‚18.
582 244 802 298 '‘Aaavdov]
832 251 933 290 hunc
948 251 1230 303 Theophanes,
1259 251 1505 298 Anastasius,
1535 256 1574 292 et
1588 251 1694 292 Ano·

287 317 424 354 nymus
453 306 491 345 in
511 305 763 344 Saracenicis
786 301 974 345 Asadum
995 307 1209 357 appellant,
1240 305 1439 344 Cedrenus
1469 301 1693 355 Assadm,

286 359 540 410 Landulphus
568 370 664 397 vero
684 357 828 410 Sagax
853 356 1049 411 Asydum.

394 421 500 463 Ibid.
533 426 596 461 19.
651 416 913 474 ὁμωνύμους]
945 423 1001 462 sic
1033 423 1200 462 habetur
1229 422 1344 462 etiam
1372 423 1413 462 in
1443 434 1512 463 ms.
1567 427 1610 462 at
1638 423 1696 462 le-

287 477 455 529 gendum
486 480 545 514 est
574 487 659 514 cum
691 475 863 515 Meursio
893 474 1146 525 ἀνωνύμους,
1174 476 1214 515 id
1239 481 1299 515 est
1330 487 1501 529 qaorum
1526 477 1692 516 nomina

286 542 367 570 non
394 532 546 569 extant
574 529 638 567 vel
679 539 850 581 quoram
877 541 1022 570 nomen
1049 532 1291 582 ignoratur,
1323 534 1367 569 ιιι
1395 535 1454 569 est
1484 530 1587 580 apud
1615 529 1693 568 Ce-

287 585 449 622 drenum
482 587 520 622 et
548 582 792 631 Anonymum
817 584 975 644 saepius
1010 597 1036 623 a
1071 583 1186 623 nobis
1214 584 1426 623 laudatum.
1483 583 1694 634 Theopha-

286 650 357 675 nes
386 637 505 676 habet
544 632 614 673 καί
639 630 787 681 ἄλλους
823 634 1068 686 ἀγνωστους.
1134 638 1192 677 ita
1235 642 1275 676 et
1300 635 1578 689 Landulphus‚
1606 637 1695 676 dum

287 690 423 730 scribit
450 693 494 730 et
520 689 632 730 alios
658 691 834 741 iynotos.

395 753 500 795 Ibid.
531 758 597 794 21.
651 753 725 792 τοῦ
747 751 920 806 Ἰεκτᾶν]
959 754 1215 807 Landulphus
1240 755 1268 795 1.
1298 758 1371 795 18:
1412 766 1493 795 non
1521 758 1619 795 sunt
1645 753 1698 795 de

290 807 403 848 tribu
432 810 644 860 ipsoram,
672 807 751 847 sed
779 820 838 848 ex
869 807 1067 857 Getham,
1094 808 1294 849 videlicet
1319 809 1363 848 hi
1391 811 1461 861 qai
1492 812 1697 848 vocantur

287 860 519 902 Amonuae.
550 862 812 912 Theophanes
840 866 880 901 et
900 874 951 902 ex
980 874 1027 901 eo
1043 861 1244 902 cedrenus
1272 858 1309 899 οἱ
1336 856 1538 911 λεγόμενοι
1565 860 1697 909 Ἀμα-

288 919 404 962 νῖται,
431 915 634 952 τουτέστιν
653 913 881 966 Ὁμηρΐται.
936 916 1162 956 Homeritae
1188 916 1305 955 iidem
1332 915 1517 955 videntur
1542 916 1698 969 quiEo-

289 970 482 1008 chellensi
510 969 753 1019 Aumaritae,
793 970 865 1023 qai
891 968 1062 1010 relictis
1091 968 1264 1010 sedibus
1294 971 1339 1009 in
1365 966 1568 1010 Arabiam
1596 967 1699 1019 feli-

289 1035 378 1063 cem
407 1026 680 1063 secesserant
694 1054 705 1074 ,
747 1022 911 1076 hacque
953 1023 1006 1064 de
1036 1034 1171 1064 causa
1200 1025 1294 1063 eius
1330 1024 1516 1075 reqionis
1540 1021 1698 1063 incolis

241 1099 243 1101 ·
289 1079 476 1129 ipsoram
504 1079 669 1129 posteri
706 1079 891 1129 ascripti
917 1081 1029 1117 sant.
1098 1078 1323 1117 Homeritae
1349 1088 1446 1116 vero
1473 1077 1698 1116 Ptolemaeo

291 1137 330 1170 et
358 1131 484 1170 Plinio
515 1130 689 1170 Arabiae
718 1131 846 1170 felicis
874 1132 1021 1182 populi.
1077 1131 1269 1182 Procopio
1296 1135 1426 1170 autem
1454 1131 1504 1170 de
1522 1130 1567 1171 B.
1587 1130 1696 1169 Pers.
1755 1151 1758 1155 -

290 1190 311 1225 1
341 1184 575 1224 Auzomitae
601 1185 866 1236 appellantur,

394 1253 460 1298 91,
487 1251 526 1289 4.
583 1247 770 1300 Χαὸίγα]
793 1248 1020 1297 Anonymus
1046 1249 1087 1288 in
1109 1248 1380 1288 Saracenicis:
1410 1245 1575 1296 εἰσῆλθε
1602 1243 1701 1296 πρός

290 1315 380 1341 τινα
408 1304 581 1351 γυναῖκα
610 1303 832 1351 πλουσίαν,
868 1302 1152 1350 μισθωτεῦσαι
1178 1295 1304 1352 αὐτῇ,
1332 1298 1548 1350 συγγενίδα
1573 1298 1704 1337 αὐτοῦ

292 1348 431 1406 οὖσαν,
457 1354 706 1405 καλουμένην
722 1353 924 1406 Χαδὸιγῆ,
953 1351 1055 1404 πρὸς
1077 1353 1121 1393 τὸ
1150 1355 1404 1405 καμηλεῦσαι
1431 1353 1502 1391 καί
1514 1366 1703 1404 πραγμα-

292 1405 486 1447 τεύεσθαι
526 1405 630 1456 μετὰ
669 1408 748 1446 τῶν
788 1405 1008 1458 ὁμοφύλων
1046 1406 1189 1447 αὐτοῦ’.
1252 1409 1427 1448 Historia
1463 1407 1703 1460 Longobar-

293 1463 406 1503 dica:
435 1462 638 1516 quaedam
664 1466 800 1503 autem
815 1466 1008 1503 matrona
1033 1465 1194 1502 nomine
1205 1461 1420 1514 cadigam,
1446 1473 1553 1515 qaae
1577 1471 1703 1513 prae-

293 1520 390 1558 erat
427 1516 591 1556 caidam
626 1519 884 1569 provinciae.
955 1517 1212 1569 Landulphus
1253 1516 1396 1568 Sagax
1433 1515 1537 1556 hanc
1576 1515 1703 1566 ipsam

293 1575 516 1611 matronam
545 1569 751 1622 Eadiyam
783 1571 972 1623 appellat.

401 1634 508 1676 lbid.
532 1638 594 1674 14.
650 1633 865 1685 Ἀρειανοῦ
893 1630 998 1678 τινὸς
1024 1633 1230 1686 μοναχοῧ]
1261 1634 1490 1682 Anonymus
1517 1633 1557 1672 in
1575 1631 1704 1672 Sara-

295 1689 440 1728 cenicis
480 1690 581 1728 hunc
615 1689 845 1728 monachum
876 1688 1064 1728 Arianum
1092 1689 1206 1739 Cpoli
1248 1700 1269 1726 e
1309 1687 1548 1727 monasterio
1575 1685 1704 1726 Calli-

294 1743 413 1783 strati
440 1743 489 1783 ob
520 1755 668 1794 pravos
701 1743 741 1782 in
768 1743 844 1781 fide
871 1755 1009 1782 sensus
1031 1743 1193 1781 eiectum
1223 1742 1343 1781 fuisse
1362 1742 1510 1780 scribit.
1565 1751 1704 1779 nomen

299 1797 334 1836 ei
364 1797 533 1849 Sergius
563 1797 662 1844 fuit,
699 1801 744 1836 ιιι
771 1800 967 1836 testantur
1003 1796 1140 1836 variae
1168 1796 1358 1835 lectiones
1388 1794 1641 1846 Theophanis
1668 1796 1707 1831 et

297 1850 465 1890 historia
500 1851 833 1902 Longobardica:
869 1848 955 1901 fait
985 1850 1152 1903 quidam
1190 1848 1416 1889 monachas
1456 1850 1526 1901 qai
1556 1845 1705 1888 Maho-

297 1908 447 1945 metum
475 1906 697 1955 instruxit,
722 1906 884 1944 nomine
910 1902 1103 1956 Seryias,
1134 1906 1203 1958 qai
1231 1905 1276 1943 in
1304 1913 1494 1942 errorem
1514 1900 1707 1942 Nestorii

297 1958 512 2009 incidens,
538 1958 634 1998 dam
673 1969 701 1998 a
726 1957 943 1998 neonae-his
969 1956 1130 2009 fuisset
1170 1956 1405 2009 eat-palsas,
1431 1958 1476 1995 in
1503 1952 1706 1995 Arabiam

297 2014 412 2053 venit
444 2016 486 2053 et
505 2010 744 2053 Mahometo
762 2011 971 2052 adhaesit.
1027 2016 1198 2051 ceterum
1220 2022 1425 2062 perperam
1455 2009 1639 2048 scribitur
1667 2007 1709 2046 in

298 2066 495 2106 Chronico
522 2067 702 2106 monachi
730 2066 1074 2106 Altissiodorensis
1094 2063 1215 2118 Selyi
1243 2063 1434 2104 monachi
1460 2075 1534 2115 pro
1565 2060 1710 2113 Sergii

299 2119 503 2161 monachi.
531 2120 680 2160 monuit
704 2120 912 2160 Meursius.

406 2182 516 2224 Ibid.
548 2186 611 2225 15.
667 2183 739 2222 καί
768 2178 895 2228 οὕτως
922 2179 946 2232 ἡ
985 2179 1106 2235 γυνὴ]
1134 2182 1398 2233 Theophanes
1425 2180 1602 2232 pluribus
1628 2190 1711 2218 rem

300 2242 422 2277 totam
451 2243 604 2279 narrat.
661 2238 863 2278 Cedrenus
895 2237 961 2289 qui
990 2238 1137 2287 passim
1152 2236 1431 2287 Theophanem
1459 2234 1508 2274 ad
1537 2233 1712 2278 verbum,

302 2296 345 2331 ut
373 2293 494 2342 aiunt,
523 2292 724 2343 exscribit,
754 2292 818 2332 hic
847 2291 897 2330 ab
925 2291 1059 2329 eodem
1094 2291 1134 2329 in
1163 2290 1294 2329 multis
1327 2289 1477 2338 differt,
1505 2291 1549 2327 ιιι
1576 2287 1711 2327 videre

302 2350 362 2385 est
393 2347 442 2384 ad
473 2359 617 2386 annum
646 2349 697 2386 21
725 2345 881 2398 imperii
907 2344 1079 2383 Heraclii
1107 2344 1292 2396 Augusti.

407 2398 514 2440 Ibid.
539 2405 602 2440 1⁷.
659 2395 891 2451 φύλαρχον]
922 2399 979 2438 ita
1006 2399 1099 2448 lego
1128 2410 1212 2437 cum
1233 2396 1417 2442 Meursio,
1447 2398 1486 2433 et
1510 2394 1567 2433 ita
1593 2393 1714 2432 habe-

301 2458 367 2492 tur
394 2455 497 2505 apud
523 2454 771 2503 Anonymum
798 2453 838 2492 in
858 2452 1120 2492 Saracenicis.
1180 2447 1388 2501 φύλαρχοι
1419 2452 1548 2488 autem
1578 2458 1715 2486 recen-

299 2507 468 2548 tioribus
499 2507 664 2547 Graecis
699 2507 794 2546 dicti
831 2508 942 2545 fuere
968 2509 1012 2544 ut
1049 2505 1256 2555 plurimum
1287 2503 1578 2543 Saracenorum
1606 2500 1715 2551 prin-

301 2561 432 2611 cipes:
470 2562 511 2601 hi
551 2562 695 2614 quippe
722 2561 840 2600 divisi
869 2564 983 2599 erant
1014 2559 1054 2598 in
1083 2559 1221 2605 tribus,
1263 2569 1366 2610 quae
1393 2568 1485 2596 suos
1518 2554 1718 2594 habebant

301 2614 566 2666 phylarchos,
605 2620 651 2654 ut
676 2614 814 2654 scribit
852 2614 1096 2654 sozomenus
1123 2617 1150 2652 6
1177 2616 1231 2653 38
1267 2615 1370 2652 extr.
1426 2608 1638 2660 Procopius
1667 2606 1717 2645 de
