1780 3132
251 164 272 204 1
281 159 340 205 76
506 165 831 206 CONSTANTIN
837 167 851 203 1
889 162 1352 204 PORPHYROGENITI

249 262 306 309 εἰς
332 263 427 313 τρία
453 263 556 313 μέρη
592 259 667 312 τήν
707 257 858 299 ἑαυτοῦ
886 257 1051 311 χώραν,
1078 258 1147 298 καὶ
1171 263 1251 305 τοῖς
1277 258 1408 312 τρισίν
1437 259 1541 308 υἱοῖς
1569 261 1642 302 αὖ.

247 326 320 364 τοῦ
345 324 421 365 α’νιὶ
458 327 556 375 μιᾶς
582 325 748 374 μερίδος
774 323 957 363 κατέλιπε
976 357 986 372 ‚
1014 323 1082 362 τὸν
1111 324 1268 373 πρῶτον
1293 327 1540 374 καταλείψας
1570 319 1644 377 ἄρ..

245 403 371 439 χοντα
399 389 544 439 μέγαν,
585 386 681 434 τούς
720 388 765 427 δὲ
798 383 956 438 ἑτέρους
985 387 1057 426 δύο
1095 388 1166 426 τοῦ
1194 381 1296 425 εἶναι
1327 385 1404 426 ὑπὸ
1430 386 1498 428 τὸν
1526 386 1643 441 λόγον

244 453 318 491 τοῦ
344 450 504 503 πρῶτον
534 449 640 490 υἱοῦ.
697 449 895 504 παρῄνεσε
927 451 970 490 δὲ
1000 449 1145 496 αὐτοὺς
1173 451 1246 489 τοῦ
1262 447 1316 502 μή
1345 451 1402 499 εἰς
1430 449 1644 493 διάστασιν

245 514 315 554 καί
340 519 426 554 κατ’
454 514 639 566 α’λλήλων
667 516 867 566 γενέσθαι,
897 514 1165 566 παράδειγμα
1184 515 1321 564 αὐτοῖς
1339 517 1516 556 τοιοῦτον
1543 515 1674 560 ὑπο-5

247 579 411 626 δείξας·
477 576 658 631 ῥάβδους
698 576 775 630 γάρ
820 583 926 631 τρεῖς
966 577 1132 629 ε’νεγκών
1174 579 1243 617 καί
1265 577 1466 630 συνδήσας
1495 580 1644 620 δέδωκε

129 653 153 685 Ρ
170 653 231 684 111
244 645 297 696 τῷ
325 639 469 697 πρώτῳ
499 641 574 694 υἱῷ
599 643 668 681 τοῦ
693 639 842 688 ταύτας
869 642 1027 692 κλάσαι,
1058 642 1130 680 τοῦ
1159 643 1202 681 δὲ
1224 639 1279 695 μὴ
1301 641 1539 692 ἰσχύσαντος
1562 641 1643 683 πα’-

243 711 306 746 λιν
337 706 484 744 δέδωκε
510 707 564 760 τῷ
594 702 727 759 ἑτέρῳ,
758 705 949 752 ῶσαύτως
978 705 1120 758 καὶτῷ
1142 708 1281 761 τρίτῳ·
1338 706 1408 745 καί
1431 701 1509 746 εἶθ’
1539 703 1644 746 οὕτω

243 772 414 822 διαιρῶν
453 767 525 815 τὰς
565 774 674 821 τρεῖς
714 768 890 823 ῥάβδους
919 770 1066 809 δέδωκε
1094 775 1174 816 τοῖς
1201 768 1311 820 τρισί
1340 768 1441 820 πρὸς
1466 770 1577 822 μίαν,
1606 769 1644 810 οἱ

244 835 288 873 δὲ
316 831 505 885 λαβόντες
548 831 618 872 καί
652 835 931 880 κελευσθέντες
971 832 1120 880 ταύτας
1157 833 1302 873 κλάσαι
1332 833 1488 880 εὐθέως
1515 833 1642 882 αὐτὰς
1657 848 1696 880 10

242 899 500 940 κατέκλασαν.
567 897 636 936 καί
679 895 748 936 διὰ
778 898 965 936 τοιούτου
1005 896 1299 949 ὖποδείγματος
1323 895 1544 951 παρῄνεσεν
1569 898 1643 937 αὖ·

242 961 356 1012 τούς,
396 959 520 1001 εἰπών
562 959 624 1000 ὅτι
666 962 804 1012 εἰμὲν
847 962 1050 1011 διαμένετε
1091 962 1133 1000 ἐν
1174 959 1387 1016 ὅμοψυχίᾳ
1415 960 1484 1001 καὶ
1511 962 1643 1017 ἀγάπῃ

243 1026 492 1078 ἀδιαίρετοι,
535 1023 850 1077 α’καταγώνιστοι
889 1024 999 1077 παρὰ
1027 1025 1107 1064 τῶν
1136 1026 1322 1065 ἐναντίων
1349 1023 1420 1065 καὶ
1445 1025 1644 1066 α’νοὶλωτοι

239 1089 477 1143 γενήσεσθε·
543 1089 581 1129 εἰ
624 1090 669 1129 δὲ
708 1091 751 1129 ἐν
779 1088 878 1140 ὑμῖν
913 1090 1074 1142 γένηται
1117 1086 1202 1140 ἔρις
1226 1087 1297 1128 καί
1325 1088 1550 1142 φιλονεικία
1575 1091 1646 1129 καί

240 1153 544 1206 διαχωρισθῆτε
586 1153 643 1200 εἷς
680 1157 789 1206 τρεῖς
837 1150 972 1205 α’ρχᾶς
1012 1151 1068 1204 μὴ
1111 1151 1367 1203 ὑποκείμενοι
1406 1154 1462 1208 τῷ
1499 1151 1697 1209 πρώτῳ15
1752 1160 1755 1163 “

240 1217 420 1272 ἀδελφῷ,
454 1219 523 1257 καί
547 1216 618 1256 ὑπ’
647 1215 831 1269 α’λλήλων
859 1216 1195 1270 ἄφανισθὴσεσθε
1235 1219 1306 1256 καί
1331 1215 1410 1256 ὑπὸ
1439 1217 1518 1256 τῶν
1544 1219 1643 1268 πλη-

240 1278 482 1330 σιαζόντων·
506 1277 604 1331 ὑμῖν
647 1281 810 1332 ἐχθρῶν
838 1281 1040 1328 παντελῶς
1072 1277 1482 1332 έξολοθρευθὴσεσθε.
1535 1277 1641 1332 μετὰ

241 1346 286 1386 δὲ
314 1344 387 1398 τήν
413 1343 600 1398 τελευτὴν
643 1347 715 1384 τοῦ
746 1345 872 1385 αὐτοῦ
898 1344 1209 1398 Σφενδοπλόκου
1247 1346 1316 1384 ἕνα
1342 1341 1496 1396 χρόνον
1518 1341 1561 1383 ἐν
1589 1343 1644 1382 εἰ·

238 1409 338 1464 ρήνῃ
367 1410 676 1462 διατελέσαντες,
706 1406 839 1460 ἔριδος
861 1410 930 1448 καί
954 1408 1130 1455 στάσεως
1157 1411 1200 1448 ἐν
1220 1409 1359 1455 αὐτοῖς
1378 1407 1641 1460 ἐμπεσούσης,

237 1475 307 1513 καί
329 1475 428 1525 πρὸς
455 1471 652 1525 ἀλλήλους
681 1472 880 1526 ἐμφύλιον
907 1471 1082 1519 πόλεμον
1111 1471 1363 1525 ποιήσαντες,
1389 1470 1574 1517 ἐλθόντες
1604 1470 1696 1515 ot‘20

244 1540 418 1590 Τοῦρκοι
447 1537 613 1583 τούτους
640 1537 843 1582 παντελῶς
868 1534 1190 1588 ἑξωλόθρευσαν,
1218 1537 1289 1575 καί
1315 1535 1541 1588 ἐκράτησαν
1569 1534 1642 1588 τήν

237 1603 373 1642 αὐτῶν
411 1601 579 1653 χώραν,
625 1603 682 1647 εἰς
712 1598 761 1652 ἢν
803 1597 874 1639 καί
900 1601 1049 1651 α’ρτίως
1088 1600 1268 1639 οἰκοῦσι·
1323 1601 1393 1639 καί
1419 1597 1457 1639 οἱ
1482 1596 1644 1639 ὖπολει-

238 1668 409 1720 φθέντες
437 1666 511 1705 τοῦ
538 1666 640 1704 λαοῦ
667 1665 1033 1717 διεσκορπίσθησαν
1070 1661 1374 1716 προσφυγόντες
1403 1663 1460 1709 εἰς
1484 1660 1533 1702 τοὶ
1565 1678 1643 1701 πα-

236 1731 454 1780 πακείμενα
483 1727 604 1781 ἔθνη,
632 1727 689 1774 εἵς
732 1743 772 1767 τε
809 1726 904 1773 τούς
931 1726 1196 1780 Βουλγοὶρους
1230 1726 1298 1767 καί
1338 1723 1542 1779 Τούρκους
1573 1724 1645 1765 καί

239 1794 494 1846 Χρωβάτους
518 1793 589 1832 καί
612 1794 668 1839 εἰς
696 1790 744 1832 τὰ
776 1790 895 1832 λοιπὰ
938 1789 1050 1844 ἔθνη.
1651 1797 1695 1830 25

235 1939 320 1968 natu
344 1935 536 1979 principem
566 1945 724 1977 magnum
762 1934 911 1973 faciens,
946 1933 1100 1977 reliquos
1132 1943 1213 1966 vero
1239 1932 1326 1965 duos
1350 1931 1413 1965 snb
1437 1932 1512 1965 eius
1535 1936 1639 1976 pote·

236 1986 325 2013 state
362 1981 588 2013 constituens.
637 1981 794 2012 hortatus
820 1990 900 2011 vero
934 1984 987 2011 est
1019 1989 1077 2011 eos
1103 1990 1148 2010 ne
1179 1979 1272 2010 inter
1295 1989 1330 2010 se
1349 1982 1470 2010 mutuo
1495 1976 1638 2009 dirime-

236 2032 365 2066 rentur,
388 2026 455 2058 hoc
481 2026 658 2069 exemplo:
682 2025 784 2068 virgis
811 2024 920 2056 tribus
950 2024 1077 2062 allatis,
1107 2024 1169 2056 ubi
1193 2024 1387 2067 colligasset
1413 2034 1482 2062 eas,
1507 2024 1638 2066 primo-

235 2072 353 2115 genito
376 2071 642 2114 confringendas
658 2070 814 2110 tradidit,
838 2080 984 2114 cumque
1008 2070 1070 2101 ille
1089 2069 1126 2101 id
1150 2069 1264 2101 facere
1287 2069 1461 2113 nequiret,
1485 2068 1638 2101 secundo

235 2118 275 2149 in
297 2128 435 2149 manum
462 2117 560 2149 dedit
575 2141 583 2156 ,
620 2122 655 2149 et
677 2127 756 2148 mox
780 2116 907 2148 tertio:
941 2115 1068 2147 deinde
1093 2115 1278 2147 dissolutas
1297 2115 1495 2157 singulatim
1521 2113 1638 2147 divisit

234 2162 362 2203 tribus,
387 2163 448 2207 qui
473 2168 629 2206 acceptas
655 2162 811 2205 frangere
839 2161 920 2192 iussi
942 2161 1017 2192 sine
1042 2160 1115 2192 ullo
1147 2159 1184 2192 id
1210 2161 1352 2202 negotio
1377 2160 1559 2192 confestim
1586 2159 1639 2191 se-

235 2213 369 2241 cerunt.
418 2219 487 2252 quo
506 2209 608 2248 facto,
634 2207 791 2251 exemplo
816 2218 878 2250 per
902 2206 1115 2239 occasionem
1133 2205 1221 2246 hanc
1247 2211 1396 2249 arrepto,
1418 2206 1467 2238 ita
1491 2215 1549 2237 eos
1573 2204 1639 2237 ad·-

234 2263 379 2285 monens
407 2254 496 2286 dixit
522 2253 577 2286 “si
613 2254 649 2285 in
673 2252 857 2286 concordia
898 2257 933 2283 et
957 2261 1071 2283 amore
1105 2251 1299 2283 manseritis
1331 2250 1520 2290 coniuncti,
1545 2261 1639 2282 nun-

236 2310 340 2343 quam
367 2310 426 2331 vos
453 2299 570 2332 hostes
594 2300 696 2331 vestri
723 2297 947 2341 superabunt,
971 2307 1085 2340 neque
1110 2298 1261 2339 captivos
1281 2296 1476 2329 abducent:
1500 2295 1552 2327 sin
1576 2305 1638 2339 per

235 2345 494 2376 contentionem
532 2344 828 2387 ambitionemque
865 2343 1096 2386 principatum
1134 2343 1171 2374 in
1207 2347 1276 2374 tres
1309 2347 1424 2386 partes
1460 2340 1636 2380 dividetis,

234 2390 383 2423 maximo
421 2390 516 2422 fratri
553 2390 694 2422 obedire
729 2394 948 2426 recusantes,
976 2393 1011 2419 et
1033 2399 1053 2419 a
1081 2387 1179 2419 vobis
1205 2388 1288 2431 ipsis
1311 2386 1531 2420 vastabimini
1559 2390 1595 2418 et
1617 2396 1639 2418 a

235 2435 390 2468 finitimis
414 2434 572 2468 hostibus
605 2434 763 2467 funditus
798 2431 1032 2466 delebimini.’'
1079 2439 1158 2476 post
1189 2432 1290 2465 huius
1316 2437 1432 2465 autem
1453 2430 1639 2476 Sphendo-

234 2481 328 2525 ploci
351 2486 495 2512 mortem
521 2492 610 2513 anno
637 2492 706 2512 uno
732 2481 767 2511 iu
795 2490 879 2523 pace
905 2483 1036 2518 exacto,
1064 2483 1140 2510 orto
1169 2477 1294 2511 deinde
1317 2477 1459 2510 dissidio
1483 2482 1519 2509 et
1539 2476 1636 2508 bello

235 2526 330 2559 civili
357 2526 559 2559 invadentes
575 2528 709 2558 Turcae
727 2525 886 2557 funditus
909 2535 967 2556 eos
994 2524 1225 2567 exstirparunt
1251 2524 1492 2567 regionemque
1518 2532 1637 2554 eorum

236 2577 460 2615 occuparunt,
489 2583 590 2616 quam
618 2572 656 2604 in
674 2571 879 2603 hodiernum
906 2580 1015 2615 usque
1032 2569 1124 2601 diem
1149 2570 1319 2610 incolunt;
1347 2578 1506 2613 quaeque
1530 2577 1635 2611 supe-

236 2623 327 2649 rerat
349 2617 559 2657 multitudo,
585 2617 751 2661 dissipata
787 2615 945 2658 confugit
980 2614 1024 2646 ad
1046 2615 1206 2648 finitimas
1241 2619 1377 2659 gentes,
1404 2613 1447 2646 ad
1475 2613 1635 2656 Bulgaron

235 2664 365 2696 Tui-cas
394 2662 596 2704 Chrobatos,
622 2668 657 2695 et
680 2662 723 2694 ad
748 2662 899 2707 reliquas
923 2662 1091 2694 nationes.
