1780 3132
256 166 347 210 218
523 171 693 212 CONST
694 170 854 219 ANTm
858 172 871 208 1
911 169 1378 210 PORPHYROGENITI

255 270 476 308 σκοπεῦσαι
512 266 582 308 καί
615 268 763 320 γνῶναι
803 265 841 304 εἰ
867 261 949 316 ἄρα
969 265 1235 316 παραγίνεται
1260 265 1281 305 ὃ
1308 263 1543 319 στρατηγός,
1575 280 1654 304 πα-

254 333 534 384 ραγγείλαντες
574 332 643 371 καί
691 335 856 381 σημεῖον
898 327 1112 375 δεδωκότες
1150 329 1205 382 τῷ
1252 329 1534 384 α’πεσταλμένῳ
1574 329 1653 380 ἵνα,

253 396 390 444 εἰμὲν
417 394 497 434 ἴδοι
537 392 753 446 ἐρχόμενον
783 390 851 432 τὸν
879 392 1128 445 στρατηγόν,
1157 394 1201 433 ἐν
1228 394 1275 447 τῇ
1309 393 1546 448 ὑποστροφῇ
1574 392 1653 432 αὖ·

253 459 327 496 τοῦ
374 459 486 511 κλίνῃ
531 455 576 496 τὸ
625 455 884 510 φλαᾏιιουλον,
928 453 1038 503 ὅπως
1084 458 1209 508 γνῶσι
1261 455 1334 509 τὴν
1375 454 1532 497 ἔλευσιν
1581 458 1654 496 τοῦ

251 521 504 574 στρατηγοῦ,
531 523 570 560 εἰ
596 522 641 561 δὲ
666 519 721 573 μή
749 535 814 574 γε,
839 522 1023 572 κατέχειν
1062 517 1191 572 ὀρθὸν
1218 519 1260 561 τὸ
1291 518 1525 574 φλάμουλον
1551 517 1687 573 πρὸς-5

250 582 293 623 τὸ
322 582 380 635 μὴ
408 581 517 635 ἔχειν
544 582 697 631 αὐτοὺς
717 585 961 635 προσδοκίαν
997 586 1073 624 τοῦ
1097 586 1241 625 λοιποῦ
1264 586 1560 637 παραγίνεσθαι
1584 582 1655 624 τὸν

251 645 486 699 στρατηγόν.
515 650 588 687 τοῦ
616 643 689 687 οὖν
716 649 867 688 σκοποῦ
895 647 1138 696 ἀπελθόντος
1164 650 1235 689 καί
1261 648 1466 700 μαθόντος
1490 646 1546 700 μὴ
1577 663 1656 687 πα-

252 710 490 762 ραγίνεσθαι
509 710 577 751 τὸν
595 712 824 765 στρατηγόν,
854 710 1106 766 ὑπέστρεφεν
1135 711 1260 765 ὀρθὸν
1287 713 1466 764 κατέχων
1484 704 1528 751 τὸ
1547 708 1657 765 φλά-

248 777 414 824 μουλον.
441 774 511 815 καί
525 774 573 828 δη
592 778 665 819 τοῦ
682 778 785 815 θεοῦ
800 771 1093 829 ειῗδοκήσαντος
1111 775 1179 817 διὰ
1203 770 1429 830 πρεσβειῶν
1447 777 1522 815 τοῦ
1539 774 1654 827 ἁγίου

250 837 475 878 ἀποστόλου
503 841 705 894 Ἀνδρέου,
732 843 804 880 τοῦ
821 842 946 881 ἵππου
966 837 1257 894 ὄλισθήσαντος
1273 841 1344 880 καί
1374 836 1656 891 τοῦἐπιβοῖτου
1673 841 1713 874 10

248 898 577 950 ὗποπεπτωκότος
593 901 719 943 ἔκλινε
732 903 775 944 τό
796 902 1045 958 φλάμουλον,
1056 906 1126 944 καί
1139 902 1174 944 οἱ
1189 905 1264 945 τοῦ
1275 902 1446 956 κάστρου
1460 900 1661 956 οἰκήτορες

250 963 406 1012 ἰδόντες
434 965 476 1007 τὸ
506 966 664 1020 γεγονὸς
700 974 878 1022 σημεῖον,
903 967 972 1008 καί
994 973 1227 1020 νομίσαντες
1250 965 1293 1018 ἐξ
1323 963 1496 1014 ἅπαντος
1521 981 1659 1019 παρα-

249 1028 435 1081 γίνεσθαι
467 1029 533 1070 τὸν
560 1030 806 1085 στρατηγόν,
836 1027 998 1084 ἤνοιξαν
1024 1030 1099 1080 τὰς
1125 1028 1254 1079 πύλας
1288 1031 1361 1085 τοῦ
1386 1031 1562 1082 κάστρου
1590 1032 1662 1071 καί

137 1101 238 1135 P132
251 1094 420 1146 ἐξῆλθον
446 1097 670 1146 θαρσαλέοι
701 1095 803 1136 κατὰ
837 1097 916 1136 τῶν
934 1097 1188 1150 Σκλαβηναῖν,
1217 1096 1288 1135 καί
1314 1091 1422 1135 εἶδον
1446 1093 1518 1134 τόν
1546 1109 1658 1146 πρω-

248 1156 439 1211 τόκλητον
478 1158 700 1199 α’πόστολον
742 1160 1078 1214 ὀφθαλμοφανῶς
1123 1162 1230 1216 ἵππῳ
1259 1159 1554 1210 ἐπικαθήμενον
1589 1157 1657 1197 καὶ
1671 1163 1713 1196 15
1750 1160 1753 1163 ’

247 1220 384 1278 δρόμῳ
431 1220 702 1274 ἐπερχόμενον
738 1222 840 1264 κατὰ
881 1224 963 1264 τῶν
1002 1222 1242 1277 βαρβάρων·
1309 1221 1381 1262 καί
1415 1219 1466 1274 δὴ
1505 1222 1659 1280 τρέψας

245 1283 416 1332 τούτους
448 1287 547 1326 κατὰ
576 1287 737 1339 κράτος,
766 1289 836 1328 καί
863 1289 1158 1341 διασκορπίσας
1186 1285 1256 1327 καὶ
1284 1283 1490 1334 ἀπελάσας
1517 1283 1659 1338 πόρρω

246 1350 319 1391 τοῦ
346 1348 521 1401 κάστρου
555 1351 742 1405 φυγάδας
774 1352 970 1405 ἐποίησεν.
1027 1349 1063 1391 οἶ
1103 1352 1149 1391 δὲ
1179 1348 1386 1404 βάρβαροι
1415 1342 1565 1396 ἰδόντες
1589 1347 1661 1387 καί

244 1417 581 1469 καταπλαγέντες,
612 1413 811 1468 ἔκθαμβοι
835 1417 1037 1469 γεγονότες
1063 1414 1132 1455 ὲπί
1154 1415 1201 1470 τῇ
1219 1417 1302 1455 κατ’
1327 1412 1467 1466 αὐτῶν
1485 1411 1661 1467 κραταιᾷ

245 1477 454 1518 ἑπελεύσει
482 1481 554 1518 τοῦ
586 1479 781 1533 ἀηττήτου
809 1480 880 1520 καί
904 1478 1234 1532 α’καταγωνίστου
1253 1475 1416 1518 ὁπλίτου
1443 1478 1514 1517 καί
1529 1492 1656 1530 στρα-
1668 1483 1714 1516 20

245 1542 368 1595 τηγοῦ
395 1544 466 1582 καί
493 1541 716 1596 ταξιάρχου
749 1545 820 1584 καί
851 1543 1125 1598 τροπαιούχου
1152 1545 1223 1584 καί
1247 1541 1467 1596 νικηφόρου
1495 1554 1656 1595 πρωτο-

247 1604 394 1658 κλήτου
422 1605 645 1647 α’ποστόλου
672 1608 885 1663 ’Λνδρέου,
912 1605 1214 1662 ἐταράχθησαν,
1240 1607 1534 1660 έσαλεύθησαν,
1560 1604 1655 1659 τρό-

247 1683 324 1720 μος
358 1670 578 1721 ἐπελάβετο
616 1670 793 1723 αύτούς,
836 1674 907 1712 καί
932 1673 1188 1726 προσέφυγον
1226 1673 1284 1719 εἰς
1324 1669 1396 1711 τὸν
1431 1667 1656 1710 πάνσεπτον

249 1733 347 1775 ναὸν
382 1737 527 1775 αὐτοῦ.
602 1739 675 1776 τοῦ
720 1732 793 1777 οὖν
830 1739 1058 1790 στρατηγοῦ
1097 1736 1196 1788 μετὰ
1235 1735 1280 1777 τὸ
1318 1733 1514 1787 τρόπαιον
1541 1734 1584 1774 ἐν
1610 1734 1656 1787 τῇ

249 1797 363 1855 τρίτῃ
396 1796 529 1856 ἡμέρᾳ
561 1800 857 1853 καταλαβόντος
890 1801 960 1841 καί
989 1799 1061 1853 την
1094 1804 1205 1854 νίκην
1227 1801 1299 1841 τοῦ
1323 1795 1544 1840 ἀποστόλου
1573 1805 1713 1849 ita-25

342 1941 361 1973 7
387 1940 575 1987 μαθόντος
598 1942 665 1974 add
684 1943 707 1974 B
800 1940 845 1975 24
870 1942 1072 1987 στρατηγοῦ
1096 1940 1163 1974 add
1189 1942 1211 1973 B

253 2063 386 2105 signum
413 2062 546 2103 dantes,
574 2068 614 2095 ut
637 2064 665 2096 si
689 2064 888 2096 venientem
911 2068 1104 2107 praetorem
1131 2062 1276 2102 videret,
1302 2063 1339 2094 in
1363 2061 1475 2094 reditu
1495 2059 1655 2092 flammu-

251 2109 324 2140 lum
351 2108 547 2147 inclinaret,
575 2109 668 2142 unde
692 2110 879 2142 adventum
914 2110 988 2142 eius
1016 2113 1273 2153 cognoscerent,
1297 2108 1352 2140 sin
1375 2107 1500 2146 minus,
1523 2111 1656 2138 rectum

251 2159 407 2193 teneret,
432 2165 477 2186 ne
511 2154 554 2186 de
580 2161 696 2188 cetero
724 2158 910 2188 affuturum
934 2166 1012 2187 eum
1037 2160 1226 2200 sperarent.
1275 2165 1352 2186 cum
1375 2154 1493 2197 itaque
1513 2152 1658 2184 abiisset

253 2200 450 2243 speculator
473 2205 509 2232 et
532 2211 604 2233 non
627 2201 747 2234 adesse
771 2207 964 2245 praetorem
994 2202 1219 2244 intelligeret,
1258 2199 1361 2232 rediit
1384 2210 1460 2231 cum
1483 2198 1657 2230 flammulo

253 2251 382 2278 erecto.
432 2245 498 2278 deo
522 2257 603 2279 vero
627 2247 676 2279 ita
699 2248 840 2280 volente
865 2253 1007 2292 propter
1030 2248 1315 2279 intercessionem
1341 2247 1375 2278 8.
1389 2244 1546 2278 Andreae
1571 2253 1657 2287 apo-

255 2291 348 2331 stoli,
372 2291 498 2324 accidit
525 2298 563 2324 ut
591 2303 681 2337 equo
709 2294 921 2337 caespitante
945 2304 1106 2325 excussus
1128 2298 1246 2325 vector
1268 2291 1481 2324 flammulam
1504 2289 1656 2322 inclina-

254 2342 324 2379 τοῖς
350 2337 446 2381 quod
483 2338 642 2371 videntes
667 2339 845 2383 oppidani,
866 2339 976 2372 veluti
1001 2339 1098 2382 signo
1134 2338 1227 2377 dato,
1253 2338 1490 2374 existimantes
1514 2335 1657 2373 omnino

251 2388 449 2427 praetorem
474 2384 620 2424 venisse,
644 2386 754 2429 portis
775 2385 871 2417 urbis
888 2386 1015 2428 apertis
1030 2390 1149 2417 contra
1162 2384 1350 2416 Sclavinios
1373 2388 1513 2416 strenue
1530 2379 1657 2424 egressi

254 2433 358 2468 sunt,
394 2428 628 2474 videruntque
666 2431 758 2463 clare
780 2431 974 2475 apostolum
1012 2431 1124 2474 primo
1149 2435 1308 2463 vocatum
1332 2439 1423 2473 equo
1445 2427 1658 2461 insidentem

253 2479 291 2506 et
314 2474 351 2506 in
376 2474 544 2507 barbaros
571 2481 739 2516 ruentem,
763 2488 851 2520 quos
874 2482 970 2520 terga
1000 2481 1134 2509 vertere
1159 2487 1197 2509 ac
1219 2476 1391 2520 dispersos
1414 2475 1452 2508 in
1481 2473 1596 2516 fugam
1620 2481 1658 2504 se

255 2519 337 2552 dare
361 2520 481 2563 procul
505 2521 548 2551 ab
583 2522 668 2554 urbe
692 2524 819 2566 coegit.
866 2534 946 2555 nam
981 2528 1164 2566 conspecto
1188 2523 1318 2554 invicto
1342 2521 1514 2554 bellatore
1539 2522 1659 2551 contra

255 2576 292 2597 se
315 2566 481 2605 irruente,
506 2566 643 2599 barbari
667 2569 818 2610 perculsi
844 2574 911 2600 tam
935 2568 1131 2601 vehementi
1168 2569 1298 2612 impetu
1321 2565 1565 2611 insuperabilis
1590 2563 1660 2596 (lu-

255 2612 304 2644 cis
329 2622 368 2644 ac
405 2612 563 2652 victoris,
588 2614 690 2656 primi
726 2614 838 2647 vocati
863 2615 1012 2658 aposloli
1035 2613 1204 2652 Andreae,
1232 2624 1369 2647 necnon
1393 2623 1493 2656 supra
1515 2610 1660 2645 modum

256 2657 299 2695 ab
329 2657 452 2690 eodem
477 2659 653 2702 perterriti
678 2660 893 2704 trepidantes
918 2660 964 2692 ad
989 2659 1219 2693 venerandam
1243 2659 1319 2692 eius
1345 2657 1466 2692 aedem
1491 2657 1661 2700 confuge-
