1780 3132
250 187 342 234 205
521 190 869 232 CONSTANTINI
915 191 1386 232 PORPHYROGENITI

679 286 1089 341 Κεφάλαιον
1147 285 1225 340 μς’.

265 371 352 415 περὶ
387 369 444 411 τῆς
461 369 694 414 γενεαλογίας
714 369 786 404 τῶν
809 368 964 414 Ἰβήρων,
987 371 1050 402 καὶ
1072 370 1134 403 τοῦ
1157 370 1319 415 κάστρου
1338 369 1627 416 Ἀδρανουτζίου.

347 435 490 475 Ἰστέον
518 430 579 473 ὅτι
602 432 625 472 6
658 433 943 487 Παγκράτειος
971 434 1042 475 καί
1069 434 1089 475 6
1119 437 1259 487 Δαβιδ
1281 453 1346 477 και
1369 436 1390 476 6
1413 435 1646 487 Μάμπαλις

241 498 261 540 6
294 495 563 550 ἑρμηνεύεται
591 496 811 549 πανὰγιος,
851 498 1038 551 ὑπῆρχον
1066 498 1152 539 vim*
1178 503 1252 539 τοῦ
1279 499 1456 552 μεγάλου
1485 503 1650 552 Συμβα-

241 563 327 603 τιόυ
345 563 417 602 τοῦ
426 557 598 612 Ἴβηρος.
639 577 703 601 και
727 559 849 614 ἔλαχε
863 561 906 602 τὸ
929 563 1202 617 Ἀδραιούτζη
1219 564 1277 611 εἷς
1302 566 1570 618 κληρονομίαν
1593 577 1681 620 τεοῦ

243 627 528 679 Παγκρατείω,
556 627 671 681 ττῦὸὲ
690 628 828 676 Λαβίὃ
841 624 1015 679 ἔλαχενε
999 629 1116 681 ετέρα
1137 629 1271 680 χώρα.
1327 628 1350 667 6
1379 629 1424 668 δὲ
1451 629 1650 683 Παγκρά-

240 705 341 737 τειος
371 690 556 741 ἐποίησεν
588 665 708 737 ⁸viov'c
737 696 854 744 τρεῖς,
894 689 964 730 τὸν
995 691 1265 745 Ἀδρανασὲρ,
1304 691 1375 733 τὸν
1403 695 1650 746 Κουρκένιον

242 753 311 794 καί
336 752 407 793 τὸν
443 757 649 804 πατρίκιον
683 753 879 794 Ἀσώτιον
907 754 979 795 τὸν
1016 756 1089 795 καί
1126 758 1364 810 Κισκάσην,
1405 759 1476 797 καί
1516 758 1649 808 διεμέ-

241 832 352 869 ρισεν
380 818 519 864 αὐτοῖς
545 816 617 870 τήν
643 815 784 869 χώραν
822 818 951 859 αὐτοῦ’
978 818 1047 859 καὶ
1074 818 1194 872 ἔλαχε
1222 819 1263 861 τό
1290 818 1566 874 Ἀδρανούτζη
1594 822 1650 877 τῷ

242 880 317 935 υἱῷ
346 881 478 920 αὐτοῦ
500 883 749 936 Κουρκενίῳ,
778 884 963 923 κοῖκείνου
983 883 1298 935 τελευτήσαντος
1318 884 1483 925 ἀτέκνου
1512 884 1647 926 εἴασεν
1661 897 1702 930 10

242 943 340 985 αὐτὸ
370 946 427 1000 τῷ
454 946 619 1000 α’δελφῷ
646 945 777 986 αὐτοῦ
798 946 977 1003 Ἀσωτίῳ
1006 950 1062 1003 τῷ
1089 950 1162 988 καί
1189 948 1391 1003 Κισκάσῃ.
1448 947 1470 988 6
1489 950 1542 989 δὲ
1569 965 1648 989 πα·

242 1011 389 1060 τρίκιος
413 1007 609 1057 Ἀσώτιος
646 1007 667 1048 6
708 1009 778 1050 καί
811 1010 1024 1064 Κισκάσης
1061 1013 1188 1065 ἐπῆρε
1225 1011 1411 1065 γαμβρὸν
1436 1012 1493 1059 εἷς
1517 1014 1648 1064 θυγα-

242 1076 339 1125 τέρα
377 1072 504 1113 αὐτοῦ
541 1071 610 1113 τὸν
643 1076 879 1128 Κουρκένην
906 1076 1055 1116 ἐκεῖνον
1083 1074 1153 1116 τὸν
1179 1073 1410 1129 μα’γιστρον,
1438 1073 1545 1124 ὅστις
1572 1079 1650 1117 δυ-

244 1139 470 1184 ναστεύσας
495 1139 683 1191 α’φείλετο
703 1138 747 1178 ἐκ
766 1140 839 1178 τοῦ
859 1141 1061 1192 πενθεροῦ
1081 1139 1209 1180 αὐτοῦ
1220 1138 1412 1180 Ἀσωτίου
1435 1138 1480 1180 τὸ
1500 1140 1648 1194 Ἀδρα-

243 1199 385 1254 νοὺτζη
411 1201 513 1241 κατὰ
543 1203 781 1256 τυραννίδα,
822 1204 893 1242 καί
931 1205 1106 1243 δέδωκεν
1146 1204 1259 1258 αὐτῷ
1294 1204 1352 1251 εἷς
1381 1202 1647 1255 α’ντισήκωσιν
1662 1216 1704 1249 15

132 1279 230 1314 pl26
244 1265 288 1306 τό
316 1280 358 1305 τε
393 1264 683 1319 Τ-υρόκαστρον
721 1268 792 1306 καί
831 1264 903 1319 τήν
932 1269 1134 1317 ποταμίαν
1162 1269 1238 1307 τοῦ
1265 1266 1451 1320 Ἀτζαρὰ,
1480 1266 1552 1318 τήν
1578 1262 1650 1306 οὖ-

243 1345 322 1369 σαν
364 1328 537 1382 σύνορον
575 1331 645 1382 τῆς
668 1329 896 1406 Ῥωέιιανίας
936 1331 993 1376 εἰς
1023 1329 1237 1381 Κώλωριν.
1292 1326 1377 1382 εἶχε
1406 1331 1451 1370 δὲ
1477 1336 1648 1382 γυναῖκα

245 1391 263 1432 6
294 1395 500 1446 πατρίκιος
516 1394 709 1441 ’Λσώτιος
735 1393 756 1432 6
785 1396 857 1434 καί
880 1394 1094 1446 Κισκοὲσης
1121 1393 1195 1446 τὴν
1224 1393 1406 1448 ἀδελφὴν
1430 1409 1500 1434 του
1527 1394 1650 1446 μαγί-

244 1473 369 1509 στρου
396 1459 603 1510 Γεωργίου
644 1456 714 1498 καί
752 1459 1020 1506 ἑξουσιαστου
1049 1458 1287 1510 Ἀβασγιάς·
1343 1456 1413 1498 καὶ
1454 1454 1520 1498 ὅτε
1561 1459 1648 1509 ἐγέ-

244 1536 357 1562 νοντο
384 1525 471 1562 κατ’
498 1520 684 1574 α’λλήλων
725 1517 745 1560 ὅ
789 1537 833 1561 τε
856 1521 1078 1574 μάγιστρος
1107 1524 1356 1574 Κουρκένιος
1382 1524 1454 1562 καί
1478 1521 1500 1562 6
1527 1520 1646 1574 μάγι-
1658 1535 1703 1569 20

242 1601 361 1639 στρος
398 1584 601 1638 Γεώργιος
637 1585 705 1625 καὶ
735 1583 1001 1638 ἐξουσιαστὴς
1027 1585 1246 1637 ’Λβασγίας
1285 1584 1352 1625 διὰ
1386 1585 1431 1626 τὸ
1460 1601 1646 1638 συναγω-

191 1671 195 1678 ·
241 1650 427 1699 νίζεσθαι
463 1648 532 1690 τὸν
572 1652 781 1702 πατρίκιοι)
803 1649 997 1691 Ἀσώτιον
1026 1652 1097 1690 τοῦ
1126 1651 1389 1698 ἑξουσιαστοῦ
1410 1649 1648 1702 Ἀβασγιάς,

242 1714 433 1766 δυνηθείς
459 1713 484 1753 0‘
510 1716 758 1766 Κουρκένιος
786 1713 978 1767 ἀφείλετο
1009 1715 1078 1754 καί
1110 1712 1185 1766 τὴν
1211 1711 1482 1766 α’ντισήκωσιν
1506 1710 1555 1765 ἣν
1583 1714 1650 1754 δὲ·

243 1779 371 1817 δωκεν
401 1777 510 1832 αύτῷ
542 1777 646 1830 ὑπὲρ
678 1779 751 1818 τοῦ
776 1773 1103 1831 Ἀδρανουτζιόυ,
1134 1778 1202 1818 καί
1231 1779 1393 1824 ἐδίωξεν
1420 1776 1557 1832 αὐτόν,
1581 1779 1652 1818 καὶ

243 1841 422 1895 ἀπῆλθεν
462 1843 519 1889 εἰς
551 1840 787 1894 Ἀβασγιάν.
852 1839 1168 1895 τελευτήσαντος
1216 1843 1260 1882 δὲ
1305 1843 1381 1881 τοῦ
1422 1843 1647 1896 μαγίστρου
1659 1851 1703 1885 25

401 1965 458 1999 46.
505 1965 549 1999 de
573 1966 711 2000 Iberum
736 1966 949 2011 genealogia
971 1973 1006 1999 et
1029 1965 1071 2000 de
1099 1964 1227 2011 oppido
1250 1964 1482 2000 Adranutzt'o.

335 2032 520 2066 Sciendum
552 2038 603 2066 est
626 2034 841 2066 Pancratium
868 2033 1034 2066 Davidem
1058 2038 1093 2066 et
1119 2032 1333 2076 Mampalim,
1356 2031 1449 2077 quod
1473 2033 1647 2066 sanctissi-

246 2087 337 2110 mum
361 2079 540 2122 significat,
567 2079 658 2111 filios
685 2080 790 2112 fuisse
815 2079 1114 2121 magniSymbatii
1130 2079 1250 2111 Iberis.
1299 2084 1335 2110 et
1348 2078 1542 2111 Adranutze
1569 2079 1650 2123 qui-

248 2122 326 2154 dem
353 2125 388 2156 in
415 2124 646 2157 hereditatem
670 2125 848 2158 pancratio
877 2126 990 2164 cessit,
1019 2124 1144 2156 Davidi
1171 2135 1252 2156 vero
1279 2124 1346 2155 alia
1371 2125 1477 2167 regio.
1524 2123 1648 2156 habuit

249 2175 364 2201 autem
391 2171 587 2203 Pancratius
612 2170 703 2203 filios
735 2176 815 2210 tres,
845 2169 1037 2202 Adranaser
1062 2170 1265 2202 Curcenium
1298 2175 1334 2202 et
1358 2170 1513 2202 Asotium
1537 2171 1647 2213 patri-

248 2217 352 2255 cium,
375 2218 435 2260 qui
465 2217 567 2249 etiam
593 2216 746 2252 Ciscases
771 2221 1008 2260 11uncupatur3
1038 2215 1225 2268 divisitque
1250 2215 1333 2258 ipsis
1363 2220 1470 2247 terras
1496 2226 1585 2255 suas,
1611 2220 1648 2248 et

248 2260 443 2294 Adranutze
475 2262 635 2294 Curcenii
665 2262 840 2295 heredites
869 2262 959 2303 fuit3
996 2261 1055 2305 qui
1090 2262 1163 2294 sine
1195 2261 1312 2293 liberis
1349 2271 1424 2292 cum
1453 2260 1647 2299 decederet,

248 2307 345 2338 fratri
372 2308 501 2347 Asotio‚
528 2308 589 2352 qui
615 2313 651 2341 et
673 2309 820 2347 Ciscase,
846 2307 882 2339 id
906 2307 1058 2352 reliquit.
1107 2312 1142 2339 at
1164 2308 1302 2339 Asotius
1322 2307 1498 2350 patricius,
1524 2307 1585 2350 qui
1612 2310 1649 2338 et

248 2351 409 2393 Ciscases‚
437 2364 599 2396 generum
625 2354 692 2386 sibi
716 2355 837 2386 ascivit
862 2354 1067 2386 Curcenium
1093 2352 1193 2384 illum
1219 2353 1434 2396 magistrum,
1464 2352 1524 2396 qui
1549 2352 1648 2396 prin·
1686 2390 1688 2392 v

248 2398 365 2441 cipatu
390 2405 532 2443 accepto
558 2411 677 2433 socero
699 2400 819 2432 Asotio
834 2398 1027 2431 Adranutze
1046 2409 1108 2442 per
1131 2399 1198 2430 vim
1218 2398 1357 2437 ademit,
1383 2403 1419 2430 et
1444 2407 1649 2441 compensa—

247 2444 351 2476 tionis
377 2445 485 2477 vicem
511 2444 610 2478 dedit
635 2445 888 2488 Tyrocastrum,
914 2450 1107 2489 terramque
1127 2456 1229 2488 quam
1254 2444 1372 2476 Atzara
1388 2443 1517 2475 flumen
1535 2443 1648 2482 alluit,

249 2490 420 2522 confinem
460 2491 645 2523 Romaniae
682 2491 725 2523 ad
758 2491 911 2524 Colorin.
960 2501 1044 2522 uxor
1076 2495 1191 2522 autem
1229 2489 1352 2522 Asocio
1389 2488 1470 2521 huic
1502 2488 1647 2534 patricio

248 2535 320 2566 sive
345 2536 480 2568 Ciscase
505 2547 601 2569 soror
632 2537 700 2569 fuit
725 2536 866 2580 Georgii
899 2536 1050 2579 magistri
1074 2540 1109 2567 et
1134 2535 1299 2579 Abasgiae
1325 2534 1502 2578 principis.
1550 2545 1649 2566 cum-

249 2591 317 2624 que
339 2580 546 2614 dissiderent
578 2583 669 2615 inter
702 2593 737 2614 se
773 2583 960 2615 Curcenius
984 2581 1147 2624 magISter
1172 2586 1207 2614 et
1234 2581 1402 2623 Georgius
1428 2579 1588 2622 magister
1613 2583 1651 2611 et

247 2626 415 2670 Abasgiae
440 2628 611 2671 princeps,
639 2628 720 2671 quia
745 2628 852 2660 Asotii
876 2627 1014 2671 patricii
1038 2627 1192 2670 parthus
1217 2626 1348 2659 faveret
1369 2625 1534 2668 Abasgiae
1550 2624 1649 2669 prin-

247 2682 347 2717 ceps,
381 2674 538 2717 potentia
573 2684 612 2705 ac
642 2673 773 2706 viribus
803 2673 1016 2707 antecellens
1043 2673 1230 2705 Curcenius
1267 2672 1394 2716 eripuit
1424 2671 1528 2704 etiam
1553 2669 1650 2715 quod
