1780 3132
298 177 373 219 DE
405 176 872 222 ADMINISTRANDO
904 175 1142 222 IMPERIO
1178 176 1293 222 cAP.
1325 180 1390 221 13.
1513 177 1576 222 83

111 287 262 344 ταύτης
307 290 504 347 τραπέζης
553 289 714 333 ἄνωθεν
762 290 974 332 ἐπίκεινται
1012 288 1310 348 ἓφαπλούμενα.
1378 288 1495 345 ἡνίκα
1535 290 1579 331 δὲ

111 356 323 415 καταλάβῃ
344 364 416 401 τοῦ
436 360 576 413 κυρίου
596 357 713 414 ἡμῶν
735 360 802 400 καὶ
822 362 927 400 θεοῦ
941 358 1074 413 Ἰησοῦ
1093 361 1278 415 Χριστοῦ
1298 356 1416 415 ἑορτή
1427 391 1440 410 ,
1477 358 1578 400 ἀνα-

111 425 366 481 λαμβάνεταί
390 445 432 470 τε
462 428 504 469 ἔκ
531 426 723 470 τοιούτων
752 431 906 469 στολῶν
939 429 1005 468 καὶ
1037 427 1278 481 στεμμάτων
1304 429 1354 470 τὰ
1383 427 1485 483 πρὸς
1508 426 1578 468 τὸν

111 494 252 551 καιρὸν
269 494 470 550 ἐπιτήδεια
491 497 557 538 καὶ
579 494 804 553 ἁρμόζοντα
825 493 847 537 ὅ
869 493 1120 551 πατριάρχης
1139 498 1203 537 καὶ
1223 495 1455 538 ἀποστέλλει
1475 495 1579 550 πρὸς

78 563 180 611 5τὸν
199 564 393 617 βασιλέα,
428 566 494 607 καὶ
518 564 780 621 ἀμφιέννυται
802 563 907 606 αὐτὰ
927 564 1072 613 ἐκεῖνος
1093 561 1148 614 ὧς
1166 562 1367 620 ὑπηρέτης
1386 568 1490 607 θεοῦ
1510 565 1578 605 καὶ

112 629 297 682 διάκονος
320 634 362 675 ἓν
384 638 434 689 τῇ
457 631 685 689 προελεύσει
707 634 774 674 καὶ
795 630 943 686 μόνον,
979 633 1046 674 καὶ
1074 631 1194 674 πάλιν
1219 634 1323 686 μετὰ
1346 633 1419 688 τὴν
1437 633 1579 689 χρείαν

110 699 362 758 ἀντιστρέφει
392 701 496 743 αὐτοὶ
521 701 623 756 πρὸς
653 701 726 755 τὴν
753 701 963 755 ἐκκλησίαν
973 725 985 751 9
1020 702 1087 742 καὶ
1122 698 1350 743 ἀπόκεινται
1385 702 1426 743 ἓν
1461 702 1578 758 αὐτῇ.

111 767 216 810 ἀλλὰ
246 771 313 811 καὶ
344 768 500 826 κατάρα
527 774 601 811 τοῦ
627 767 741 826 ἆγιόυ
767 771 833 811 καὶ
861 767 1039 824 μεγάλου
1069 770 1379 812 Κωνσταντίνου
1406 767 1512 812 ἴστιν
1539 771 1580 810 ἐν

108 840 160 893 τῇ
191 834 283 896 ἁγίᾳ
312 835 440 894 ταύτῃ
470 838 642 893 τραπέζῃ
674 842 746 891 τῆς
778 842 850 880 τοῦ
882 841 987 880 θεοῦ
1021 839 1231 891 ἐκκλησίας
1259 840 1570 895 ἔγγεγραμμένη,
1595 843 1624 878 Ρ
1649 844 1694 877 64

54 915 100 950 10
110 904 254 955 καθὼς
272 905 382 964 αὐτῷ
403 905 423 948 ὃ
444 905 543 956 θεὸς
564 907 633 948 διὰ
654 910 727 948 τοῦ
747 906 914 962 ἀγγέλου
939 907 1155 963 διωρίσατο
1167 939 1180 958 ,
1204 908 1275 948 ἵνα
1295 908 1366 948 ἐὰν
1385 910 1579 963 βουληθῇ

106 973 299 1026 βασιλεὺς
328 973 398 1016 ὃιά
428 991 518 1016 τινα
543 975 684 1031 χρείαν
715 974 741 1029 ἢ
770 976 1004 1030 περίστασιν
1030 973 1057 1028 ἢ
1084 976 1306 1029 ἐπιθυμίαν
1335 974 1506 1033 ἄκαιρον
1537 976 1580 1026 ἐξ

109 1042 243 1084 αὐτῶν
269 1042 416 1097 ἐπᾶραι
447 1045 514 1084 καὶ
536 1043 562 1097 ἢ
587 1043 710 1092 αὐτὸς
731 1042 1072 1100 καταχρήσασθαι
1092 1042 1118 1097 ἢ
1139 1042 1288 1100 ἑτέροις
1306 1046 1578 1101 χαρίσασθαι,

92 1107 165 1172 ,ὥς
182 1111 374 1165 πολέμιος
393 1112 460 1153 καὶ
481 1116 561 1153 τῶν
583 1115 656 1154 τοῦ
676 1115 779 1153 θεοῦ
800 1110 1122 1167 προσταγμάτων
1149 1113 1301 1168 ἐχθρὸς
1328 1113 1579 1167 ἀναθεματί-

110 1179 224 1232 ζηται
251 1181 319 1222 καὶ
342 1184 415 1234 τῆς
441 1180 651 1234 ἐκκλησίας
679 1178 1015 1235 ἀποκηρύττηταιι
1085 1181 1120 1222 εἰ
1151 1181 1195 1222 δὲ
1221 1182 1288 1222 καὶ
1315 1180 1438 1231 αὐτὸς
1460 1181 1576 1238 ἕτερα

54 1249 98 1286 15
109 1244 231 1300 ὅμοια
259 1254 401 1302 καμεῖν
428 1252 643 1305 βουληθῇ,
674 1249 744 1290 ‘lm
774 1251 841 1290 καὶ
870 1248 975 1290 αὐτὰ
995 1246 1021 1302 ἦ
1043 1252 1115 1290 τοῦ
1136 1252 1240 1291 θεοῦ
1261 1250 1450 1303 ἐκκλησία
1472 1249 1575 1291 ἀνα-

107 1314 363 1371 λαμβάνηται
371 1340 385 1367 3.
420 1320 499 1358 τῶν
530 1317 744 1373 ἀρχιερέων
773 1314 935 1358 πάντων
960 1318 1016 1365 εἷς
1038 1321 1167 1358 ταῦτα
1189 1319 1575 1373 παρρησιαζομένων

106 1384 173 1425 καὶ
201 1387 272 1438 τῆς
299 1383 544 1440 συγκλήτου·
578 1386 646 1426 καὶ
671 1385 729 1439 μὴ
754 1384 856 1438 ἔχειν
875 1385 1060 1435 ἐξουσίαν
1075 1383 1176 1439 μήτε
1193 1385 1264 1427 τὸν
1280 1386 1453 1439 βασιλέα
1471 1385 1574 1441 μήτε

105 1450 176 1494 τὸν
211 1451 463 1510 πατριάρχην
494 1451 596 1508 μήτε
625 1451 760 1509 ἕτερόν
784 1470 873 1495 τινα
898 1453 972 1502 τὰς
994 1451 1185 1504 τοιαύτας
1206 1453 1574 1508 ἀναλαμβάνεσθαι

106 1520 256 1571 στολὰς
281 1519 309 1576 ἢ
335 1521 386 1563 τὰ
419 1522 630 1576 στέμματα
652 1521 731 1563 ἀπὸ
754 1526 827 1576 τῆς
850 1519 966 1577 ἁγίας
987 1526 1061 1564 τοῦ
1086 1526 1189 1564 θεοῦ
1213 1523 1436 1577 ἐκκλησίας.
1505 1524 1574 1565 καὶ

51 1586 239 1645 Ξθφόβος
256 1590 382 1645 μέγας
400 1589 619 1647 ἐπήρτηται
638 1596 721 1641 τοῖς
740 1590 1002 1644 βουλομένοις
1023 1590 1258 1647 ἀνατρέπειν
1276 1608 1315 1633 τι
1334 1596 1416 1634 τῶν
1437 1590 1574 1634 τοιού-

104 1673 185 1700 των
201 1661 350 1701 θεὶέιῶν
368 1658 606 1710 διατάξεων·
644 1656 699 1709 εἷς
714 1657 792 1715 γάρ
811 1676 871 1708 τις
888 1662 968 1700 τῶν
987 1659 1212 1712 βασιλέων,
1243 1660 1370 1702 Λέων
1388 1657 1574 1714 ὀνόματι,

104 1725 151 1775 ὃς
167 1727 233 1768 καὶ
254 1726 333 1769 ἀπὸ
355 1729 402 1768 Χ
402 1729 569 1783 αζαριάς
586 1735 754 1783 γυναῖκα
773 1725 957 1782 ἠγάγετο,
988 1725 1152 1784 ἀβούλῳ
1173 1726 1302 1785 τόλμῃ
1316 1726 1574 1785 χρησάμενος

104 1791 148 1835 ’ἐν
170 1799 250 1837 τῶν
273 1794 466 1838 τοιούτων
494 1795 710 1849 ἀνελάβετο
745 1794 984 1848 στεμμάτων
1015 1797 1253 1851 δεσποτικῆς
1277 1797 1336 1851 μὴ
1364 1795 1574 1854 παρούσης

194 1913 218 1948 3
238 1913 302 1959 τε]
324 1909 370 1948 τιὶ
394 1913 498 1959 vulgo
548 1913 550 1915 ’

101 2017 138 2049 et
160 2022 245 2059 saga
266 2013 460 2060 imperialia
483 2018 589 2062 supra
614 2016 703 2050 ha'nc
727 2021 859 2050 sacram
882 2016 1030 2050 mensam
1058 2019 1201 2050 extensa
1217 2015 1346 2049 iacent.
1372 2027 1446 2050 cum
1465 2026 1571 2061 porro
1621 2052 1625 2056 Α

100 2059 231 2094 domini
248 2063 300 2096 'et
329 2061 388 2095 dei
414 2062 525 2096 nostri
548 2063 629 2096 Iesu
652 2062 786 2096 Christi
811 2063 937 2096 festum
963 2061 1146 2105 inciderim
1184 2070 1227 2095 ex
1251 2061 1444 2095 huiusmodi
1468 2062 1570 2096 stolis

101 2112 140 2141 et
170 2106 309 2142 coronis
343 2118 385 2141 ea
415 2108 635 2153 accipiuntur
669 2120 690 2142 a
723 2109 922 2153 patriarcha
949 2115 1039 2152 quae
1059 2113 1129 2141 tum
1156 2114 1353 2153 opportuna
1379 2114 1414 2142 et
1438 2119 1569 2142 conve-

100 2151 235 2191 nientia
255 2157 356 2196 sunt,
382 2153 442 2197 qui
466 2165 509 2187 ea
531 2154 576 2188 ad
598 2154 841 2198 imperatorem
864 2153 986 2196 mittit,
1010 2153 1110 2197 isque
1132 2153 1200 2186 illis
1225 2158 1386 2197 tanquam
1410 2154 1570 2188 minister

100 2197 159 2231 dei
179 2198 216 2232 in
238 2205 404 2243 processu
425 2205 558 2234 tantum
580 2200 758 2242 induitur;
792 2206 899 2244 atque
927 2209 1061 2233 rursum
1092 2204 1275 2243 postquam
1299 2198 1369 2233 illis
1394 2204 1448 2234 est
1471 2211 1565 2242 usus,

101 2250 144 2278 e'a
164 2244 314 2279 remittit
333 2244 371 2278 in
395 2245 587 2290 ecclesiam,
612 2246 673 2280 ubi
695 2252 910 2290 reponuntur
932 2246 976 2279 de
999 2256 1106 2278 more.
1155 2244 1238 2290 quin
1263 2244 1365 2278 etiam
1391 2245 1505 2279 sancti
1530 2251 1568 2279 et

100 2290 215 2334 inagni
248 2290 471 2325 Constantini
502 2292 538 2326 in
570 2292 627 2325 dei
661 2292 831 2326 ecclesiae
854 2302 954 2325 sacra
977 2301 1096 2324 mensa
1119 2290 1315 2324 maledictio
1340 2290 1474 2337 scripta
1498 2295 1566 2334 est,

98 2340 139 2369 ut
159 2335 230 2380 ipsi
251 2347 315 2380 per
337 2337 494 2381 angelum
517 2338 603 2372 deus
626 2338 824 2379 mandavit,
850 2342 887 2371 ut
910 2337 941 2370 si
963 2337 1042 2380 quis
1061 2336 1251 2381 imperator
1272 2348 1336 2380 pro
1358 2348 1567 2382 quacunque

98 2381 311 2416 necessitate
333 2388 393 2416 aut
415 2394 530 2417 rerum
553 2384 777 2427 condicione,
802 2383 880 2417 sive
902 2395 945 2416 ex
968 2382 1422 2433 intempestivfficupidinffi
1454 2395 1498 2417 ex
1520 2382 1565 2416 iis

97 2427 268 2471 quaedam
290 2427 427 2462 auferat
449 2440 491 2462 ac
512 2429 589 2474 ipse
612 2430 658 2463 iis
682 2435 799 2464 utatur
821 2435 880 2462 aut
902 2429 979 2462 aliis
1003 2429 1172 2473 praebere
1195 2429 1342 2471 audeat,
1375 2429 1474 2472 quasi
1499 2428 1564 2461 ho-

98 2472 163 2506 stis
195 2478 231 2507 et
259 2472 317 2507 dei
342 2473 514 2508 iussorum
539 2475 698 2509 inimicus
720 2476 940 2509 anathemate
963 2473 1112 2508 feriatur
1135 2479 1172 2507 et
1195 2468 1238 2507 zib
1265 2475 1414 2508 ecclesia
1441 2474 1562 2519 expel-

94 2517 200 2553 latur.
248 2518 280 2553 si
313 2530 398 2553 vero
431 2521 509 2565 ipse
539 2533 677 2565 quoque
706 2521 773 2554 alia
803 2520 871 2553 illis
902 2520 1028 2553 similia
1052 2520 1194 2553 efficere
1216 2519 1317 2563 velit,
1355 2532 1398 2554 ea
1421 2531 1562 2564 quoque

96 2564 246 2598 ecclesia
275 2565 444 2610 recipiat,
474 2566 585 2601 libera
617 2578 705 2600 voce
738 2567 936 2612 petentibus
969 2566 1145 2610 episcopis
1172 2566 1331 2599 omnibus
1358 2571 1393 2599 et
1416 2573 1562 2606 senatu3

96 2620 210 2653 neque
242 2610 299 2644 vel
327 2611 532 2656 imperatori
555 2612 611 2646 vel
636 2613 855 2657 patriarchae
878 2611 934 2645 vel
956 2612 1114 2656 cuiquam
1145 2611 1317 2645 hominum
1342 2611 1489 2645 facultas
1514 2611 1561 2645 sit

95 2666 210 2689 rerum
234 2656 429 2692 huiusmodi
449 2659 643 2703 quampiam
668 2671 711 2692 ex
734 2664 854 2691 sancta
878 2657 935 2692 dei
959 2658 1106 2691 ecclesia
1127 2664 1324 2702 exportare,
1350 2658 1428 2691 sive
1449 2656 1560 2690 stolae

97 2712 162 2734 eae
193 2701 265 2735 sint
296 2702 371 2736 sive
402 2715 564 2738 coronae.
612 2716 696 2738 sane
718 2704 762 2738 iis
787 2704 846 2747 qui
870 2715 915 2737 ex
937 2703 1130 2737 huiusmodi
1158 2704 1216 2736 dei
1246 2703 1418 2737 mandatis
1445 2703 1559 2747 quod-

95 2756 196 2790 quam
219 2754 382 2782 evertere
402 2749 524 2792 velint,
548 2761 670 2794 magna
691 2749 868 2795 impendet
886 2749 1047 2783 formido.
1095 2760 1173 2782 uam
1195 2749 1334 2794 quidam
1355 2748 1559 2793 imperator,

93 2791 168 2825 Leo
191 2791 222 2826 is
244 2795 454 2838 vocabatur,
489 2796 550 2839 qui
572 2797 674 2830 etiam
700 2807 744 2828 ex
769 2795 943 2829 Chazaria
964 2806 1104 2829 uxorem
1129 2796 1295 2838 duxerat,
1333 2805 1408 2828 cum
1434 2794 1558 2827 incon-

91 2837 183 2873 salto
215 2849 302 2874 ausu
334 2841 518 2886 quodpiam
552 2853 595 2876 ex
629 2841 727 2876 hisce
755 2841 993 2876 stemmatibus
1024 2840 1245 2887 abstulisset,
1280 2840 1455 2876 dominico
1488 2851 1558 2874 non
