1780 3132
265 165 355 212 174
515 175 862 216 CONSTANT1N1
899 167 1365 218 PORPHYROGENIT}

262 284 338 321 κοι,
362 265 409 324 ἧς
449 266 553 324 ἦρχε
590 269 634 311 τὸ
669 269 865 323 πρότερον
904 268 926 309 ὅ
966 271 1280 324 Σφενὸοπλόκος.
1351 276 1480 316 ταῦτα
1503 277 1579 327 μὲν
1603 277 1654 317 τὰ

262 333 365 375 κατὰ
393 333 463 375 τὸν
481 332 634 388 Ἴστρον
660 333 841 385 ποταμὸν
868 334 1128 388 γνωρίσματά
1153 350 1195 376 τε
1221 336 1290 378 καί
1314 339 1562 391 ἐπωνυμίαι·
1603 340 1653 382 τοὶ

260 399 306 438 δὲ
332 394 515 452 οἷνώτερα
545 395 725 448 τούτων,
754 400 796 438 ἐν
823 392 854 453 ᾧ
883 400 991 439 ἐστίν
1017 399 1042 452 ἦ
1071 402 1182 440 πᾶσα
1208 402 1280 454 τῆς
1315 405 1510 456 Τουρκίας
1534 420 1655 446 κατα-

257 459 481 512 σκήνωσις,
512 461 662 513 ἀρτίως
699 459 945 512 ὀνομάζουσι
973 461 1073 503 κατὰ
1105 461 1180 511 τὰς
1220 466 1301 505 τῶν
1326 466 1452 507 ἐκεῖσε
1481 467 1654 521 ῥεόντων

255 527 448 575 ποταμῶν
482 523 727 575 ἐπωνυμίας.
797 523 835 565 οἱ
882 526 926 565 δὲ
966 529 1144 577 ποταμοί
1166 529 1267 568 εἰσιν
1303 523 1438 580 οὗτοι,
1474 533 1685 584 ποταμὸς5

255 589 413 640 πρῶτος
441 587 462 626 ὅ
487 586 680 641 Τιμήσης,
708 586 889 638 ποταμὸς
913 588 1099 641 δεύτερος
1123 588 1289 644 Τούτης,
1318 591 1497 645 ποταμὸς
1523 598 1656 648 τρίτος

256 650 279 690 ὁ
307 649 521 704 Μορήσης,
550 653 735 703 τέταρτος
763 651 786 691 ὅ
818 653 987 704 Κρίσος,
1018 654 1088 694 καὶ
1113 656 1236 695 πάλιν
1263 658 1398 708 ἕτερος
1424 659 1602 710 ποταμὸς
1630 659 1656 711 ἦ

263 716 399 762 Τι’τζα.
454 714 722 768 πλησιάζουσι
752 716 798 755 δὲ
822 721 903 763 τοῖς
935 715 1129 768 Τούρκοις
1168 718 1270 771 πρὸς
1295 722 1371 771 μὲν
1398 719 1445 761 τὸ
1473 722 1656 763 ἀνατολι-

258 778 329 818 κὸν
354 781 476 831 μέρος
503 777 542 819 οἱ
567 778 811 832 Βούλγαροι,
840 781 883 822 ἐν
900 774 934 836 ᾧ
950 783 1020 821 καί
1038 782 1276 836 διαχωρίζει
1293 783 1441 832 αὐτοὺς
1459 785 1479 824 ὃ
1501 781 1656 839 Ἴστρος

257 841 278 882 ὁ
306 844 377 883 καί
400 840 624 895 Δανούβιος
657 843 871 896 λεγόμενος
909 844 1108 896 ποταμός,
1146 848 1248 899 πρὸς
1287 850 1333 888 δὲ
1359 847 1403 889 τὸ
1431 846 1593 901 βόρειον
1618 848 1653 889 οἱ
1670 854 1710 886 10

257 908 585 958 Πατζινακΐται,
616 906 718 960 πρός
762 910 806 949 δὲ
831 906 876 948 τὸ
904 907 1170 963 δυτικώτερον
1194 910 1456 967 οΐΦράγγοι,
1483 913 1584 966 πρὸς
1611 916 1657 954 δὲ

256 970 301 1011 τὸ
335 970 613 1024 μεσημβρινὸν
639 970 676 1012 οἱ
693 970 923 1025 Χρώβατοι.
980 972 1022 1012 αἱ
1053 975 1096 1013 δὲ
1123 972 1225 1015 ὀκτώ
1255 978 1392 1027 γενεαί
1418 977 1500 1017 τῶν
1530 976 1658 1030 Τούρ-

256 1050 336 1075 κων
375 1029 499 1076 αὗται
538 1035 640 1090 πρὸς
676 1036 769 1085 τοὺς
807 1037 980 1084 οἰκείους
1013 1032 1215 1091 ἄρχοντας
1259 1039 1336 1092 οὐχ
1374 1038 1659 1092 ὖπηκούουσιν,

256 1100 345 1139 ἀλλ’
380 1098 575 1150 ὁμόνοιαν
615 1098 780 1152 ἔχουσιν
825 1104 883 1148 εἰς
925 1099 1023 1149 τούς
1062 1099 1292 1156 ποταμούς,
1333 1105 1390 1151 εἷς
1419 1099 1505 1144 οἷον
1531 1105 1656 1158 μέρος

255 1161 473 1216 προβάλλει
505 1164 692 1216 πόλεμος,
722 1165 1071 1218 συναγωνίζεσθαι
1088 1165 1189 1215 μετὰ
1220 1163 1350 1220 πάσης
1375 1167 1589 1221 φροντίδος
1614 1182 1657 1208 τε
1673 1176 1712 1210 15
1758 1159 1761 1162 ’

257 1227 327 1268 καί
350 1229 542 1281 σπουδῆς.
612 1226 757 1281 ἔχουσι
798 1231 844 1270 δὲ
871 1228 1055 1283 κεφαλὴν
1082 1229 1243 1283 πρώτην
1267 1229 1339 1271 τὸν
1367 1226 1547 1283 ἄρχοντα
1576 1230 1656 1271 α’πὸ

255 1293 328 1344 τῆς
353 1294 492 1344 γενεᾶς
525 1293 601 1332 τοῦ
620 1291 810 1346 Ἀρπαδὴ
845 1292 949 1333 κατὰ
987 1293 1257 1345 α’κολουθιάν,
1281 1295 1350 1335 καί
1383 1293 1458 1334 δύο
1485 1291 1660 1347 ἑτέρους,

255 1355 327 1396 τόν
354 1371 397 1397 τε
437 1359 564 1409 γυλιῖν
607 1359 680 1398 καί
719 1355 788 1398 τὸν
811 1359 977 1410 καρχᾶν,
1023 1358 1165 1405 οἵτινες
1187 1355 1329 1410 ἔχουσι
1353 1358 1467 1407 τάξιν
1495 1360 1660 1412 κριτοῦ·

257 1417 344 1472 ἔχει
370 1422 416 1461 δὲ
445 1417 592 1474 ἑκάστη
620 1421 735 1473 γενεὰ
767 1416 957 1474 ἄρχοντα.

360 1485 504 1526 Ἰστέον
531 1481 590 1526 ὅτι
617 1484 639 1525 ὅ
667 1487 793 1538 γυλᾶς
817 1488 888 1527 καί
912 1485 934 1526 ὅ
966 1491 1125 1540 καρχᾶν
1151 1485 1223 1527 οὐκ
1252 1488 1355 1528 εἰσίν
1380 1485 1560 1539 ὄνόματα
1588 1485 1658 1527 κύ·
1670 1494 1713 1527 20

259 1565 329 1603 ρια
353 1548 456 1590 α’λλὰ
476 1545 702 1600 ἆξιώματα.

361 1614 508 1655 Ἰστέον
532 1611 594 1654 ὅτι
622 1612 644 1653 ὅ
669 1612 877 1668 Ἀρπαδὴς
904 1613 925 1654 ὅ
950 1616 1077 1667 μέγας
1103 1616 1303 1667 Τουρκίας
1330 1609 1471 1669 ἅρχων
1497 1615 1660 1668 ἐποίησε

351 1756 367 1786 1
401 1754 730 1799 Σφενὸονοπλόκας
755 1755 791 1788 Μ
914 1753 937 1786 4
959 1755 1043 1799 τῶν]
1081 1755 1217 1792 τούτων
1237 1754 1341 1799 vulgo
1477 1755 1499 1787 6
1529 1754 1661 1797 Ταύτης

347 1820 391 1826 —
416 1805 582 1847 τέταρτος
604 1801 673 1833 add
699 1802 722 1832 B
838 1800 878 1833 15
902 1801 1145 1846 προσβάλλει.ρ

256 1935 456 1971 vastarunt,
488 1931 655 1975 cuiusque
688 1931 848 1975 princeps
886 1930 969 1963 olim
1002 1931 1071 1964 fuit
1096 1929 1398 1975 Sphendopiocus.
1443 1934 1550 1974 atque
1574 1929 1659 1963 haec

256 1977 396 2022 quidem
423 1977 520 2009 iuxta
543 1979 665 2009 Istrum
684 1977 813 2009 flumen
832 1983 1055 2009 monumenta
1078 1982 1159 2010 sunt
1175 1982 1211 2009 et
1234 1978 1445 2019 cognomina.
1492 1977 1657 2008 ulteriora

254 2033 347 2062 vero,
370 2033 461 2067 quae
495 2024 609 2055 omnia
638 2023 759 2055 Turcis
790 2022 1013 2063 habitantur,
1045 2023 1251 2066 cognomina
1276 2033 1368 2054 nunc
1389 2020 1522 2053 habent
1544 2032 1563 2053 a
1590 2022 1657 2053 fiu-

254 2068 407 2100 minibus
436 2068 761 2101 transcurrentibus.
809 2078 927 2100 eorum
950 2069 1097 2111 primum
1121 2069 1275 2100 Timeses
1311 2073 1384 2106 est,
1411 2067 1557 2098 alterum
1582 2067 1658 2098 Tu-

254 2120 318 2152 tes,
346 2115 483 2146 tertium
508 2115 674 2154 Moreses,
698 2119 856 2158 quartum
874 2113 999 2152 Crisus,
1023 2114 1180 2157 quintum
1205 2115 1316 2146 Titza.
1363 2112 1517 2144 confines
1541 2117 1655 2144 autem

254 2159 376 2191 'rurcis
404 2164 486 2192 sunt
512 2160 683 2192 orientem
718 2171 836 2191 versus
862 2159 999 2201 Bulgari
1036 2159 1096 2191 ubi
1131 2170 1189 2191 eos
1227 2160 1314 2190 Ister
1347 2157 1498 2198 fluvius,
1537 2158 1659 2202 quiet

252 2205 434 2237 Danubius
460 2205 599 2246 dicitur,
625 2210 779 2249 separat3
810 2205 1084 2249 septentrionem
1115 2215 1231 2238 versus
1264 2203 1504 2242 Patzinacitae,
1527 2202 1572 2234 ad
1596 2214 1657 2235 oc-

253 2250 428 2282 cidentem
456 2251 596 2291 Franci,
622 2251 666 2283 ad
699 2250 875 2283 meridiem
901 2249 1079 2282 Chrobati.
1133 2255 1211 2282 octo
1244 2260 1324 2282 vero
1369 2249 1435 2281 hae
1470 2249 1657 2280 Tui-carum

254 2301 373 2339 gentes
398 2297 614 2341 principibus
660 2297 730 2328 suis
755 2296 932 2329 subiectae
956 2306 1027 2328 non
1051 2300 1153 2335 sunt,
1179 2295 1238 2327 sed
1262 2295 1430 2337 singulae,
1453 2305 1517 2338 pro
1540 2293 1656 2326 flumi-

253 2342 356 2374 nibus
393 2342 520 2385 quibus
552 2342 840 2386 distinguuntur,
883 2346 1003 2374 mutuo
1039 2341 1130 2373 inter
1165 2352 1200 2372 se
1225 2345 1405 2373 contractu
1438 2344 1660 2378 statuerunt,

254 2398 496 2432 quamcunque
531 2394 661 2431 partem
700 2387 795 2419 bello
830 2387 989 2419 infestari
1021 2387 1226 2429 contigerit,
1251 2387 1281 2418 ei
1309 2386 1535 2418 communiter
1561 2385 1656 2416 omni

255 2433 372 2465 studio
399 2438 434 2465 et
457 2443 536 2464 cura
557 2434 732 2477 suppetias
758 2434 860 2465 ferre.
908 2431 1041 2464 habent
1065 2437 1179 2464 autem
1208 2432 1354 2476 primum
1379 2431 1501 2463 ducem
1526 2431 1658 2462 exerci-

253 2483 308 2511 tus
333 2478 524 2522 principem
549 2489 567 2510 e
592 2479 752 2522 prosapia
777 2477 926 2523 Arpade,
950 2489 1026 2510 cum
1051 2488 1120 2522 quo
1146 2477 1215 2510 duo
1234 2478 1295 2510 alii
1320 2477 1414 2521 gylas
1441 2482 1477 2509 et
1499 2475 1657 2516 careban,

254 2525 314 2568 qui
337 2523 487 2555 iudicum
512 2524 622 2556 vicem
646 2523 820 2557 obtinent.

344 2570 388 2602 Et
410 2569 516 2602 habet
541 2580 771 2613 unaquaeque
812 2580 894 2613 gens
919 2568 1127 2613 peculiarem
1159 2567 1364 2612 principem,
1388 2570 1536 2611 suntque
1563 2566 1657 2610 gylas

254 2619 289 2648 et
315 2614 460 2648 car-chan
482 2626 553 2648 non
581 2616 722 2647 nomina
746 2616 888 2659 propria
911 2614 971 2647 sed
996 2614 1191 2657 dignitates.

343 2660 528 2695 Sciendum
567 2672 648 2697 vero
674 2661 846 2706 Arpadem
886 2670 1046 2705 magnum
1072 2659 1219 2693 Turciae
1253 2657 1445 2704 principem
1483 2656 1574 2690 filios
1597 2666 1656 2700 ge-
