1780 3132
353 135 407 173 ΙΝ
447 132 817 175 SYNECDEMUM
856 128 1330 173 COMMENTARIUS>
1448 127 1544 172 523

94 242 172 288 nisi
215 244 335 298 culpa
377 247 534 288 recidat
576 247 618 288 in
656 246 849 287 librarios
869 276 879 296 ,
908 247 1061 300 exigua
1090 258 1180 286 esse
1207 244 1350 286 debet:
1379 244 1543 297 longius

94 302 199 343 enim
227 301 490 343 intervallum
516 303 557 343 in
586 315 656 342 eas
685 303 807 342 urbes
845 303 1097 343 interiectum
1122 302 1250 342 fuisse
1279 300 1543 353 Peutingero-

59 433 61 435 -
93 357 382 454 ἷιιέἑιέἰῃΤέὓιιὸΙει
414 362 528 399 vetat
569 358 767 399 dubitare.
837 359 928 399 vide
969 357 1091 398 etiam
1128 356 1367 429 Procopium
1406 357 1542 397 Aedif.

203 486 300 535 398,
324 488 364 525 6.
425 478 790 533 Θεοδοσιούπολις]
822 484 956 537 posita
985 487 1075 525 erat
1103 483 1156 524 ad
1182 482 1327 524 flumen
1357 482 1541 524 Chabor-

93 551 181 580 ram
208 539 299 579 loco
330 538 495 579 munito.
525 539 744 591 Procopius
771 541 893 581 Fabr.
926 540 1066 580 lustin.
1096 543 1124 578 2
1151 541 1202 580 5:
1234 533 1541 578 Θεοδοσιοιῖπο-

92 596 157 640 λις
187 587 212 645 ἦ
242 591 357 644 παρὰ
385 590 571 643 ποταμὸν
607 591 829 646 Ἀβόρραν
856 592 930 646 γῆς
961 593 1042 633 τῶν
1063 591 1282 644 Ῥωμαίων
1307 593 1539 644 προβεβλη-

90 648 210 701 μένη.
269 649 555 701 distinguenda
584 661 683 702 ergo
713 650 765 690 ab
793 651 927 690 altera
946 650 1125 691 eiusdem
1157 653 1219 690 est
1242 649 1414 690 nominis
1440 649 1541 689 urbe

93 705 136 746 in
163 704 368 756 Armenia,
398 717 478 757 qua
506 705 558 744 de
587 705 710 745 Fabr.
742 706 840 745 lust.
872 709 900 746 3
928 708 967 746 5.

202 767 313 812 Ibid.
371 765 565 820 Κάρραι]
610 775 721 811 recte
758 771 816 811 ita
869 772 998 812 codex
1039 770 1334 825 Lugdunensis.
1401 770 1539 810 urbem

93 823 344 878 Christiani,
386 825 492 878 quod
536 827 646 866 cives
684 826 813 867 sacris
843 839 1095 880 paganorum
1122 826 1359 867 deditissimi
1391 831 1539 874 essent,

85 876 287 932 Ἑλλήνων
333 878 454 919 πόλιν
494 885 704 922 vocarunt.
773 882 935 922 libellus
970 882 1172 923 Samuelis
1218 887 1259 922 et
1294 881 1539 934 reliquorum

91 936 421 988 presbyterorum
458 941 602 977 contra
630 937 742 977 Ibam
781 942 875 978 tom.
906 942 934 978 9
969 938 1112 978 concil.
1150 938 1278 978 Labb.
1312 950 1350 989 p.
1370 941 1447 977 37:
1475 930 1539 973 ὅτι

91 987 380 1043 ἐχειροτόνησε
417 989 626 1041 Δανιῆλον
660 987 751 1030 τὸν-
772 991 903 1030 αὐτοῦ
932 990 1189 1045 ἀδελφιδοῦν
1216 990 1438 1031 ἐπίσκοπον
1465 989 1540 1042 τῆς

85 1043 288 1097 Ἑλλήνων
315 1040 490 1092 πόλεως.
516 1047 584 1087 ubi
616 1059 685 1088 eos
706 1047 860 1088 Carras
886 1047 1118 1100 intelligere
1147 1048 1274 1088 libelli
1301 1046 1539 1099 principium

92 1101 288 1142 ostendit:
313 1095 546 1152 συνήλασεν
569 1098 692 1153 ἡμᾶς,
719 1103 916 1156 inquiunt,
946 1102 1016 1141 ἐπὶ
1042 1098 1163 1154 τήνδε
1181 1099 1258 1153 τήν
1286 1100 1539 1153 κατηγορίαν

91 1154 233 1194 ἐλθεῖν
261 1154 392 1194 αὐτοῦ
420 1168 462 1194 τε
490 1152 660 1197 καὶτοῦ
688 1151 879 1210 ἀδελφοῦ
901 1156 1032 1196 αὐτοῦ
1059 1155 1282 1207 Δανιήλου,
1310 1157 1382 1195 καί
1408 1154 1539 1194 αὖτοῦ

91 1205 316 1250 ἐπισκόπου
333 1208 571 1262 Καρρήνων
600 1208 771 1263 πόλεως,
803 1214 963 1254 tametsi
992 1214 1098 1253 male
1116 1210 1301 1264 ἁδελφὸς
1331 1213 1427 1253 Ibae
1451 1213 1538 1252 fra-

93 1270 158 1306 ter
184 1266 328 1308 Daniel
368 1272 556 1319 vocetur,
599 1269 668 1322 qui
708 1266 965 1320 ἀδελφιδοῦς
1005 1268 1091 1308 sive
1131 1269 1274 1308 fratris
1310 1269 1407 1308 lbae
1432 1268 1540 1307 filius

93 1321 183 1364 fuit.
239 1322 354 1375 peius
385 1334 484 1363 vero
511 1323 858 1364 commonitorium
869 1324 1084 1364 Damascio
1116 1324 1277 1364 tribuno
1306 1324 1469 1363 missum
1496 1335 1536 1374 p.

91 1380 149 1422 26
188 1376 400 1429 Δανιῆλον
440 1374 512 1417 τόν
551 1376 856 1430 εὐλαβέστατον
887 1375 1281 1424 Θεοδοσιουηόλεως
1312 1376 1538 1417 ἐπίσκοποι·

92 1435 318 1485 nuncupat:
366 1445 496 1486 neque
537 1435 643 1475 enim
678 1435 750 1475 ille
777 1435 1217 1487 Theodosiopolitanus
1261 1434 1336 1474 fuit
1364 1433 1544 1486 praesul,

93 1487 166 1528 sed
192 1488 392 1538 loannes3
423 1501 549 1542 quare
577 1490 712 1530 verius
741 1495 900 1531 vetusta
942 1491 1076 1530 versio
1106 1493 1149 1530 et
1178 1488 1404 1530 Danielem
1433 1486 1543 1529 Car-

93 1541 323 1584 rhenorum
355 1546 553 1587 civitatis
591 1547 842 1599 episcopum
858 1578 868 1597 ‚
905 1549 949 1586 et
993 1544 1196 1586 Ioannem
1227 1544 1544 1587 reverendissi-

91 1610 202 1640 mum
225 1597 709 1653 Theodosiopolitanum
736 1604 991 1655 episcopum
1019 1603 1212 1653 praefert.
1272 1600 1471 1640 consentit
1500 1600 1543 1639 in

93 1653 319 1695 Carrarum
358 1655 431 1696 illo
460 1656 578 1697 titulo
609 1657 785 1710 scriptor
813 1657 943 1707 Syrus
976 1658 1095 1698 Vitae
1135 1656 1179 1697 S.
1213 1655 1445 1708 Ephraemi‚
1474 1654 1542 1707 qui

91 1714 189 1750 tom.
221 1710 240 1749 1
266 1709 370 1751 Bibl.
401 1711 554 1753 Orient.
594 1726 632 1765 p.
649 1715 703 1752 51
735 1713 785 1752 de
827 1713 1011 1753 Iuliano:
1048 1715 1093 1752 et
1135 1711 1315 1752 divertit
1358 1708 1543 1760 Carras,

94 1763 242 1805 urbem
268 1776 532 1818 paganorum
545 1766 840 1823 refertamque
862 1767 1129 1809 simulacris.
1161 1767 1254 1806 vide
1281 1766 1417 1819 itaque
1445 1765 1543 1805 huc-

91 1821 183 1860 cine
210 1822 358 1861 referri
385 1828 573 1874 oporteat
598 1824 624 1863 l.
643 1828 682 1865 8.
712 1837 746 1865 c.
778 1825 854 1864 Th.
887 1824 937 1862 de
965 1824 1121 1875 Pagan.
1139 1854 1148 1871 ‚
1180 1834 1260 1874 qua
1287 1821 1544 1861 Theodosius

92 1875 186 1916 duci
215 1876 450 1918 Osdroenae
478 1878 641 1920 scribit:
672 1879 820 1920 aedem
851 1877 952 1919 olim
977 1876 1254 1932 frequentiae
1282 1876 1542 1926 dedicatam,

95 1933 240 1972 coetui
269 1934 411 1983 etiam,
438 1934 599 1987 populo
630 1946 795 1989 quoque
814 1945 1084 1985 communem,
1111 1935 1156 1973 in
1185 1944 1270 1987 qua
1300 1931 1543 1973 simulacra
1614 1971 1617 1975 .

90 1983 299 2038 feruutur
339 1990 508 2041 posita,
552 1992 667 2031 artis
708 1993 852 2043 pretio
900 2001 1024 2044 quam
1064 1988 1290 2029 divinitate
1317 1987 1542 2037 metienda,

90 2043 250 2095 iuyiter
275 2046 430 2096 patere
457 2043 623 2098 publici
643 2045 822 2086 concilii
839 2047 1104 2086 auctoritate
1131 2044 1415 2085 decernimus.
1445 2043 1542 2083 mihi

86 2109 202 2148 -sane,
231 2099 392 2139 tametsi
418 2113 493 2152 pro
522 2101 680 2142 Edessa
698 2101 973 2141 Gothofredus
1005 2099 1285 2151 disputaverit,
1318 2099 1441 2139 aedes
1466 2098 1542 2138 illa

91 2151 234 2193 Carris
262 2153 386 2194 fuisse
416 2155 588 2206 videtur,
618 2157 858 2209 praesertim
879 2156 986 2209 quod
1013 2155 1224 2203 Messeni,
1254 2159 1297 2194 ut
1327 2166 1379 2194 ex
1403 2166 1541 2194 eorum

89 2207 280 2248 chronico
310 2208 484 2260 Syriaco
516 2217 641 2264 patet,
661 2212 891 2252 Theodosio
920 2211 1167 2263 imperatore
1198 2221 1405 2249 sacrorum
1421 2209 1539 2250 Chri-

89 2263 317 2304 stianorum
346 2270 482 2306 essent
498 2267 783 2307 studiosissimi
813 2271 934 2319 atque
964 2279 990 2306 a
1022 2265 1249 2307 simulacris
1277 2265 1537 2306 aversissimi.

88 2319 210 2372 plura
235 2318 330 2360 Ant.
350 2321 441 2361 ltin.
471 2334 510 2374 p.
530 2326 612 2362 193
642 2327 682 2361 et
712 2323 765 2361 de
790 2321 932 2361 Batnis
959 2334 997 2374 p.
1014 2325 1107 2362 190.

128 2388 140 2397 “
199 2388 310 2431 Ibid.
369 2391 462 2430 Νέα
487 2392 714 2442 Βαλεντιά]
752 2405 970 2446 nusquam,
1002 2393 1108 2447 quod
1140 2393 1298 2447 quidem
1332 2391 1540 2441 recordor,

88 2442 196 2484 hanc
222 2446 453 2487 Valentiam
480 2449 662 2500 reperire
688 2449 811 2501 potui.
836 2449 996 2489 videtur
1026 2461 1049 2488 e
1072 2449 1253 2490 castellis
1284 2449 1410 2489 fuisse
1437 2459 1542 2500 quae

90 2499 291 2552 Euphrati
322 2502 572 2543 assidebant.

198 2569 308 2613 leid,
336 2576 375 2614 7.
445 2571 742 2625 Λεοντόηολις]
787 2576 1050 2627 praestiterat
1085 2571 1110 2626 ἦ
1150 2574 1224 2614 καί
1267 2570 1541 2619 Καλλίνικος,

90 2628 292 2679 quomodo
318 2628 511 2669 [libanius
526 2630 810 2670 Theodoretus
827 2631 1046 2683 Procopius
1077 2636 1200 2684 atque
1227 2631 1311 2682 alii,
1340 2631 1419 2670 iam
1447 2633 1542 2669 ante

88 2682 144 2723 ad
173 2682 267 2725 Ant.
297 2684 387 2726 ltin.
423 2697 462 2737 p.
482 2688 562 2725 191
596 2686 806 2739 appellati.
879 2687 1019 2729 urbem
1055 2687 1301 2728 instauravit
1334 2687 1432 2738 Imp.
1457 2685 1541 2725 Leo
