1780 3132
326 134 418 183 384
847 149 1192 189 wassi-:Lmen

326 268 395 296 eas
421 256 647 308 provincias
672 268 882 311 pergamus
909 270 1007 310 quas
1035 259 1249 310 imperator
1272 264 1339 300 aut
1366 261 1526 302 sustulit
1551 262 1724 304 funditus

325 314 394 349 aut
420 310 534 349 novis
563 310 689 348 titulis
715 311 826 351 auxit
856 316 925 350 aut
951 312 1067 361 etiam
1106 314 1242 364 plures
1274 319 1377 354 esset
1403 316 1536 364 iussit3
1562 329 1725 368 quarum

325 364 358 403 si
388 364 535 403 nullum
563 363 602 402 in
620 363 862 412 Synecdemo
890 365 1072 405 indicium
1100 368 1288 418 reperias,
1314 369 1403 419 quid
1436 369 1542 409 aliud
1569 372 1728 422 prolite-

325 418 430 457 beris
458 429 570 468 quam
604 417 684 456 illis
725 430 810 459 eum
849 419 1125 459 mutationibus
1158 433 1247 460 esse
1274 422 1471 472 priorem?
1535 428 1725 465 memorat

323 471 421 510 llaec
446 470 595 509 Notitia
618 471 857 521 provinciam
872 473 1134 513 Honoriadem
1166 480 1205 514 ct
1231 475 1405 526 praesidi
1431 475 1609 518 subiicit:
1635 490 1723 518 eam

323 524 563 563 lastinianus
603 525 704 564 Nov.
733 530 787 566 29
814 539 846 566 c.
875 531 898 565 1
937 527 1110 579 abrogat
1139 532 1178 566 et
1208 529 1400 568 artissime
1430 529 1725 591 Paphlagoniae

322 578 610 630 agglutinatam
634 579 701 618 uni
729 580 905 631 praetori
935 582 1114 630 mandat,
1148 575 1255 619 ὥστε
1283 581 1355 619 καί
1381 581 1461 619 τῶν
1488 581 1632 631 ἑθνων,
1660 585 1721 630 in-

321 632 417 684 quit,
447 628 600 668 τούτων
625 627 771 682 ἔχοντα
797 630 870 683 τὴν
900 630 1034 684 ἀρχὴν
1053 631 1258 685 ἡνωμένην
1288 635 1358 672 καί
1378 637 1476 682 μιάν
1506 631 1597 674 ἀντὶ
1613 635 1726 676 δυοῖν

318 684 396 722 τῶν
425 680 677 736 ἔμπροσθεν,
718 686 855 738 φαμὲν
892 686 938 725 δὲ
960 689 1258 739 Παφλαγονίας
1285 701 1326 726 τε
1366 689 1435 727 καί
1456 683 1725 742 Ὁνωριάδος,

318 738 533 776 καλεῖσθαι
561 741 775 789 πραίτορα.
847 741 988 781 dividit
1015 747 1222 794 praeterea
1249 742 1539 794 Cappadociam
1566 754 1618 784 ex
1642 744 1724 794 Va-

319 793 437 832 lentis
465 792 634 846 Augusti
671 794 848 834 instituto
886 796 926 834 in
963 795 1098 843 binas,
1136 797 1380 836 consularem
1418 801 1650 848 utramque,
1685 797 1721 838 si

318 848 527 899 plerosque
568 859 626 886 ms
666 859 845 900 sequare,
876 860 973 900 quos
1003 850 1102 888 Nov.
1131 853 1185 888 30
1225 849 1266 889 in
1293 862 1409 890 unam
1438 850 1596 891 videtur
1623 863 1720 891 con-

316 901 435 940 flare:
465 899 612 949 πᾶσαν,
642 901 780 954 inquit,
807 899 1086 940 ἅνθυπάτειαν
1122 901 1316 952 γενέσθαι
1341 916 1382 941 τε
1411 900 1482 942 καί
1509 905 1723 943 καλεῖσθαι

316 949 569 1003 βουλό,ιιεθα.
635 966 737 1007 quae
771 961 903 996 tamen
938 968 990 995 an
1023 956 1204 1006 vincere,
1240 958 1342 1009 quod
1382 958 1470 997 viro
1497 957 1720 998 doctissimo

316 1009 546 1057 videbatur,
575 1009 747 1060 possint,
779 1021 825 1049 re
850 1021 949 1049 vera
979 1010 1232 1050 Iustinianum
1257 1023 1310 1050 ex
1335 1011 1486 1052 duabus
1513 1010 1721 1062 Cappado-

315 1063 385 1102 ciis
411 1074 527 1101 unam
557 1064 811 1110 exstruxisse,
843 1076 923 1102 non
952 1064 1095 1104 iniuria
1123 1063 1305 1104 dubites:
1332 1076 1422 1104 nam
1444 1064 1718 1109 diserteNov.

315 1121 370 1156 20
391 1130 424 1156 c.
439 1120 465 1155 2
492 1116 619 1167 prima
639 1116 916 1169 Cappadociae
942 1118 1164 1169 praesidem
1191 1118 1421 1170 dignatione
1446 1119 1718 1170 proconsulari

315 1171 615 1210 condecoratum
645 1172 768 1211 fuisse
808 1172 995 1221 docetur;
1037 1176 1171 1224 estque
1195 1171 1237 1211 in
1264 1171 1353 1223 ipsa
1390 1173 1490 1212 NoV.
1515 1175 1569 1212 30
1604 1184 1636 1212 c.
1665 1176 1719 1212 10

235 1226 302 1261 625
314 1226 514 1277 utriusque
527 1224 802 1277 Cappadociae
829 1226 993 1266 mentio:
1023 1223 1062 1263 εἰ
1088 1225 1133 1263 δέ
1159 1239 1218 1271 τις
1246 1224 1288 1270 ἐξ
1317 1220 1509 1276 ἑκατέρας
1538 1225 1716 1266 Καππα-

312 1279 449 1324 δοκίας
475 1277 565 1329 δίκη
608 1278 882 1317 πεντακοσίων
916 1277 1092 1318 ἐλάττων
1115 1278 1284 1328 χρυσῶν
1326 1278 1523 1330 ἐφέσιμος
1547 1275 1715 1329 γίνηται.

311 1345 436 1385 neque
466 1333 579 1382 enim,
606 1333 640 1372 si
665 1337 869 1385 utramque
897 1334 938 1373 in
964 1345 1082 1373 unam
1107 1337 1393 1380 commutasset,
1422 1333 1627 1385 utriusque
1654 1333 1715 1372 di-

310 1388 452 1427 stincte
477 1387 660 1437 deinceps
689 1388 939 1428 meminisset.
994 1399 1081 1426 esse
1107 1387 1149 1427 in
1174 1387 1394 1428 Haloandri
1421 1387 1591 1427 editione
1619 1387 1714 1428 novi

308 1439 349 1479 εἰ
376 1439 422 1478 δέ
447 1453 508 1485 τις
535 1435 656 1490 ἑτέρα
701 1440 746 1479 ἐκ
780 1440 851 1490 τῆς
889 1438 1188 1486 Καππαδοκίας
1226 1437 1338 1491 δι’κηε
1365 1441 1435 1482 sed
1461 1441 1571 1493 prius
1598 1444 1722 1492 Prae-v

309 1495 540 1547 optaverim,
568 1499 647 1534 tum
675 1495 779 1547 quod
803 1497 932 1535 oratio
954 1489 1097 1545 ἑτέραν
1125 1494 1239 1545 δίκην
1268 1496 1338 1535 vix
1366 1497 1484 1547 ferat,
1511 1498 1591 1535 tum
1619 1506 1717 1546 quo-

307 1550 413 1589 niam
427 1549 702 1601 Cappadociae
720 1550 820 1589 duae
841 1561 1031 1602 nusquam
1059 1561 1138 1588 una
1153 1561 1239 1588 esse
1269 1550 1461 1599 iubentur,
1490 1554 1570 1589 tum
1599 1549 1716 1590 etiam

308 1604 413 1655 quod
453 1604 605 1654 primae
645 1603 921 1654 Cappadociae
963 1604 1172 1654 proconsul
1213 1608 1390 1653 creetur,
1426 1603 1599 1643 secunda
1633 1615 1714 1642 non

308 1658 457 1697 addita.
521 1661 715 1709 utcunque
743 1657 782 1696 id
811 1658 1018 1705 ceciderit,
1046 1657 1276 1708 insignitam
1304 1657 1556 1709 Cappadocia
1582 1660 1715 1696 muta·—

308 1712 452 1750 tionem
480 1711 611 1761 subiit,
639 1711 812 1751 Hierocli
839 1724 923 1750 cum
935 1711 1218 1760 Synecdemum
1247 1712 1441 1751 scriberet
1468 1710 1713 1763 ignoratam;

308 1778 408 1818 quae
450 1765 524 1805 etsi
561 1777 613 1805 ex
649 1766 884 1817 proconsule
926 1764 1201 1816 Cappadociae
1236 1765 1365 1817 prima
1407 1766 1617 1816 explorata
1643 1768 1717 1814 est,

308 1820 462 1874 negligi
489 1824 622 1859 tamen
650 1819 772 1859 nolim
800 1819 970 1860 eiusdem
998 1819 1250 1871 imperatoris
1287 1820 1446 1863 decreto
1474 1818 1604 1871 gentis
1633 1818 1716 1858 eius

307 1874 605 1926 dispositionem
633 1874 938 1913 ecclesiasticam
979 1874 1020 1913 in
1048 1874 1166 1914 alium
1203 1874 1378 1913 ordinem
1405 1874 1527 1913 fuisse
1551 1883 1718 1913 conver·
1772 1903 1780 1909 .

307 1941 404 1968 sam.
459 1928 535 1967 huc
561 1939 683 1979 usque
710 1928 825 1967 binae
863 1929 1022 1967 fuerant
1056 1926 1331 1979 Cappadocum
1358 1927 1608 1978 metropoles,
1635 1926 1717 1978 pri-

310 1995 398 2022 mae
426 1981 702 2034 Cappadociae
732 1981 954 2027 Caesarea,
982 1982 1177 2021 secundae
1194 1983 1356 2030 Tyana:
1383 1982 1541 2020 tertiam
1566 1980 1714 2020 Mucis-

308 2049 382 2076 son
411 2036 614 2087 Tyanensi
641 2036 860 2075 detractam
879 2040 918 2075 et
934 2035 1260 2087 Iustinianopolin
1286 2038 1546 2087 nuncupatam
1573 2034 1716 2074 tertiae

309 2091 586 2142 Cappadociae
626 2090 710 2141 ipse
742 2090 937 2141 imposuit.
994 2101 1139 2141 operae
1174 2089 1341 2140 pretium
1369 2089 1490 2128 fuerit
1517 2100 1566 2128 ea
1591 2087 1640 2128 de
1666 2099 1713 2127 re

308 2149 559 2196 perorantem
590 2145 727 2184 audire
744 2145 989 2195 Euphratam
999 2145 1247 2192 Tyanensem
1274 2143 1496 2194 episcopum
1515 2142 1659 2182 Collat.
1679 2141 1716 2182 V

307 2212 416 2238 conc.
443 2198 782 2250 Constantinopol.
811 2203 836 2237 2
864 2211 901 2250 p.
919 2202 984 2238 96.
1033 2195 1109 2237 “in
1139 2195 1233 2237 illo”
1259 2197 1386 2249 inquit
1406 2194 1616 2248 “tempore
1643 2195 1715 2235 sub

307 2253 509 2302 'l'yanensi
542 2253 706 2292 civitate
746 2257 833 2292 erat
873 2257 912 2291 et
944 2252 1106 2292 Dohara
1152 2255 1192 2290 et
1228 2252 1456 2292 Nazianzus
1491 2262 1616 2302 usque
1662 2249 1716 2289 ad

306 2312 484 2357 tempora
523 2306 639 2345 huius
678 2306 734 2358 pii
761 2306 925 2356 imperii.
994 2306 1187 2357 piissimus
1214 2310 1344 2345 autem
1384 2306 1599 2357 imperator
1626 2316 1714 2343 cum

306 2362 612 2412 metropolitana
657 2361 745 2399 iura
783 2359 955 2399 dedisset
996 2359 1149 2397 civitati
1186 2370 1286 2410 quae
1323 2359 1518 2410 quondam
1559 2357 1715 2410 quidem

306 2415 524 2464 lamissus,
562 2427 665 2454 nunc
700 2426 797 2453 vero
822 2412 1140 2464 Iustinianopolis
1181 2416 1449 2463 nuncupatur,
1488 2422 1578 2451 cum.
1617 2410 1711 2451 aliis

307 2469 532 2509 civitatibus
557 2472 598 2507 et
624 2468 786 2508 Doliara
815 2472 855 2507 et
882 2466 1125 2507 Nazianzum
1159 2465 1325 2505 subiecit
1351 2465 1399 2506 ei.
1411 2463 1434 2477 ''
1485 2463 1582 2505 haec
1609 2464 1644 2504 si
1670 2464 1713 2504 in

307 2523 552 2572 Synecdemo
590 2522 800 2573 praeteriri
838 2522 1009 2573 potuisse
1037 2520 1261 2572 putaveris,
1290 2520 1391 2572 quod
1421 2531 1446 2559 a
1473 2518 1624 2558 Notitia
1649 2530 1713 2558 ec-

306 2577 530 2617 clesiastica
567 2577 620 2616 sit
663 2577 865 2626 diversus,
907 2575 1041 2615 debuit
1078 2579 1207 2614 tamen
1245 2574 1437 2614 Mucissus
1466 2572 1616 2612 urbium
1644 2584 1713 2612 ca-

307 2633 444 2684 talogo
469 2631 604 2683 inseri,
631 2643 710 2670 non
737 2630 966 2683 regionibus
993 2629 1078 2670 sive
1107 2629 1216 2681 vicis,
1242 2634 1285 2670 ut
1309 2629 1365 2679 fit,
1392 2627 1425 2668 si
1453 2630 1542 2678 post
1566 2629 1712 2685 metro->
