1780 3132
193 187 282 232 190
456 193 804 235 CONSTANT1N1
845 195 1314 238 PORPHYROGENITI

189 304 254 328 σιν
281 284 384 329 εἶναι
411 287 532 330 πάλιν
558 288 600 329 τὸ
634 291 814 330 τοιοῦτον
843 293 1082 343 προάστειον
1109 295 1180 346 τῆς
1207 297 1418 345 βασιλείας
1447 295 1596 336 αὐτοῦ.

190 351 260 393 καί
285 356 475 393 ἐπένευσε
514 356 585 392 καί
624 351 727 403 πρὸς
754 357 875 394 τοῦτο
904 353 924 394 ὁ
954 357 1158 410 βασιλεύς,
1185 357 1254 397 καί
1283 362 1450 406 πολλαῖς
1479 363 1599 412 φιλο·

191 419 344 467 τιμιάις
373 415 501 455 αὐτὸν
538 418 830 468 δεξιωσάμενος
855 418 959 470 μετὰ
990 422 1060 472 τῆς
1103 422 1211 468 ι’ὁίἀς
1241 421 1431 473 γυναικὸς
1458 423 1602 472 ἐξαπέ-

67 489 92 522 Ρ
120 486 182 520 118
193 485 343 522 στειλεν
370 482 426 526 εἰς
452 479 523 531 τήν
549 480 688 533 χώραν
714 483 856 524 αὐτοῦ.
915 482 951 523 οἱ
978 485 1023 524 δὲ
1045 483 1130 525 υἱοί
1156 488 1230 525 τοῦ
1247 487 1472 538 μαγίστρον
1493 489 1601 540 Κρι-

194 543 383 598 κορικιόυ,
429 540 452 582 δ’
479 559 524 583 τε
565 542 690 591 αὕτός
718 547 1001 599 Παγκράτειος
1028 548 1048 588 ὁ
1079 551 1287 600 πατρίκιος
1315 552 1386 589 καί
1405 546 1633 598 Ἀσώτιοςῡ

194 606 214 647 ὁ
244 610 471 661 πατρίκιος,
510 608 696 660 μεγάλως
736 610 995 663 παρελύπουν
1031 612 1101 652 καί
1129 612 1336 665 ἐβιάζοντο
1362 612 1430 654 τὸν
1459 615 1603 654 οἰκεῖον

197 673 331 711 αὐτῶν
361 669 580 726 ἑξάδελφον
607 675 815 724 Τορνίκιον
841 674 911 717 τὸν
939 678 1173 730 πατρίκιοπν
1230 675 1275 724 ὃς
1302 677 1356 730 μή
1385 677 1605 732 ὑποφέρων

194 736 268 789 τήν
299 734 377 776 ἀπὸ
407 735 562 776 τούτων
590 738 775 778 ἐπίθεσιν
801 737 953 791 ἔγραψε
983 741 1084 794 πρὸς
1113 740 1178 781 ’τὸν
1206 745 1380 793 βασιλέα
1411 741 1604 782 οἷποστεῖ-

195 806 263 842 λαι
295 799 434 841 πιστὸν
461 797 676 854 ἄνθρωπον
703 806 773 843 καί
810 809 1064 856 παραλαβεῖν
1090 806 1161 858 τήν
1187 797 1328 858 χώραν
1356 806 1497 857 αὐτοῦ,
1525 804 1603 845 αὕ-

195 866 266 906 τὸν
297 867 341 905 δὲ
370 865 439 905 καί
460 866 530 918 τὴν
555 873 729 919 γυναῖκα
758 868 829 908 καί
857 869 900 908 τὸ
942 871 1105 910 παιδίον
1133 871 1270 910 αὐτῶν
1306 869 1408 923 πρὸς
1433 869 1504 910 τὸν
1530 873 1603 921 βα·
1618 870 1659 903 10

197 932 313 971 σιλέα
340 931 580 982 εἰσαγαγεῖν.
635 929 656 970 ὃ
687 933 731 971 δὲ
757 932 951 984 βασιλεύς
981 934 1192 974 ἀπέστειλε
1219 933 1289 974 τὸν
1307 932 1607 986 πρωτοσπαθά-

197 1011 283 1049 ριον
313 996 511 1048 Κρινίτην
547 997 617 1035 καί
652 992 828 1049 ἑρμηνέα
869 996 968 1050 πρὸς
993 996 1035 1038 τὸ
1064 996 1163 1038 κατὰ
1190 997 1260 1051 τὴν
1288 999 1456 1047 α’ξίωσιν
1482 999 1608 1038 αὐτοῦ

199 1060 482 1110 ἀναλαβέσθαι
517 1059 589 1099 καὶ
622 1061 851 1113 εἰσαγαγεῖν
888 1060 1014 1102 αὐτὸν
1041 1063 1085 1102 ἐν
1110 1064 1159 1116 τῇ
1183 1060 1453 1117 θεοφυλὰκτῳ
1479 1061 1608 1102 πόλει.

198 1121 266 1164 ὅτε
299 1125 344 1163 δὲ
370 1121 442 1175 τήν
468 1123 660 1176 τοιαύτην
686 1124 830 1179 χώραν
855 1124 877 1165 ὁ
909 1127 1106 1180 Κρινίτης
1134 1127 1362 1180 κατέλαβεν,
1391 1120 1510 1179 εὗρεν
1537 1126 1610 1165 αὖ.

198 1187 267 1228 τὸν
295 1183 373 1241 ἤδη
400 1186 472 1228 τὸν
509 1191 599 1239 βίον
636 1188 898 1243 ἀπολιπόντα,
938 1190 1233 1241 διαταξάμενον
1262 1187 1342 1242 πρὸ
1371 1191 1441 1242 τῆς
1471 1193 1664 1230 nasu-15

193 1255 271 1322 ετῆς
310 1248 415 1292 εἶναι
460 1254 597 1292 πᾶσαν
636 1251 710 1306 τήν
745 1253 888 1306 χώραν
916 1254 1046 1295 αὐτοῦ
1073 1254 1350 1307 ,ὑποκειμένην
1374 1254 1430 1308 τῷ
1453 1256 1619 1304 βασιλεῖ’

201 1317 429 1369 Ρωμαίων,
472 1317 545 1368 τήν
584 1319 629 1357 δὲ
657 1324 830 1369 γυναῖκα
867 1321 938 1358 καί
977 1317 1020 1357 τὸ
1052 1320 1214 1359 παιδίον
1257 1319 1386 1358 αὐτοῦ
1413 1319 1614 1358 εἰσελθεῖν

200 1378 302 1430 πρὸς
328 1378 396 1419 τὸν
422 1382 623 1432 βασιλέα·
677 1376 706 1435 ᾖ
726 1385 795 1422 καί
823 1384 996 1422 δέδωκεν
1025 1382 1045 1421 ὃ
1074 1380 1271 1434 βασιλεύς
1304 1381 1360 1428 εἰς
1387 1381 1614 1434 κατοίκησιν

201 1443 464 1498 εἰσελθούσης
491 1447 964 1499 τοῦ.πρωτοσθαπαριόυ
995 1444 1170 1499 Μιχαὴλ
1194 1448 1266 1485 τοῦ
1294 1446 1388 1485 ποτὲ
1412 1442 1614 1497 γεγονότος

202 1508 518 1561 κομμερκιαριόυ
547 1511 736 1556 Χαλὸίας
764 1512 834 1550 καί
866 1512 1106 1560 Ψωμαθέως
1145 1508 1217 1560 τήν
1243 1507 1382 1561 μονήν.
1436 1511 1508 1548 καί
1534 1507 1611 1547 πά·
1625 1514 1668 1547 20

202 1577 265 1613 λιν
281 1574 498 1627 ἀπεστάλη
531 1573 550 1612 ὁ
582 1575 791 1627 εἰρημένος
825 1575 1021 1627 Κρινίτης
1047 1571 1158 1625 παρὰ
1185 1574 1258 1612 τοῦ
1283 1574 1483 1623 βασιλέως
1511 1570 1614 1624 πρὸς

202 1637 248 1677 τὸ
278 1641 532 1690 παραλαβεῖν
562 1637 635 1690 τὴν
662 1638 806 1690 χώραν
835 1640 909 1678 τοῦ
934 1635 1160 1689 Ἀπογοίνεμ
1192 1630 1281 1688 ἤτοι
1317 1634 1360 1676 τὸ
1393 1637 1517 1686 μέρος
1543 1634 1615 1675 τοῦ

205 1704 419 1756 πατρικίου
455 1705 678 1755 Τορνικίου.
733 1704 1054 1742 α’νταπέστειλαν
1077 1704 1122 1742 δὲ
1149 1702 1305 1741 ἐκεῖθεν
1329 1702 1403 1741 τοῦ
1432 1701 1614 1752 Ταρωνί-

298 1834 316 1866 7
339 1831 399 1866 τὸν
425 1835 526 1877 vulgo
551 1845 623 1880 om,
768 1834 811 1866 12
833 1830 895 1874 τὴν
919 1832 986 1865 add
1013 1834 1036 1864 B
1198 1830 1313 1866 αὐτοῦ
1338 1851 1379 1857 --
1403 1832 1616 1876 εἰσαγαγεῖν

299 1878 368 1911 add
399 1880 420 1910 B
516 1877 557 1912 14
581 1881 746 1924 εὑρεν-
775 1878 886 1914 αὐτοῦ
911 1884 991 1924 post
1011 1877 1162 1914 παιδίον
1183 1878 1220 1910 Μ

208 2013 277 2047 que
304 2002 541 2034 munificentia
569 2012 647 2033 eum
675 2001 873 2044 complexus
896 2011 971 2032 cum
997 2011 1102 2032 uxore
1127 1999 1171 2031 ad
1197 2003 1322 2030 terram
1347 2007 1442 2030 suam
1473 1996 1616 2029 remisit.

207 2048 360 2091 magistri
377 2050 464 2080 'vero
481 2047 655 2079 Cricoricii
678 2047 760 2086 filii,
785 2052 853 2078 tam
876 2047 950 2089 ipse
967 2046 1164 2078 pancratius
1180 2044 1343 2088 patricius
1368 2053 1469 2087 quam
1481 2043 1618 2074 Asotius

209 2094 386 2139 patricius,
406 2094 598 2126 molestiam
637 2091 851 2124 exhibebant
887 2097 992 2136 atque
1030 2093 1098 2124 vim
1129 2102 1200 2123 non
1237 2090 1393 2132 exiguam
1419 2087 1618 2121 inferebant

209 2141 358 2185 patrueli
383 2151 445 2171 suo
471 2139 637 2171 Tornicio
661 2139 825 2182 patricio3
850 2138 909 2181 qui
935 2149 1004 2169 rem
1030 2149 1101 2169 non
1118 2138 1233 2168 ferens
1258 2135 1394 2179 scripsit
1416 2133 1616 2178 imperatori

209 2192 249 2218 ut
274 2187 428 2218 mitteret
451 2184 628 2217 hominem
652 2183 767 2224 fidum,
795 2183 855 2227 qui
881 2188 1004 2215 terram
1033 2194 1126 2215 suam
1152 2181 1334 2225 acciperet,
1360 2191 1396 2212 se
1419 2189 1501 2213 vero
1529 2190 1617 2211 uxo-

210 2242 349 2275 remque
390 2237 425 2262 et
449 2231 560 2262 filium
593 2230 637 2262 ad
664 2241 741 2262 eum
767 2228 982 2272 perduceret.
1029 2229 1195 2271 misitque
1219 2228 1406 2271 imperator
1431 2231 1616 2270 protospa-

209 2278 361 2311 tharium
387 2277 551 2309 Crinitem
579 2282 615 2309 et
647 2276 871 2319 interpretem
887 2299 895 2314 ‚
919 2275 1002 2319 qui,
1027 2275 1080 2307 uti
1105 2273 1273 2318 petierat,
1307 2273 1483 2316 exciperet
1506 2271 1617 2314 ipsum

212 2330 247 2356 et
273 2323 308 2354 in
336 2322 457 2354 urbem
481 2335 499 2354 a
526 2322 592 2354 deo
619 2321 825 2354 custoditam
851 2320 1050 2352 adduceret.
1110 2330 1186 2351 cum
1214 2329 1294 2351 vero
1318 2319 1404 2350 illuc
1427 2317 1620 2361 appulisset

212 2369 375 2406 Grinnes,
401 2379 478 2399 eum
496 2369 562 2400 iam
590 2374 761 2399 mortuum
790 2367 934 2406 invenit,
963 2365 1024 2398 sed
1049 2370 1258 2398 testamento
1287 2369 1367 2396 ante
1390 2368 1535 2396 mortem
1561 2372 1619 2394 ca—

211 2417 300 2447 visse
330 2419 368 2445 ut
392 2419 466 2446 tota
505 2415 614 2457 ipsius
651 2419 742 2445 terra
770 2414 995 2444 Romanorum
1030 2411 1234 2455 imperatori
1267 2415 1427 2454 pareret,
1462 2417 1621 2452 uxorque

214 2473 290 2493 cum
318 2459 391 2492 filio
416 2459 458 2491 ad
495 2461 735 2503 imperatorem
761 2470 796 2491 se
823 2458 1015 2498 co'nferret5
1050 2457 1106 2488 cui
1130 2456 1271 2501 quidem
1296 2454 1497 2488 advenienti
1524 2452 1623 2487 dedit

213 2508 400 2550 imperator
426 2504 469 2536 ad
491 2504 722 2537 habitandum
746 2503 1013 2548 protospatharii
1034 2502 1228 2542 Michaelis,
1253 2502 1313 2546 qui
1337 2501 1419 2534 olim
1435 2500 1503 2533 fuit
1517 2498 1622 2531 Chal-

214 2553 292 2585 diae
318 2551 604 2590 comma-ciamus,
629 2556 665 2583 et
685 2548 877 2582 Psomath'ei
901 2549 1156 2582 monasterium.
1204 2558 1407 2591 rursumque
1428 2546 1552 2578 missus
1577 2543 1624 2575 ab

214 2600 422 2642 imperatore
456 2602 509 2629 est
540 2596 650 2629 dictus
686 2597 859 2636 Crinites‚
883 2601 923 2628 ut
957 2601 1082 2628 terram
1113 2595 1326 2638 Apoganew,
1350 2602 1439 2636 quae
1465 2589 1623 2622 Tornicii

215 2644 352 2689 patricii
380 2654 457 2686 pars
481 2648 576 2681 erat,
598 2642 788 2686 acciperet3
824 2647 860 2674 et
883 2647 1003 2675 contra
1036 2641 1203 2672 miserunt
1236 2638 1423 2671 Taronitae
1458 2636 1540 2676 filii,
1559 2634 1623 2666 de-

216 2690 327 2724 functi
350 2688 537 2734 patrueles,
566 2688 729 2720 Ulnutem
755 2690 952 2728 offerentes,
979 2691 1018 2719 ut
1041 2686 1121 2731 ipsis
1146 2685 1314 2730 patruelis
1340 2684 1391 2716 sui
1417 2689 1540 2716 terram
1565 2689 1623 2712 re·
