1780 3132
515 128 590 172 DE
625 125 982 170 THEMATIBUS
1017 125 1120 168 LIB.
1149 125 1182 169 Ι.
1520 123 1578 169 13

125 242 206 302 κρᾶ
235 261 324 287 τινα
350 243 452 300 μέρη
480 243 693 297 κατέτεμον
715 242 787 296 τὴν
807 240 960 283 ἑαυτῶν
979 240 1105 296 ἀρχὴν
1125 240 1190 281 καὶ
1213 237 1264 280 τὰ
1284 241 1363 286 τῶν
1382 254 1580 294 στρατιω-

124 318 205 357 τῶν
223 311 408 368 τάγματα
427 310 623 366 μάλιστα,
659 312 723 352 καὶ
748 309 1012 364 ἑλληνίζοντες
1031 311 1095 351 καὶ
1116 307 1188 363 τὴν
1205 305 1373 362 πάτριον
1395 308 1460 348 καὶ
1477 304 1578 348 Ῥω-

123 382 270 437 μαϊκὴν
291 385 469 437 γλῶτταν
490 379 771 432 ἀποβαλόντες.
841 379 1044 433 λογγίνους
1063 377 1140 434 γὰρ
1161 377 1292 432 ἔλεγον
1310 374 1403 425 τοὺς
1415 373 1579 429 χιλιάρ-

120 467 245 504 χους,
279 452 346 492 καὶ
377 451 661 505 κεντουρίωνας
690 447 784 497 τούς
811 445 1146 501 ἑκατοντάρχοις,
1183 447 1247 487 καὶ
1278 443 1456 498 κόμητας
1484 443 1579 493 τοὺς

91 530 114 564 5
126 523 196 561 νῦν
215 517 474 573 στρατηγούς.
541 517 639 560 αὐτὸ
659 516 736 572 γὰρ
755 515 799 558 τὸ
820 515 946 569 ὄνομα
965 519 1038 556 τοῦ
1055 516 1234 567 θέιιατος
1246 511 1475 568 Ἑλληνικόν
1494 513 1578 554 ἔστι

123 590 189 629 καὶ
213 588 260 630 οὗ
277 585 516 640 Ῥωμαϊκόν,
552 586 630 628 ἀπὸ
650 590 721 639 τῆς
740 585 894 634 θέσεως
911 583 1214 637 ὀνομαζόμενον.

253 658 429 712 Πρῶτον
446 656 519 710 μὲν
539 649 608 697 οὖν
627 659 698 696 τοῦ
715 654 964 708 καλουμένου
979 652 1247 703 Ἀνατολικοῦ,
1277 651 1312 693 εἴ
1329 651 1449 701 δοκεῖ,
1474 667 1577 704 μνη-

119 721 386 778 μονεῦσωμεν.

421 831 577 877 Πρῶτον
600 827 702 875 θέμα
723 829 766 866 τὸ
792 827 1017 874 καλούμενον
1038 825 1280 863 Ἆνατολικόν.

67 917 113 952 10
249 905 501 950 Ἀνατολικὸν
532 908 663 949 τοίνυν
695 906 740 949 τὸ
771 907 882 960 θ’ἐμα
912 909 1088 948 καλεῖται
1120 904 1194 958 οὔχ
1225 901 1284 945 ὅτι
1315 905 1385 956 τῆς
1407 898 1489 947 ἄνω
1511 900 1577 942 καὶ

121 971 282 1032 πρώτης
314 975 510 1030 ἀνατολῆς
539 977 644 1017 ἐστίν
658 1007 670 1026 ,
711 974 807 1017 ὅθεν
841 975 988 1028 ἀνίσχει
1023 972 1043 1015 ὁ
1076 973 1187 1028 ἥλιος
1201 1004 1213 1023 ,
1257 971 1348 1013 ἀλλ’
1385 969 1445 1012 ὅτι
1477 969 1578 1026 πρὸς

119 1041 228 1098 ἡμᾶς
250 1043 343 1094 τοὺς
363 1049 647 1094 κατοικοῦντας
665 1043 710 1086 τὸ
733 1043 952 1095 Βυζάντιον
972 1045 1037 1084 καὶ
1059 1042 1128 1084 τὸν
1147 1046 1218 1096 τῆς
1237 1037 1435 1095 Εὐρώπης
1453 1038 1574 1080 τόπον
1597 1042 1625 1077 Ρ
1649 1043 1672 1080 3

119 1112 271 1168 λέγεται
300 1112 546 1155 ἀνατολικόν.
615 1112 716 1169 πρὸς
746 1113 788 1154 δὲ
815 1113 909 1162 τοὺς
934 1115 1218 1159 κατοικοῦντας
1237 1109 1308 1163 τὴν
1329 1110 1577 1150 ,Μεσοποτα-

103 1182 218 1234 ’μίαν
244 1183 394 1237 Σνρίαν
416 1184 480 1223 καὶ
502 1182 574 1236 τὴν
594 1179 772 1236 μεγάλην
786 1180 941 1229 Ἀσίαν,
977 1182 1017 1222 εἰν
1043 1173 1069 1235 ᾗ
1099 1182 1350 1220 κατοικοῦσιν
1370 1177 1484 1219 Ἰνδοὶ
1510 1178 1577 1217 καὶ

65 1257 108 1293 15
121 1251 323 1299 Αἰθίοπες
349 1252 413 1290 καὶ
441 1249 677 1305 Αἶγῦπτιοι,
713 1251 864 1304 λέγεται
895 1248 1054 1291 ὁίττικὸν
1073 1248 1195 1302 με’σον
1216 1249 1281 1288 καὶ
1299 1246 1411 1287 Ἀσία
1429 1242 1575 1302 μικρά·

117 1315 143 1372 ἦ
162 1317 238 1374 γὰρ
258 1316 431 1372 ἅιάτολή
443 1351 454 1368 ,
486 1317 706 1374 καθώσπερ
724 1318 894 1375 ἴᾳηΛιιεν,
925 1318 1060 1359 Ἰνδῶν
1080 1318 1160 1358 ἐστὶ
1184 1318 1249 1357 καὶ
1269 1312 1489 1357 Αἰθιόπων
1507 1316 1575 1355 καὶ

117 1388 351 1442 Αἰγυπτίων
369 1388 434 1428 καὶ
455 1391 534 1429 τῶν
553 1390 701 1429 λοιπῶν
719 1391 798 1428 τῶν
818 1387 864 1441 τι)
873 1405 890 1427 ν
908 1385 1106 1440 ἀνατολὴν
1125 1381 1427 1426 κατοικούντων.
1464 1382 1574 1438 ὅμως

112 1457 180 1511 ἵνα
198 1455 256 1510 μὴ
273 1459 588 1512 μακρολογῶμεν
606 1457 671 1497 καὶ
694 1456 872 1510 ὃοκῶμέν
889 1472 968 1497 τισι
987 1451 1275 1512 τερατεύεσθαι
1295 1453 1383 1509 περὶ
1405 1456 1476 1506 τῆς
1494 1456 1574 1494 τῶν

208 1587 228 1622 1
252 1598 335 1620 τινα
359 1599 412 1621 om
436 1586 465 1620 C
628 1586 649 1620 5
672 1585 755 1620 νυνὶ
779 1585 808 1619 C
967 1584 1038 1629 γὰρ
1062 1597 1116 1620 om
1140 1585 1170 1619 C
1329 1585 1352 1619 6
1376 1584 1444 1627 τῆς
1465 1596 1518 1619 om
1544 1585 1575 1618 C

207 1633 230 1668 ‘7
259 1633 417 1676 Πρῶτον
448 1652 490 1656 -
524 1633 546 1666 9
576 1629 833 1676 Ἀνατολικόν]
882 1631 967 1665 haec
1011 1633 1114 1676 vulgo
1154 1642 1260 1676 supra
1301 1638 1452 1677 ponunt,
1492 1637 1573 1677 post

207 1676 277 1722 τὴν
317 1678 588 1722 προσηγορίαν,
637 1692 672 1724 p.
698 1680 750 1713 .11
797 1679 839 1720 4,
888 1678 950 1712 AC
991 1679 1128 1723 quidem
1171 1677 1222 1712 ita
1264 1684 1450 1723 concepta,
1502 1674 1572 1720 τὴν

204 1726 471 1768 προσηγορίαν,
505 1724 539 1758 εἰ
560 1726 681 1768 δοκεῖ,
705 1725 773 1758 τοῦ
796 1722 1025 1767 καλουμένου
1049 1724 1214 1766 θέματος
1237 1720 1458 1757 nivatam-1105
1480 1734 1574 1766 μνη-

205 1770 451 1813 μονεύσωμεν.
490 1771 646 1812 Πρῶτον
669 1783 703 1804 κ.
728 1784 760 1804 τ.
787 1772 818 1805 λ.
867 1783 928 1815 pro
953 1771 1052 1805 titulo
1076 1771 1127 1804 V:
1153 1768 1323 1804 ἐνταῦθα
1345 1769 1411 1813 τῆς
1435 1766 1571 1803 ἄνατο-

206 1815 271 1858 λῆς
293 1816 439 1859 θέματα
463 1812 578 1859 ἤγουν
602 1817 667 1860 τῆς
688 1817 819 1860 μικρᾶς
842 1815 963 1856 αἰσίοις.
1084 1819 1127 1851 10
1150 1813 1190 1849 τὸ
1220 1828 1271 1850 om
1290 1816 1320 1850 C
1441 1818 1480 1850 12
1502 1814 1572 1860 τὴν

201 1861 275 1941 {Ei
294 1860 480 1942 {159‘621123
502 1863 570 1907 γῆν
592 1863 620 1896 V
717 1865 759 1898 15
778 1861 928 1898 δυσικὸν
945 1865 973 1898 C
1069 1864 1110 1898 16
1128 1862 1220 1907 ἔφην
1240 1863 1270 1896 V
1362 1863 1406 1899 17
1423 1861 1570 1897 οἰκούν-

111 2032 239 2068 parvas
269 2021 403 2067 aliquot
434 2028 553 2067 partes
586 2023 764 2069 imperium
789 2036 886 2059 suum
911 2036 951 2058 ac
975 2025 1116 2060 militum
1140 2029 1271 2061 turmas
1293 2030 1500 2069 secuerunt3
1534 2030 1572 2062 et

111 2074 196 2102 tunc
227 2068 372 2102 maxime
408 2069 580 2103 Graecum
613 2082 804 2105 sermonem
831 2073 1063 2116 affectabant,
1096 2073 1243 2116 patrium
1268 2085 1351 2106 vero
1375 2085 1416 2106 ac
1440 2074 1568 2107 Roma·
1619 2099 1622 2104 .

112 2124 191 2148 num
216 2114 463 2159 repudiabant3
496 2115 653 2159 longinos
679 2117 809 2163 quippe
829 2118 1001 2152 vocabant
1022 2118 1080 2163 qui
1104 2116 1195 2151 mille
1218 2119 1404 2162 militibus,
1430 2124 1466 2153 et
1487 2131 1569 2153 cen—

111 2158 266 2194 turinnes
291 2161 349 2205 qui
375 2167 508 2195 centum
533 2169 737 2207 praeerant,
778 2169 814 2198 et
836 2165 978 2198 comites
1002 2175 1088 2209 quos
1113 2175 1202 2198 nunc
1225 2171 1411 2209 strategos.
1457 2166 1570 2211 ipsum

113 2205 203 2239 enim
235 2206 394 2240 thematis
427 2218 549 2241 nomen
573 2209 746 2243 Graecum
773 2215 844 2254 est,
881 2222 949 2243 non
982 2211 1189 2255 Romanum,
1227 2207 1303 2246 ἀπὸ
1329 2211 1396 2255 τῆς
1417 2210 1570 2256 θέσεως,

111 2250 179 2285 hoc
204 2257 257 2285 est
281 2263 301 2285 a
325 2251 498 2298 positione
519 2254 594 2288 sive
618 2255 790 2289 locatione
815 2256 865 2290 ita
888 2262 1132 2302 nuncupatum.

203 2296 353 2332 Primum
384 2299 543 2346 quidem,
580 2301 611 2334 si
647 2302 805 2347 videtur,
838 2303 1000 2337 thematis
1023 2301 1195 2337 Anatolici
1218 2303 1449 2348 cognominati
1471 2315 1567 2338 men-

109 2341 238 2378 tionem
259 2344 438 2381 faciemus.

438 2424 595 2458 Primum
618 2426 736 2460 thema
759 2428 986 2462 Anatolicum
1010 2429 1243 2474 appellatum.

201 2479 414 2515 Anatolicum
445 2481 554 2526 igitur
586 2483 702 2517 thema
733 2483 925 2529 appellatur
958 2497 1026 2519 non
1057 2486 1150 2530 quod
1182 2485 1372 2531 superioris
1403 2485 1495 2520 illius
1526 2497 1568 2521 ac

111 2523 214 2570 primi
247 2525 403 2560 Orientis
437 2528 503 2571 sit,
536 2529 627 2563 unde
661 2530 713 2564 sol
748 2531 876 2574 oritur,
911 2531 972 2565 sed
997 2532 1087 2576 quod
1112 2538 1284 2573 nostrum,
1320 2533 1379 2577 qui
1403 2532 1568 2576 Byzantii

111 2570 324 2615 habitamus,
365 2578 399 2607 et
431 2574 538 2608 totius
569 2576 734 2620 Europae
766 2582 946 2621 respectu,
978 2578 1219 2622 Anatolicum,
1248 2579 1284 2612 id
1309 2584 1362 2612 est
1385 2579 1568 2614 Orientale

110 2615 268 2650 dicatur:
301 2625 462 2664 respectu
493 2632 577 2654 vero
612 2633 729 2656 eorum
765 2623 824 2666 qui
858 2622 1141 2668 Mesopotamiam
1173 2625 1311 2669 Syriam
1343 2630 1380 2658 et
1410 2637 1567 2669 magnam

109 2662 223 2696 Asiam
258 2664 435 2708 habitant,
471 2666 506 2709 in
537 2679 605 2712 qua
628 2668 759 2712 degunt
781 2669 859 2702 Indi
883 2676 919 2703 et
942 2669 1130 2715 Aethiopes
1154 2677 1190 2704 et
1211 2671 1400 2716 Aegyptii,
1437 2672 1567 2705 dicitur

108 2706 335 2743 occidentale
359 2712 450 2755 quod
473 2711 657 2748 interiacet
680 2721 716 2748 et
738 2715 820 2749 Asia
844 2715 968 2750 minor.
1015 2717 1144 2750 Oriens
1167 2717 1314 2763 quippe,
1343 2723 1380 2751 ut
1404 2717 1565 2762 diximus,

105 2752 267 2789 Indorum
292 2761 346 2790 est
369 2763 404 2791 et
426 2758 631 2804 Aethiopum
657 2766 691 2794 et
713 2761 964 2805 Aegyptiorum
987 2768 1023 2795 et
1045 2762 1253 2807 reliquorum
1290 2762 1349 2805 qui
1383 2763 1564 2798 Orientem

105 2797 272 2836 incolunt.
319 2808 356 2837 at
387 2815 469 2839 vero
494 2817 538 2840 ne
558 2806 766 2852 prolixiores
790 2807 896 2843 simus
919 2813 954 2843 et
977 2809 1157 2844 videamur
1176 2808 1347 2843 nonnullis
1371 2815 1565 2844 monstrosa
