1780 3132
279 169 362 223 m:
387 175 832 220 AmumsTRANno
874 171 1096 214 mpssmo
1135 168 1254 212 CAP.
1293 167 1361 231 53
1472 161 1565 206 251

131 284 204 328 τὸν
224 277 384 335 Ἴστρον
399 276 594 332 ποταμόν,
624 278 696 320 καί
722 278 870 319 τοῦτον
899 271 1152 329 περάσαντες
1177 265 1571 322 ἅντεπαρατιέξαντο

131 354 215 398 τοῖς
240 344 515 402 α’νθεστηκόσι
543 346 616 386 καί
625 341 931 420 usr9onu30av⁴to
960 336 1126 386 αύτούς.
1181 334 1336 389 μαθών
1365 335 1410 376 δὲ
1441 332 1463 373 ὃ
1491 336 1573 386 βα-

131 411 273 462 σιλευς
313 411 387 467 τὴν
423 411 491 453 ὑπ’
532 410 667 452 αὐτῶν
703 409 923 462 γενομένην
961 403 1120 481 τροπήν
1162 403 1374 444 ἐκέλευσεν
1419 397 1576 447 αυτοὺς

134 478 236 522 κατὰ
268 477 343 533 τήν
371 478 644 531 ἐνεγκαμένην
674 472 864 515 ἆπιέναι·
935 470 1033 519 τούς
1075 471 1122 511 δὲ
1161 469 1317 510 τούτων
1345 464 1580 520 πρωτεύον-

102 556 211 595 stac
238 540 626 598 προσκαλεσάμενος
653 538 756 581 κατὰ
788 540 862 580 τοῦ
894 537 1130 587 Βυζαντίου
1172 550 1240 575 και
1271 529 1582 586 εὖχαριστὲσας

134 609 189 654 τὰ
215 612 390 664 μέγιστα
417 606 499 663 ἔφη
528 608 671 654 αὐτοῖς
692 602 861 658 “ἐπειὸὴ
901 620 971 644 και
1002 604 1077 644 νῦν
1106 600 1302 647 ευνοϊκῶς
1331 595 1437 650 ὑπὲρ
1466 593 1584 650 ἡμων

137 674 310 727 ε’κοὶμετε
337 672 479 722 καθώς
506 688 575 714 και
607 670 679 713 ἐπι
707 672 789 712 τῶν
821 670 1007 723 εὖσεβῶν
1035 667 1249 722 προγόνων
1276 667 1349 719 τῆς
1377 663 1585 718 ἡμετέρας

135 741 369 796 θειότητος,
403 736 494 781 ι’δου
524 738 598 779 καί
621 739 742 791 ἡμεῖς
783 738 1073 788 ἑπικυροῦντες
1107 734 1182 781 τάς
1211 728 1292 786 ἤδη
1321 732 1385 773 ἐπ’
1418 731 1587 772 ἐλευθε-

140 810 211 864 ρία
237 822 308 848 και
341 805 503 862 ἅτελειά
532 806 728 852 δοθείσας
758 800 858 855 ὑμῖν
885 804 928 843 ἐν
954 802 1005 857 τῇ
1027 799 1245 851 Ῥωμαίων
1271 800 1317 840 ὲκ
1342 797 1414 850 τῆς
1443 792 1587 849 ἧμετέ-

86 885 220 928 ιορας
246 871 459 924 βασιλείας
485 870 649 924 δεξιάς,
676 871 914 923 παρέχομεν
953 867 1053 919 ὑμῖν
1092 865 1165 906 καὶ
1200 863 1320 919 ἡμεῖς
1361 863 1590 916 α’νδριάντα

62 928 66 933 ’
138 939 328 992 χρυσοῦν
353 934 461 990 μετὰ
501 938 573 977 καί
607 934 826 989 χλαμύδος
853 934 1074 987 βασιλικῆς
1109 933 1182 972 καί
1209 928 1494 986 φιβλατοὺρας
1520 929 1704 970 καίΡ148

141 1004 350 1058 στέφανον
378 1005 577 1057 χρυσοῦν
619 1000 735 1082 πρὸς
764 1002 1014 1054 εὐπρέπειαν
1042 1000 1134 1052 τῆς
1169 1012 1295 1048 υμετε
1287 998 1374 1050 ’ρας
1412 994 1592 1049 πόλεως,

142 1068 248 1122 μετὰ
275 1084 346 1109 και
388 1070 599 1124 ἐγγράφου
640 1067 759 1122 ἡμῶν
797 1065 1038 1122 ἐλευθερίας
1075 1080 1144 1106 και
1187 1063 1376 1111 α’τελειάς
1404 1061 1523 1114 ὑμῶν
1550 1075 1594 1102 τε

143 1131 218 1176 καὶ
260 1134 344 1175 τῶν
396 1135 596 1188 πλωΐμων
637 1131 782 1187 ὑμῶν·
849 1133 923 1173 καί
968 1128 1073 1184 πρὸς
1121 1128 1195 1184 τὴν
1233 1132 1480 1183 γνησιότητα
1522 1128 1596 1179 τῆς

91 1214 135 1248 15
148 1200 266 1253 ὑμῶν
295 1199 462 1248 εὔνοιἀς
487 1199 657 1253 δίδομεν
675 1199 774 1251 ὑμῖν
801 1199 875 1239 καί
892 1197 1138 1244 δακτυλίους
1157 1197 1345 1249 χρυσοῦς
1369 1193 1595 1236 ἐκτυποῦν-

146 1281 224 1315 ‘tac
253 1263 329 1314 τοὶς
358 1264 558 1319 ἡμετέρας
586 1264 772 1317 εὕσεβεῖς
800 1264 986 1314 εἰκόνας,
1023 1263 1079 1302 δι’
1113 1256 1172 1302 ὧν
1200 1259 1274 1309 τὰς
1310 1258 1415 1300 κατὰ
1447 1257 1597 1314 καιρόν

147 1330 381 1385 μελλούσας
417 1332 747 1373 ἀποστέλλεσθαι
786 1329 886 1384 ἡμῖν
915 1334 1011 1382 παρ’
1050 1327 1166 1380 ὑμῶν
1201 1325 1422 1381 ἀναφορᾶς
1461 1339 1503 1365 τε
1530 1322 1601 1364 καί

151 1398 313 1451 δεήσεις
346 1398 645 1452 σφραγίζοντες
691 1394 852 1443 ταύτας
901 1392 1135 1448 γνωρίμους
1183 1392 1281 1447 ἡμῖν
1334 1391 1600 1432 ἀποδείκνυτε

153 1461 255 1512 τούς
280 1459 442 1504 ἑαυτῶν
467 1463 672 1516 πρέσβεις.
729 1460 835 1515 πρὸς
866 1460 935 1501 ἐπὶ
975 1458 1136 1507 τούτοις
1164 1460 1210 1500 δὲ
1237 1459 1476 1511 παρέχομεν
1499 1454 1600 1506 ὑμῖν

96 1531 254 1576 20an
276 1529 446 1571 ἕκαστον
465 1526 558 1576 ἔτος
585 1527 730 1582 νεῦρόν
746 1543 789 1569 τε
811 1529 883 1569 καί
903 1526 1081 1579 κόναβον
1098 1523 1271 1585 σίδηρόν
1290 1538 1335 1566 τε
1361 1521 1432 1563 καί
1457 1519 1600 1576 ἔλαιον

154 1591 258 1649 ὑπὲρ
286 1594 542 1648 κατασκευῆς
557 1595 640 1635 τῶν
670 1595 907 1648 βαλιστρῶν
922 1593 1056 1647 ὑμῶν,
1085 1591 1156 1633 καί
1177 1592 1346 1643 δίδομεν
1366 1589 1467 1642 ὑμῖν
1497 1586 1602 1640 πρὸς

154 1657 402 1715 α’ποτροφὴν
438 1658 559 1712 ὑμῶν
595 1662 738 1712 χιλίας
766 1659 938 1707 ἀννόνας
975 1660 1043 1714 ἐφ’
1086 1652 1165 1716 ᾧτε
1205 1652 1312 1698 εἶναι
1341 1653 1454 1708 ὑμᾶς
1480 1658 1603 1708 βαλι-

157 1727 378 1781 σταριόυς,
416 1723 636 1780 λεγόμενον
673 1725 731 1775 ὥς
766 1723 842 1773 uie,-
869 1724 1065 1773 τοιαύτας
1100 1721 1284 1778 σιτήσεις
1309 1737 1353 1764 τε
1381 1723 1454 1764 καί
1480 1737 1606 1775 συνη-

255 1859 278 1893 9
299 1861 365 1894 καὶ
388 1857 530 1904 ἀτελείᾳ
554 1858 622 1892 add
648 1860 671 1891 B

163 1985 241 2018 licis
274 1995 352 2016 cum
381 1982 638 2016 chirobolistris
672 1984 851 2016 instructis
885 1983 931 2015 ad
955 1984 1081 2016 Istrum
1109 1983 1242 2015 flumen
1278 1982 1431 2027 profecti
1456 1981 1609 2014 traiece-

163 2036 257 2071 runt,
281 2041 321 2062 ac
335 2036 456 2063 contra
474 2029 611 2063 hostem
626 2030 816 2063 tendentes
838 2042 917 2063 eum
944 2037 1147 2084 superatum
1163 2031 1201 2063 in
1216 2030 1331 2073 fugam
1348 2033 1610 2062 converterunt.
1631 2036 1635 2041 “

162 2078 294 2123 quibus
310 2077 460 2120 cognitis
476 2077 669 2121 imperator
682 2076 826 2110 domum
845 2088 906 2110 eos
927 2077 1053 2110 redire·
1057 2077 1172 2118 iussit,
1190 2076 1471 2135 proteuontibus
1492 2081 1611 2108 autem

163 2124 369 2168 Byzantium
395 2125 529 2157 vocatis
552 2124 681 2168 gratias
700 2126 869 2157 maximas
890 2125 974 2168 egit,
999 2123 1162 2170 dixitque
1189 2124 1275 2168 ipsis
1290 2122 1613 2169 “quandoquidem

165 2171 275 2204 etiam
294 2182 390 2204 nunc
409 2170 561 2214 benigne
578 2183 642 2215 pro
659 2171 762 2204 nobis
785 2171 983 2212 laborastis,
1007 2171 1303 2216 quemadmodum
1321 2175 1358 2204 et
1373 2182 1437 2215 pro
1451 2170 1519 2214 piis
1534 2180 1613 2202 ma-

165 2218 302 2251 ioribus
326 2217 521 2251 divinitatis
538 2224 691 2259 nostrae,
717 2229 797 2251 ecce
823 2219 929 2251 etiam
956 2230 1021 2250 nos
1048 2217 1164 2251 datam
1186 2217 1287 2250 vobis
1313 2217 1517 2251 libertatem
1535 2221 1572 2249 et
1593 2227 1615 2248 a

165 2264 302 2298 tributo
315 2265 574 2298 immunitatem
588 2276 651 2310 per
664 2266 824 2309 regiones
838 2267 984 2298 Romani
998 2265 1136 2310 imperii
1150 2265 1411 2307 confirmamns3
1429 2269 1616 2310 praeterea

169 2310 290 2344 damus
316 2316 468 2344 statuam
498 2323 639 2344 auream
675 2323 752 2344 cum
784 2311 969 2354 chlamyde
999 2312 1248 2356 imperatoria,
1274 2312 1466 2345 fibulatura
1491 2316 1528 2344 et
1551 2321 1615 2344 co-

168 2368 256 2390 rona
280 2368 399 2397 aurea,
422 2358 466 2390 ad
493 2364 656 2391 ornatum
683 2365 819 2392 vestrae
853 2359 971 2400 urbis3
995 2359 1079 2392 item
1106 2358 1338 2403 syngrapham
1368 2364 1526 2392 nostram
1554 2369 1615 2390 su-

169 2414 234 2449 per
258 2403 426 2437 libertate
454 2410 490 2437 et
524 2406 748 2438 immunitate
783 2412 854 2439 tam
884 2411 1026 2446 vestra,
1056 2417 1160 2461 quam
1185 2411 1374 2439 nautarum
1399 2412 1619 2446 vestrorum3

168 2451 317 2495 insuper
352 2456 498 2495 propter
531 2451 807 2486 benevolentiae
845 2458 982 2485 vestrae
1021 2453 1258 2486 sinceritatem
1291 2453 1444 2486 annulos
1472 2462 1619 2506 quoque

171 2497 295 2530 damus
329 2509 474 2537 aureos,
509 2498 546 2531 in
579 2499 711 2543 quibus
738 2510 903 2544 expressa
931 2500 1122 2533 maiestatis
1154 2505 1298 2533 nostrae
1329 2502 1468 2544 imago,
1509 2504 1547 2532 ut
1573 2498 1621 2530 iis

170 2543 404 2578 relationibus
427 2545 550 2578 vestris
578 2546 972 2591 supplicationibusque
997 2547 1160 2591 signatis,
1197 2555 1291 2592 quas
1309 2558 1373 2593 per
1398 2547 1621 2580 occasionem

166 2591 309 2624 missuri
345 2591 451 2628 estis
490 2597 625 2626 vestros
662 2594 809 2626 nuntios
834 2593 1040 2636 dignoscere
1078 2594 1162 2627 inde
1188 2595 1374 2639 possimus.
1437 2599 1622 2638 praeterea

173 2637 296 2669 damus
321 2616 469 2680 singulis
502 2639 605 2672 annis
629 2651 773 2672 nervum
803 2646 839 2673 et
863 2641 998 2684 lignum.
1025 2646 1158 2681 tenue,
1186 2641 1316 2674 serrum
1345 2647 1382 2674 et
1408 2641 1550 2678 oleum,
1577 2637 1623 2671 ad

172 2662 398 2717 baliam-nmo
409 2690 602 2718 vestrarum
640 2687 925 2729 confectionem3
952 2688 1035 2720 item
1066 2689 1102 2721 in
1132 2688 1302 2721 alimenta
1326 2698 1487 2721 annonas
1511 2686 1623 2723 mille,

175 2734 216 2763 ut
246 2731 322 2764 sitis
358 2730 553 2775 balistarii3
578 2743 665 2778 quas
701 2744 862 2767 annonas
899 2739 936 2767 et
963 2740 1079 2768 cetera
1109 2741 1279 2769 consueta
1303 2736 1499 2781 quotannis
1523 2733 1624 2768 vobis
