1780 3132
194 134 249 175 IN
285 130 643 175 CONSTANTINI
670 124 864 172 PORPH.
891 130 991 171 LlB.
1017 130 1087 169 DE
1111 128 1243 170 ADM.
1273 129 1381 169 IMP.
1420 127 1514 170 313

86 247 212 289 silium
236 245 569 297 christophorum
597 244 861 286 Constantino
900 243 942 284 in
974 241 1226 283 consessibus
1255 244 1295 281 et
1322 241 1521 281 acclama-

83 301 257 344 tionibus
285 300 455 353 publicis
493 299 688 353 praeponi
727 299 922 349 voluerit,
964 304 1008 338 ut
1037 302 1148 351 patet
1186 309 1239 338 ex
1265 296 1397 349 Luitp.
1427 301 1455 337 3
1481 301 1521 347 9,

82 357 250 407 Scylitz.
281 369 320 408 p.
349 359 445 405 626,
474 356 574 395 Nov.
614 354 784 395 Romani
813 353 996 394 senioris.

190 426 259 472 90,
290 425 328 461 1.
384 417 562 458 ἐπελθὸν
590 417 702 474 αὐτῷ
731 420 860 466 τέλος]
892 419 1037 472 quippe
1067 418 1237 458 Romani
1268 417 1310 458 in
1336 417 1522 470 Porphy-

83 477 312 530 rogenitum
340 475 549 528 perfidiam
590 475 810 515 vindicavit
841 475 937 514 deus
977 473 1067 526 pari
1095 473 1137 513 in
1168 473 1298 526 ipsum
1324 472 1522 525 Stephani

82 532 155 572 filii
184 531 410 584 impietate,
439 531 506 583 qui
543 535 701 583 patrem
723 529 891 583 imperio
929 529 1123 568 deiectum
1150 533 1190 567 et
1215 529 1257 568 in
1287 528 1522 568 monachum

83 588 292 628 detonsum
333 586 375 625 in
401 586 684 625 monasterium
713 586 854 625 Protes
893 584 1050 623 insulae
1082 584 1303 636 ablegavit,
1332 582 1400 623 ubi
1426 583 1523 624 reli-

83 654 203 695 quum
234 642 342 682 vitae
372 641 509 693 exegit
533 641 749 691 Romanus,
778 641 874 680 licet
900 652 981 679 non
1010 638 1118 678 omni
1143 639 1332 679 abdicata
1356 650 1522 691 recupe-

84 698 237 738 randae
267 695 479 750 potestatis
507 709 590 748 spe,
615 700 659 735 ut
687 695 827 735 scribit
857 696 939 734 Leo
977 694 1275 746 grammaticus.

189 750 298 793 Ibid.
327 755 367 791 9.
422 748 710 798 σταδιασμοῦ]
739 750 914 790 occurrit
937 749 1057 789 etiam
1085 762 1117 788 c.
1149 753 1171 788 1
1204 749 1305 789 haec
1331 760 1426 798 vox,
1454 748 1523 788 ubi

84 806 176 846 vide
207 818 311 860 quae
337 805 631 846 adnotavimus.
703 805 903 846 Meursius
931 804 1006 858 ⁸hic
1038 804 1255 857 legendum
1295 803 1354 844 ait
1382 802 1520 843 σταδι-

82 860 194 911 σμοῦ
221 873 296 914 pro
323 859 595 909 σταδιασμοῦ.

190 925 299 968 Ibid.
330 929 396 966 15.
471 926 547 975 Qui
590 925 939 980 Porphyrogenito
973 920 1166 977 Ζηναρὸς
1203 925 1361 976 dicitur,
1389 926 1524 966 Theo-

85 981 222 1034 phani,
250 981 480 1033 Anastasio,
510 981 707 1031 Cedreno‚
738 982 975 1035 Landulpho
994 980 1148 1032 Sagaci
1176 985 1216 1020 et
1243 981 1453 1031 Anonymo
1481 981 1524 1020 in

83 1036 339 1077 Saracenicis
369 1032 562 1086 Νὴζαρος
606 1037 693 1076 sive
729 1035 916 1088 Νίζαρος
950 1040 1131 1077 vocatur.
1201 1047 1303 1089 quae
1331 1049 1430 1077 vero
1459 1036 1525 1076 hic

83 1091 207 1132 habet
231 1091 408 1144 scriptor
443 1095 583 1131 noster
628 1092 678 1131 de
705 1091 946 1132 Mahometis
990 1091 1248 1144 genealogia,
1276 1093 1363 1131 fere
1391 1091 1524 1132 omnia

85 1147 137 1187 ad
163 1147 328 1187 verbum
346 1179 356 1199 ,
389 1149 433 1186 ut
460 1147 583 1197 aiunt,
613 1159 665 1186 ex
693 1147 940 1199 Theophane
971 1146 1206 1198 exscripsit3
1234 1147 1339 1186 unde
1369 1147 1524 1188 isthaec

86 1203 332 1242 conferenda
358 1202 407 1241 iis
437 1213 539 1254 quae
566 1202 616 1240 de
636 1202 863 1242 Mahomete
892 1202 1015 1242 habet
1042 1202 1147 1241 idem
1173 1202 1441 1254 Theophanes
1470 1202 1523 1242 ad

85 1268 231 1296 annum
267 1261 320 1296 21
362 1257 519 1308 imperii
546 1257 722 1297 Heraclii
759 1257 945 1309 Augusti.
1028 1257 1321 1309 comparandus
1360 1258 1524 1310 insuper

90 1311 280 1364 scriptori
311 1316 450 1351 nostro
469 1312 675 1352 Abraham
704 1312 994 1353 EcchellensiS.

193 1375 301 1419 Ibid.
325 1381 389 1418 1⁶7.
421 1374 676 1427 Μούνδαρον
706 1376 778 1415 καί
796 1371 1011 1427 ζΡικρἐιόιν]
1039 1378 1098 1418 ita
1124 1377 1248 1418 habet
1275 1381 1315 1417 et
1343 1377 1523 1418 Anasta-

85 1432 168 1472 sius
198 1432 556 1473 Bibliothecarius:
585 1432 656 1486 hic
682 1434 818 1486 yiynit
840 1431 959 1484 filios
987 1431 1120 1482 duos,
1150 1430 1411 1474 Mundarum
1436 1435 1525 1474 sci-

88 1486 194 1529 licet
223 1491 267 1528 et
293 1485 515 1529 Rhabiam.
586 1489 658 1528 sed
697 1489 762 1541 qui
796 1489 986 1541 scriptori
1031 1492 1185 1539 nostro,
1217 1489 1457 1542 Theophani
1487 1494 1528 1528 et

87 1543 182 1583 aliis
208 1542 410 1583 historicis
436 1543 580 1583 dicitur
607 1540 874 1594 Mummi-us,
902 1543 1085 1584 Cedreno
1117 1544 1347 1596 appellatur
1371 1542 1526 1585 Mudu-

87 1609 178 1649 τηε,
210 1598 448 1651 Landulpho
478 1598 631 1651 Sagaci
661 1596 873 1649 Muhdar3
907 1604 947 1639 et
975 1599 1163 1639 fortassis
1189 1599 1295 1639 idem
1325 1600 1392 1652 qui
1420 1600 1524 1651 apud

86 1653 357 1693 Abrahamum
385 1653 687 1694 Ecchellensem
707 1651 947 1695 Massarus
973 1658 1238 1706 nuncupatur.
1297 1655 1365 1707 qui
1396 1660 1528 1694 autem

87 1707 438 1760 Porphyrogenito
467 1708 688 1748 Anastasio
717 1713 757 1748 et
784 1708 968 1749 Cedreno
986 1707 1155 1750 Rhama
1182 1709 1341 1760 dicitur,
1360 1706 1528 1750 Arabia

85 1763 316 1815 appellatur
344 1775 370 1803 a
396 1763 654 1815 Theophane,
684 1763 895 1813 Anonymo
928 1765 971 1804 in
999 1764 1268 1813 Saracmicis,
1300 1769 1340 1804 et
1370 1764 1527 1813 Cyrillo

85 1818 127 1857 in
157 1817 341 1870 Epitome
378 1817 592 1869 chronica3
632 1819 740 1871 apud
777 1819 1051 1860 Abrahamum
1091 1831 1188 1859 vero
1227 1819 1530 1859 Ecchellensem

89 1869 259 1913 Rabiha
287 1876 468 1914 vocatur.

194 1935 303 1979 Ibid.
338 1942 402 1980 18.
463 1936 690 1990 Κούσαρον
719 1938 791 1976 καί
810 1934 986 1990 Κάϊσον]
1018 1939 1287 1992 Theophanes
1317 1952 1391 1992 pro
1411 1934 1529 1978 Κού-

87 2005 218 2043 σαρον
246 1993 368 2034 habet
399 1989 627 2043 Κούρασον
644 2026 653 2043 ,
683 1994 945 2046 Landulphus
972 2007 1070 2034 vero
1104 1995 1249 2047 Sagax
1275 1993 1401 2036 lliez.
1458 1996 1529 2035 sed

86 2060 298 2100 perperam
329 2049 479 2102 legitur
505 2049 611 2101 apud
635 2049 922 2101 Theophanem
950 2045 1022 2086 καὲ
1037 2043 1145 2087 Ἴσον
1176 2062 1250 2102 pro
1283 2046 1459 2101 Κάϊσον,
1490 2055 1530 2090 et

86 2103 192 2155 apud
223 2103 447 2144 Cedrenum
477 2108 517 2143 et
546 2103 794 2154 Anonymum
839 2104 880 2143 in
909 2103 1164 2144 Saracenicis
1194 2102 1364 2146 Κάῖτον.
1422 2106 1529 2158 apud

86 2157 356 2199 Abrahamum
406 2159 707 2198 Ecchellensem
748 2158 890 2199 Caisus
938 2159 1004 2198 hic
1046 2160 1288 2211 appellatur.
1354 2164 1530 2201 ceterum

87 2211 278 2264 Consus,
306 2214 436 2267 inquit
463 2215 543 2254 Iac.
572 2214 686 2254 Goar
713 2214 754 2254 in
781 2215 887 2253 notis
917 2215 970 2254 ad
999 2214 1298 2266 Theophanem,
1327 2214 1397 2255 ille
1424 2216 1531 2256 idem

87 2279 150 2306 me
177 2267 306 2307 iudice
345 2269 412 2322 qui
456 2269 709 2308 Ecchellensi
751 2266 1031 2320 Geraisez'us,
1068 2281 1096 2309 a
1140 2281 1221 2323 quo
1252 2267 1530 2312 Corui-scitae

88 2319 324 2363 Mahometi
359 2323 759 2376 pseudoprophetae
804 2326 976 2377 coynati
1026 2327 1070 2364 et
1098 2323 1247 2365 hostes
1279 2325 1388 2367 dicti
1415 2330 1528 2367 sunt.

89 2389 167 2429 quo
197 2378 244 2417 fit
268 2378 367 2418 satis
397 2379 613 2419 admiranti
641 2380 745 2418 unde
764 2378 994 2419 Saracenus
1021 2379 1086 2419 hic
1115 2379 1293 2421 Catabas
1311 2381 1532 2422 Mahometi

88 2432 336 2472 contribules
362 2433 587 2484 prodiderit
608 2433 660 2474 ad
692 2446 854 2474 necem:
884 2434 1012 2474 hostis
1033 2434 1137 2474 enim
1152 2435 1410 2477 Mahometici
1436 2449 1531 2477 sau-

92 2486 229 2538 guinis
257 2487 391 2527 extitit
419 2488 724 2528 infensissimus.

193 2550 304 2594 Ibid.
363 2551 574 2605 Θυμίμην]
609 2554 877 2606 Theophanes
918 2558 959 2594 et
982 2554 1216 2604 Anonymus
1244 2556 1286 2596 in
1315 2555 1531 2598 Saraceni-

85 2607 143 2646 cis
175 2604 378 2659 Θεμίμην,
407 2607 613 2648 Cedrenus
648 2607 851 2660 Θεμίνην,
881 2608 1120 2651 Anastasius
1149 2623 1248 2651 vero
1279 2615 1319 2651 et
1350 2612 1530 2652 Landul-

85 2661 187 2714 plius
211 2661 358 2716 Sagax
387 2662 491 2704 hunc
522 2662 794 2705 Theominem
825 2665 1046 2718 appellant,
1066 2671 1254 2708 monente
1282 2667 1471 2708 Meursio.
