1780 3132
297 145 391 192 442
815 152 1159 190 WESSELINGII

298 277 324 304 a
351 262 473 303 coloe
499 261 589 300 lacu
615 259 717 299 haud
744 259 904 298 multum
933 272 958 299 a
988 259 1180 299 Sardibus
1208 259 1310 309 apud
1327 259 1559 299 Strabonem
1587 259 1614 298 1.
1643 262 1695 299 13

297 331 334 369 p.
353 321 445 362 626,
473 315 506 353 si
536 312 750 352 aberrandi
771 318 894 352 metus
913 314 1081 363 abesset,
1108 316 1360 352 autumarem.
1415 313 1594 363 quamvis
1625 325 1696 351 au-

298 378 372 409 tom
404 371 451 407 de
481 367 589 406 urbis
619 366 772 404 nomine
798 367 987 418 pleraque
1016 366 1133 405 dubia
1153 366 1244 413 sint,
1271 377 1350 404 non
1376 367 1521 415 poterit
1548 365 1640 406 Car.
1670 379 1696 406 a

298 425 343 465 S.
374 422 511 461 Paullo
533 420 816 471 negligentiam
848 420 887 459 in
916 432 964 459 ea
991 419 1277 471 praetereunda
1306 431 1506 459 excusare.

404 493 505 535 393,
547 490 612 527 25.
666 485 861 538 Ἀλγιζα]
899 487 973 528 hoc
1002 489 1101 528 Acta
1147 487 1301 527 concilii
1339 487 1501 527 Nicaeni
1539 488 1697 527 secundi

298 558 335 597 p.
351 547 429 583 153
456 547 573 594 atque
600 542 708 589 alibi,
734 542 873 594 quibus
891 543 971 582 Leo
999 538 1210 585 ἐπίσκοπος
1238 537 1435 589 ’Λλγίζων
1460 553 1598 580 nomen
1627 542 1698 580 ad-

297 597 466 648 scripsit,
495 595 715 636 firmabunt.
742 596 783 635 in
801 596 1037 635 Chalcedon.
1077 608 1114 646 p.
1132 599 1187 634 96
1217 593 1380 634 habebis
1395 594 1576 633 Proclum
1601 591 1696 642 Ἀρ-

298 650 410 700 γιζης
439 654 477 688 ct
504 663 544 700 p.
567 652 648 689 398
667 646 888 698 Ἀργίζων.
921 650 969 688 de
997 649 1079 688 eius
1105 653 1145 687 et
1163 648 1375 698 Nicopolis,
1405 659 1520 700 quam
1547 649 1697 687 frustra

298 716 458 757 quaero,
485 704 574 753 situ,
604 703 807 754 Scepticos
836 703 1020 753 imitatus,
1047 702 1146 741 nihil
1172 702 1348 741 finivero.

406 771 514 813 Ibid.
568 767 742 809 Παλαιὰ
783 767 914 820 πόλις]
943 772 1106 811 eandem
1145 783 1231 810 esse
1258 771 1397 810 volunt
1424 783 1472 810 ac
1501 763 1700 808 Παλαιὰν

298 824 530 874 κατοικίαν,
567 826 616 863 de
644 837 723 876 qua
750 829 828 865 130
866 826 1003 865 stadiis
1043 826 1093 864 ab
1120 824 1290 864 Anderis
1319 828 1470 863 remota
1495 822 1642 863 Strabo
1668 823 1697 862 l.

299 885 352 920 13
378 893 415 930 p.
445 882 551 928 614,
588 879 705 917 dubia
747 883 875 919 tamen
901 880 1145 918 coniectura:
1180 891 1271 918 nam
1311 877 1512 915 Παλαιῶν
1539 877 1700 928 praesul

299 935 339 973 in
366 935 536 973 Nicaeno
569 932 738 971 secundo
764 946 802 984 p.
831 936 882 972 51
912 933 1015 972 inter
1044 932 1333 982 Hellespontios
1363 931 1574 970 subscribit
1603 933 1643 968 et
1673 941 1699 968 a

299 987 625 1037 Palacopolitano
654 986 918 1038 distinguitur.
949 987 1031 1025 eius
1054 986 1224 1037 episcopi
1246 985 1286 1024 in
1307 984 1558 1023 conciliorum
1589 983 1699 1021 Actis

299 1053 418 1092 saepe
447 1040 553 1079 obvii
583 1043 684 1078 sunt·
740 1041 830 1080 vide
859 1040 1070 1081 Nicaenum
1097 1039 1306 1078 secundum
1333 1051 1371 1090 p.
1394 1040 1473 1078 153
1501 1041 1541 1076 et
1568 1036 1699 1088 Ephe-

299 1096 423 1134 sinum
450 1108 487 1145 p.
504 1096 595 1132 437.

404 1161 510 1203 Ιόἰά.
539 1166 604 1202 26.
675 1159 878 1213 Βαρὲττα]
910 1160 1138 1201 constabilit
1173 1160 1292 1200 hocce
1320 1158 1452 1210 oppidi
1478 1169 1695 1208 cognomen

299 1219 466 1257 loannes
499 1215 719 1264 Βαρέττων
755 1216 959 1267 episcopus
999 1216 1040 1254 in
1068 1214 1177 1254 Actis
1207 1214 1392 1253 Chalced.
1421 1225 1458 1263 p.
1475 1214 1567 1251 675.
1607 1211 1701 1248 Ba-

301 1271 428 1319 ρέιων
453 1271 615 1321 praesul
657 1274 717 1309 est
754 1270 795 1309 in
822 1269 1120 1320 Constantinop.
1159 1267 1277 1308 tertio
1305 1280 1343 1319 p.
1359 1270 1440 1306 667
1465 1271 1505 1305 et
1529 1265 1702 1305 Nicaeno

301 1325 472 1364 secundo
500 1336 538 1374 p.
558 1326 648 1362 153.

407 1391 513 1433 lbid.
570 1388 734 1430 Av’za'ov
763 1386 916 1441 Κώμη]
959 1391 1132 1431 Thomas
1159 1386 1315 1435 πόλεως
1343 1387 1507 1428 Λιῖλιόυ
1547 1382 1705 1438 Κώμης

302 1451 361 1487 ost
392 1446 432 1486 in
462 1446 699 1486 Chalcedon.
729 1445 895 1484 concilio
923 1457 962 1496 p.
978 1449 1032 1485 96
1059 1449 1099 1484 et
1125 1445 1218 1484 675.

406 1515 510 1557 Ibid.
569 1511 758 1564 Νεαύχη]
787 1512 876 1552 Νέα
891 1507 1012 1564 Αὖλὴ
1032 1515 1263 1566 oportuerat
1281 1511 1331 1552 ob
1351 1510 1569 1562 Philippum
1595 1506 1705 1552 Νέας

299 1568 442 1620 Λΰλῆς
470 1571 511 1609 ἰιι
539 1569 723 1609 Chalced.
753 1580 860 1608 conc.
887 1580 924 1618 p.
943 1572 1008 1617 96,
1037 1568 1103 1620 qui
1130 1578 1336 1619 perperam
1363 1579 1401 1617 p.
1422 1566 1504 1603 675
1530 1559 1704 1601 Memfi-

300 1625 372 1674 λης
400 1629 439 1662 et
470 1624 509 1662 in
538 1622 683 1662 Latina
718 1622 901 1661 versione
928 1621 1144 1670 Naulochi,
1170 1620 1273 1659 uude
1302 1619 1394 1658 Car.
1422 1631 1458 1660 a.
1491 1617 1535 1657 S.
1564 1617 1705 1656 Paullo

299 1677 544 1718 Naulochum
587 1675 749 1715 urbibus
776 1675 920 1724 Asiae,
948 1675 1087 1727 quibus
1121 1675 1216 1714 olim
1244 1673 1449 1724 episcopus
1476 1670 1607 1721 fuerit,
1631 1669 1706 1710 ad·

302 1730 461 1771 struxit.

409 1799 514 1840 lbid.
570 1796 792 1850 Κολοφὼν]
830 1798 1006 1838 Emman.
1049 1797 1369 1838 Schelstratenus
1413 1798 1452 1834 et
1480 1793 1576 1834 Ans.
1602 1792 1708 1832 Ban-

301 1854 439 1893 durius
459 1853 680 1904 Colophoni
704 1852 922 1892 arctissime
935 1846 1242 1902 Μητροπόλεως
1271 1849 1503 1889 vocabulum
1530 1847 1706 1888 adstrin-

302 1913 424 1959 gunt;
453 1920 530 1959 qua
556 1907 711 1947 ratione
748 1906 954 1957 Colophon
983 1905 1234 1956 metropolis,
1272 1902 1486 1942 cuiusmodi
1512 1914 1592 1941 non
1619 1900 1708 1950 fuit,

304 1966 475 2006 creatur,
505 1962 715 2012 Ioniaeque
747 1960 843 1999 urbs
881 1959 1114 2010 Metropolis
1151 1968 1313 2009 prorsus
1339 1955 1589 2007 praeteritur.
1643 1965 1710 1992 re-

302 2015 404 2054 ctius
434 2016 568 2066 itaque
596 2014 766 2053 Carolus
808 2027 834 2053 a
860 2014 903 2053 S.
932 2014 1074 2052 Paullo
1106 2011 1295 2050 distinxit.
1351 2010 1465 2049 abest
1491 2007 1710 2059 Colophon,

302 2069 338 2107 si
364 2073 477 2107 recta
506 2068 686 2119 naviges,
716 2068 873 2118 Epheso
910 2066 1050 2104 stadiis
1078 2069 1152 2113 70,
1179 2065 1378 2104 Strabone
1403 2068 1504 2103 teste
1531 2063 1560 2103 1.
1591 2064 1643 2100 14
1669 2073 1708 2112 p.

302 2126 398 2171 643,
427 2126 509 2172 aut,
537 2126 582 2161 ut
607 2122 830 2173 Xenophon
853 2120 1045 2172 Ephesius
1073 2120 1100 2157 l.
1130 2123 1152 2157 1
1183 2131 1220 2169 p·
1248 2122 1287 2167 8,
1316 2117 1456 2157 stadiis
1481 2120 1548 2156 80.

414 2185 520 2225 Ibid.
578 2183 858 2236 Μητρόπολις]
903 2184 1008 2223 numi
1036 2178 1564 2220 MHTPOHOAEITQN
1595 2177 1714 2217 ΤΩΝ

305 2239 386 2278 ΕΝ
410 2238 585 2276 ΙΩΝΙΑ
613 2244 654 2278 et
689 2231 793 2282 οἶνος
818 2237 1136 2288 Μητροπολίτης
1172 2235 1381 2275 Strabonis
1415 2235 1443 2273 l.
1473 2236 1526 2273 14
1549 2247 1587 2285 p.
1617 2236 1712 2282 637,

305 2298 347 2332 ct
373 2293 630 2332 Marcellinus
659 2286 967 2342 Μητροπόλεως
1011 2291 1214 2342 episcopus
1246 2301 1296 2328 ex
1335 2300 1444 2327 conc.
1472 2287 1710 2328 Chalcedon.

305 2359 344 2398 p.
371 2350 425 2385 96
455 2346 530 2385 huc
567 2346 781 2397 pertinent.
838 2357 930 2384 mox
969 2343 1097 2394 Τέως,
1124 2342 1386 2383 Anacreontis
1413 2342 1547 2390 Lyrici
1570 2344 1713 2392 poetae

309 2399 453 2451 patria,
484 2399 614 2450 potior
641 2400 727 2438 erit.

413 2461 519 2502 lbid.
539 2467 607 2501 27.
666 2457 877 2512 Σατρώτη]
911 2461 985 2500 nisi
1013 2461 1143 2500 omnia
1170 2473 1230 2500 me
1258 2461 1423 2508 fallunt,
1445 2452 1646 2507 Ἐρυθραὶ
1671 2457 1711 2495 in

312 2527 410 2554 voce
440 2517 587 2555 latent:
618 2529 665 2555 ca
694 2517 782 2555 huic
808 2517 894 2554 loco
925 2514 1288 2554 accomodatissima
1322 2515 1416 2553 urbs
1455 2517 1526 2558 cst,
1556 2515 1596 2550 et
1623 2510 1712 2549 huic

306 2569 535 2621 provinciae
565 2582 590 2608 a
615 2570 867 2608 conciliorum
895 2569 1004 2607 Actis
1044 2575 1084 2608 ct
1110 2569 1268 2608 Notitiis
1295 2567 1545 2618 transcripta.
1575 2565 1712 2616 paullo

307 2627 401 2664 ante
430 2619 697 2672 Κλαζομεναί
723 2624 1014 2674 praestiterant.
