1794 3164
680 161 1000 207 DEDICATIO.
1539 167 1568 210 5

114 272 269 320 tionem,
310 269 407 311 adde
447 269 558 312 etiam
588 268 676 312 artis
703 270 871 313 militaris
898 272 1068 327 peritiam
1097 271 1351 314 conducibiliaa
1422 287 1571 329 quarum

116 340 261 397 quidem
285 354 406 382 rerum
425 342 644 397 gravitatem
664 342 825 383 iucundis
845 344 977 398 passim
995 343 1263 385 narrationibus
1283 351 1318 383 et
1337 342 1450 384 variis
1469 351 1570 384 vete-

114 426 195 452 rum
222 421 412 467 poetarum
435 412 706 454 auctoritatibus
733 413 844 453 veluti
871 413 1108 455 condimentis
1131 413 1341 470 quibusdam
1361 414 1503 462 miscet,
1535 422 1571 455 ut

51 486 61 498 ¹
117 483 197 524 eius
224 482 333 524 lectio
351 483 413 523 vel
431 491 491 525 ter
508 485 665 538 repetita
684 497 908 538 nequaquam
928 483 1071 540 fatiget.
1130 485 1240 526 utitur
1269 497 1360 525 vcro
1393 483 1570 525 interdum

103 551 318 607 'nominibus
337 553 472 608 aliquot
489 554 689 596 officiorum
707 553 912 594 militarium
927 555 1077 595 remotis
1091 569 1113 595 a
1127 553 1385 595 consuetudine
1400 553 1570 609 loquendi

116 629 281 664 veterum
313 624 560 670 Graecorum
607 638 712 678 quam
742 625 789 665 ob
818 640 962 666 causam
988 631 1096 665 notae
1123 624 1332 665 necessario
1359 624 1450 665 mihi
1479 624 1570 664 adii-

115 693 272 734 ciendac
292 693 453 742 fuerunt,
478 707 549 747 per
572 707 660 748 quas
685 694 801 736 lucem
822 696 978 751 aliquam
1002 694 1048 735 iis
1071 695 1160 749 ipsis
1178 694 1365 735 vocabulis
1385 694 1570 735 afferrem.

84 762 154 805 *in
187 764 315 820 quibus
338 765 369 806 si
394 763 518 805 forsan
543 779 565 804 a
591 779 702 819 scopo
735 766 926 815 aberravi,
970 765 1116 806 veniam
1153 774 1188 806 et
1222 773 1308 819 peto
1343 773 1377 806 et
1409 771 1592 812 mereor,'

115 847 197 876 cum
235 849 280 876 ea
315 835 532 876 doctissimis
565 835 674 876 etiam
702 838 814 878 nostri
845 837 927 878 aevi
960 836 1050 876 viris
1081 849 1153 875 non
1184 836 1356 891 exiguum
1386 835 1573 891 negotium

116 903 298 954 facessant
323 905 387 958 ³³).
445 905 602 960 accipite
637 919 729 946 vero
763 906 862 954 Vos,
906 905 1132 946 Nobilissimi
1170 905 1454 962 amplissimique
1487 904 1572 952 viri,

117 975 386 1019 Constantinum
413 989 485 1030 per
507 989 566 1016 me
592 974 692 1016 Orco
717 985 880 1031 ereptum
907 975 1048 1030 lucique
1079 976 1222 1030 pariter
1254 982 1289 1015 et
1322 975 1429 1015 Latio
1463 975 1572 1015 dona·

115 1051 209 1093 tum,
246 1045 421 1100 accipite,
460 1046 624 1101 inquam,
664 1054 700 1087 ut
735 1053 864 1086 testem
898 1047 1057 1103 ingentis
1092 1037 1239 1102 gaudii,
1284 1045 1379 1100 quod
1416 1059 1489 1102 ego
1529 1060 1575 1086 ex

117 1129 254 1156 summa
287 1115 397 1157 animi
434 1116 559 1158 Vestri
593 1116 640 1156 ad
677 1117 831 1158 iuvanda
865 1117 979 1158 studia
1009 1115 1218 1163 alacritate,
1257 1131 1362 1169 quam
1384 1117 1463 1158 Vos
1483 1131 1574 1157 sum-

116 1184 347 1240 ptuosissima
383 1186 512 1227 harum
551 1187 820 1241 inscriptionum
853 1188 1014 1228 editione
1044 1185 1324 1227 luculentissime
1350 1186 1575 1235 declarastis,

118 1255 243 1297 intimo
271 1264 424 1312 pectore
454 1257 619 1311 concepi.
676 1257 852 1312 simulque
880 1257 998 1299 Vobis
1033 1256 1250 1312 persuadete
1287 1271 1347 1297 me
1387 1257 1574 1311 deinceps,

117 1325 254 1369 Vestro
282 1326 447 1383 inprimis
473 1326 643 1382 exemplo
678 1327 883 1377 incitatum,
921 1326 1081 1368 daturum
1119 1341 1272 1382 operam
1309 1334 1345 1367 ut
1381 1326 1472 1368 mihi
1510 1341 1579 1366 nec

118 1397 282 1438 voluntas
305 1411 425 1453 neque
455 1396 580 1451 (absit
604 1397 720 1438 verbo
746 1399 912 1450 invidia)
943 1397 1092 1438 facultas
1117 1398 1392 1453 promovendae
1416 1397 1471 1438 rei
1499 1397 1575 1438 lite·

117 1467 242 1510 rai-iae
266 1468 526 1523 ornandaeque
552 1468 709 1510 Vestrae
735 1469 945 1509 academiae
972 1468 1130 1509 defuisse
1155 1469 1334 1510 videatur.

230 1538 387 1588 Valete,
427 1539 498 1579 viri
527 1538 755 1580 Nobilissimi
785 1539 1089 1594 amplissimique,
1122 1548 1158 1580 et
1179 1554 1257 1581 rem
1281 1540 1462 1594 publicam
1486 1540 1579 1580 eius-

119 1624 190 1664 que
227 1611 459 1652 scminarium
497 1609 723 1651 academiam
761 1608 918 1651 feliciter
954 1617 1121 1651 curantes
1154 1609 1332 1652 fremente
1366 1609 1580 1664 furenteque

119 1680 257 1722 invidia
286 1688 536 1737 perseverate.
1141 1680 1188 1722 D.
1217 1680 1260 1722 V.

230 1752 399 1809 Lugduni
423 1752 640 1793 Batavorum
666 1764 700 1792 a.
728 1750 763 1791 d.
794 1752 900 1794 1588
1195 1749 1459 1792 addictissimus

447 1821 516 1864 cal.
543 1821 700 1863 Martiis.
1090 1821 1342 1863 Bonaventura
1371 1819 1578 1861 Vulcanius.

209 2035 254 2083 *)
302 2037 427 2084 quibus
459 2038 554 2072 certe
577 2036 688 2071 lucem
712 2047 782 2070 non
806 2035 964 2081 exiguam
989 2037 1115 2072 afferre
1137 2035 1310 2082 potuisset.
1333 2035 1443 2071 codex
1466 2044 1515 2068 ms
1539 2032 1583 2067 de

122 2097 250 2133 officiis
274 2098 395 2144 palatii
417 2097 494 2132 sive
514 2097 615 2132 aulae
638 2096 865 2142 Cpolitauae,
897 2096 994 2131 cuius
1018 2110 1092 2133 cum
1116 2110 1181 2143 ego
1208 2103 1290 2133 ante
1312 2106 1420 2131 annos
1443 2093 1584 2127 circiter

122 2157 250 2203 viginti
283 2158 327 2193 cl.
360 2171 397 2194 v.
428 2157 604 2193 Ioachimo
637 2158 806 2205 Hoppero
833 2158 976 2204 Belgico
1000 2160 1037 2194 in
1059 2159 1240 2205 Hispaniis
1268 2155 1424 2204 praesidi
1448 2153 1583 2199 copiam

116 2217 302 2262 fecissem,
335 2219 444 2265 periit:
465 2219 550 2253 mihi
573 2230 641 2253 una
666 2230 741 2253 cum
766 2220 893 2264 optimo
916 2220 974 2254 illo
998 2219 1268 2264 doctissimoque
1290 2217 1383 2252 viro.
1430 2226 1504 2249 cum
1528 2218 1583 2248 ta-

122 2287 201 2312 men
225 2274 455 2322 οἲντίγραφον
478 2279 553 2314 eius
575 2278 686 2314 libelli
708 2279 745 2313 in
766 2279 975 2315 bibliotheca
993 2278 1281 2314 Christianissimi
1297 2276 1475 2311 Gallorum
1490 2274 1586 2318 regis

123 2338 300 2373 asservari
331 2338 522 2385 intelligam
554 2344 591 2374 et
622 2340 715 2375 aliud
746 2340 783 2374 in
816 2340 1030 2375 bibliotheca
1059 2339 1264 2384 Augustana
1296 2342 1435 2372 exstare
1466 2334 1586 2378 sciam,

121 2398 212 2433 bona
235 2409 316 2445 spes
338 2411 394 2434 me
415 2399 523 2434 habet
544 2400 622 2434 fore
644 2400 829 2445 aliquando
856 2405 896 2435 ut
918 2405 979 2434 aut
1000 2410 1077 2432 mea
1099 2404 1182 2442 aut,
1216 2398 1309 2444 quod
1344 2407 1413 2431 uon
1445 2393 1584 2428 invide-

122 2457 208 2503 rim,
245 2458 390 2494 alterius
423 2459 569 2495 alicuius
601 2472 708 2507 opera
742 2460 877 2495 auctori
909 2458 1007 2494 simul
1031 2463 1067 2493 et
1090 2458 1159 2493 sibi
1182 2459 1248 2494 hac
1272 2457 1309 2492 in
1332 2459 1433 2503 parte
1456 2455 1585 2489 subve—

122 2518 250 2555 niatur.
306 2519 591 2567 Vulcanius,
624 2521 685 2556 uba·
709 2521 800 2556 notis
824 2520 900 2555 suis
919 2522 1124 2566 praefatur.
