1780 3132
278 134 369 178 372
596 142 852 181 BANDURII
889 140 1378 184 ANIMADVERSIONES

818 297 854 333 1.
884 293 1076 347 Apeibart
1100 296 1129 335 1.

815 449 853 486 2.
880 445 1124 486 Abelchamit

268 662 306 700 5.
340 657 607 711 Apolesphuet
819 663 857 704 3.
890 659 1136 711 Aposebatas
1368 664 1405 701 6.
1434 661 1642 721 Aposelme

267 810 430 850 Achmet
457 810 561 850 silius
602 724 1329 840 ὼ
1353 815 1391 852 7
1411 724 1603 864 Apeibart
1617 813 1663 853 ΙΙ.

266 880 476 932 adoptivus
627 857 830 899 4.·Abde1
831 858 957 898 achim
1094 859 1309 911 Apelmuze

374 980 465 1022 193,
491 979 529 1016 2.
585 974 851 1025 ”Απασακιου]
896 976 953 1016 sic
977 989 1126 1029 supra;
1166 980 1209 1017 at
1246 976 1310 1016 hic
1347 977 1390 1017 in
1418 977 1533 1017 editis
1559 981 1600 1017 et
1623 978 1666 1019 in

266 1041 345 1069 mss
372 1030 520 1081 legitur
544 1027 795 1070 Ἀπασικίου.

372 1093 480 1135 Ibid.
509 1098 548 1134 7.
604 1092 770 1144 Χαρκά]
800 1091 997 1135 Charcha
1021 1096 1132 1135 locus
1150 1094 1256 1135 circa
1269 1094 1665 1147 Assyriamvidetur,

265 1149 370 1200 apud
394 1148 621 1188 Arrianum.

334 1228 339 1235 ⁷
369 1217 562 1263 196,16.
635 1211 856 1253 Notandum
894 1213 1186 1265 Apolesphuet‚
1236 1225 1347 1267 quem
1385 1214 1449 1254 hic
1485 1218 1666 1266 patruum

261 1267 426 1307 Achmet
452 1268 624 1319 scriptor
650 1272 785 1306 noster
811 1269 998 1320 appellat,
1027 1281 1147 1320 supra
1171 1269 1388 1320 patruelem
1414 1268 1505 1308 dici.
1676 1282 1677 1285 ¹

370 1335 461 1382 197,
488 1336 527 1372 9.
577 1329 783 1379 Ῥωμανία
815 1333 918 1384 apud
939 1332 1163 1385 Scriptores
1186 1333 1428 1382 Byzantinos
1455 1332 1667 1385 aliquando

260 1385 486 1479 Impegmpz
517 1384 758 1436 Orientale,
786 1387 997 1439 aliquando
1034 1398 1130 1426 velo
1166 1388 1411 1439 provincias
1438 1383 1663 1428 Asiaticas

260 1453 367 1493 Signi
395 1453 441 1480 ca

368 1509 460 1552 199,
489 1508 553 1545 11.
610 1498 725 1559 ,ςυξῚ
753 1505 932 1545 nimirum
959 1517 996 1546 a.
1035 1505 1127 1546 Chr.
1156 1506 1250 1556 952,
1285 1504 1439 1556 imperii
1467 1503 1662 1546 Constan-

260 1559 332 1599 tini
358 1559 689 1611 porphyrogeniti
717 1561 781 1599 41.
1666 1581 1668 1585 ·

364 1621 471 1664 Ιῠὶᾶ.
513 1627 577 1663 22.
644 1623 830 1675 Magistri
868 1623 1048 1665 Catacali
1097 1637 1167 1664 seu
1201 1624 1453 1665 Catacalonis
1491 1623 1665 1664 meminit

261 1677 462 1717 Cedrenus
491 1677 533 1717 in
561 1677 698 1716 eodem
724 1679 856 1717 Leone
882 1691 921 1730 p.
937 1681 1030 1718 597.
1085 1680 1176 1718 vide
1205 1691 1306 1731 quae
1332 1679 1381 1718 de
1408 1678 1561 1718 familia
1586 1677 1664 1718 Ca-

260 1732 484 1772 tacalonum
512 1731 637 1771 tradit
664 1731 890 1784 Ducangius
918 1732 959 1771 in
987 1732 1161 1772 Familiis
1193 1733 1425 1782 Byzantinis
1451 1746 1490 1784 p.
1520 1735 1611 1772 178.

366 1799 459 1843 200,
489 1797 526 1835 4.
582 1797 749 1835 Ioannes
777 1796 840 1835 hic
874 1796 1047 1836 Curcuas
1075 1797 1149 1837 fuit
1180 1797 1413 1836 domesticus
1443 1796 1667 1844 scholarum

261 1849 376 1888 annis
406 1854 459 1889 22
487 1850 684 1889 mensibus
711 1854 761 1898 7;
801 1850 958 1903 eiusque
995 1863 1061 1890 res
1093 1855 1229 1903 gestas
1265 1851 1471 1902 descripsit
1507 1850 1666 1889 Manuel

261 1904 606 1955 protospatharius
633 1904 746 1943 libris
761 1907 799 1954 8,
831 1905 995 1955 quinon
1025 1909 1172 1944 extant.
1229 1904 1430 1945 Cedrenus
1457 1905 1568 1944 testis
1593 1907 1666 1942 est.

260 1957 363 1996 idem
392 1958 516 1996 tradit
552 1957 779 2019 Anonymus
818 1958 1124 1998 Combefisianus
1165 1959 1206 1998 in
1246 1960 1423 1998 Romano
1457 1958 1668 2008 Lacapeno

261 2023 299 2050 n.
332 2013 395 2050 41.
461 2011 497 2050 is
529 2008 721 2058 Κροκόας
758 2012 902 2051 dicitur
945 2012 1121 2063 Georgia
1149 2013 1352 2052 monacho
1418 2016 1589 2050 ceterum
1616 2010 1669 2050 ad

261 2065 480 2115 marginem
508 2076 566 2104 ms
595 2065 957 2131 porphyrogeniti,
967 2066 1033 2104 ubi
1057 2067 1232 2127 loquitur
1260 2066 1308 2104 de
1336 2066 1483 2105 Ioanne
1499 2065 1667 2128 Curcua,

261 2118 446 2158 scribitur
471 2119 607 2158 eodem
635 2120 878 2169 charactere,
908 2112 1027 2163 οὗτος
1055 2119 1099 2157 δὲ
1127 2114 1147 2155 ὁ
1170 2118 1394 2168 Τζιμισχῆς
1425 2114 1669 2167 ἐπικληθείς

261 2172 330 2210 sed
360 2173 514 2212 fallitur
543 2173 716 2225 quisquis
748 2174 821 2213 illa
849 2173 1019 2224 scripsit,
1047 2185 1132 2212 cum
1149 2175 1316 2212 loannes
1335 2173 1510 2212 Curcuas
1538 2172 1670 2211 diver-

261 2238 328 2264 sus
355 2226 407 2265 sit
438 2238 464 2266 a
491 2227 638 2266 Ioanne
666 2228 874 2277 Tzimisce,
903 2227 968 2279 qui
992 2227 1235 2278 postmodum
1262 2228 1478 2278 imperator
1501 2226 1587 2266 fuit.

369 2293 461 2339 201,
491 2294 555 2330 11.
611 2283 660 2335 ἅς
684 2304 757 2344 pro
791 2290 870 2332 ἵνα.
933 2292 1080 2342 passim
1109 2292 1279 2331 occurrit
1313 2291 1417 2343 apud
1443 2290 1670 2342 scriptores,

262 2353 359 2394 quos
386 2344 501 2383 nobis
524 2344 683 2384 exhibet
719 2346 759 2384 in
787 2357 859 2384 sua
886 2346 1046 2384 Turco-
1057 2345 1227 2384 Graecia
1255 2344 1429 2384 Crusius.
1456 2345 1606 2383 Menas.
1630 2347 1683 2382 et*

261 2397 358 2436 alibi
388 2398 506 2437 etiam
532 2398 679 2449 passim
706 2399 811 2450 apud
839 2399 1079 2438 recentiores
1107 2398 1335 2450 scriptores.

369 2459 479 2501 lbid
505 2466 569 2502 19.
637 2458 856 2511 καρβάνιον
893 2467 952 2502 est
981 2462 1188 2502 Turcicum
1215 2472 1415 2503 curvaria.
1471 2460 1670 2513 significat

263 2518 393 2554 autem
419 2527 468 2554 ea
494 2527 576 2555 vox
604 2516 887 2556 multitudinem
926 2521 1188 2556 mercatorum
1217 2518 1460 2568 aliorumque
1488 2515 1669 2566 peregri-

262 2569 452 2617 nantium,
484 2569 550 2621 qui
576 2569 692 2608 simul
718 2571 795 2609 iter
830 2571 1060 2617 instituunt,
1087 2575 1130 2610 ut
1155 2574 1266 2611 tanto
1292 2571 1414 2611 tutius
1441 2572 1667 2609 commeent

263 2622 411 2663 Meum.
441 2623 531 2663 vide
558 2628 762 2676 utrumque
791 2625 855 2665 Gl.
886 2601 1092 2676 Ducangii.
