1780 3132
416 111 470 158 ιΝ
511 115 876 159 SYNECDEMUM
903 112 1340 157 COMMENTAmUs.
1494 106 1590 156 405

167 242 331 285 Saturn.
363 242 386 280 1
406 242 477 281 18:
504 242 606 281 item
635 241 680 281 ln
705 238 895 281 Thrac-w
923 237 1097 280 eundem
1124 235 1271 278 haberi
1290 235 1437 278 Solem
1465 239 1593 291 atque

167 295 369 340 Liberum
389 297 638 349 accipimus,
656 307 779 349 quam
793 294 862 336 illi
880 293 1114 335 Sabadium
1129 296 1422 346 nuncupantes
1436 293 1595 344 magmi-

164 351 252 404 fica
279 350 483 403 reliyione
504 349 757 401 celebrant),
786 351 906 402 plane
934 350 1028 389 mihi
1056 349 1276 401 persuadeo
1305 347 1444 387 urbem
1463 347 1595 387 Saba-

166 406 274 446 diam
290 411 359 445 aut
374 406 613 446 Sabasdiam
629 417 726 445 vero
744 406 867 445 fuisse
894 404 1063 452 nomine,
1092 410 1212 456 atque
1242 416 1266 443 a
1294 403 1402 442 cultu
1416 401 1597 451 sabazii,

166 466 241 502 aut
268 461 442 500 vicissim
457 459 675 501 Sabazium
700 460 751 500 ab
781 461 892 509 urbe,
923 472 971 499 eo
1000 460 1116 499 titulo
1143 470 1231 497 esse
1262 461 1460 498 ornatam.
1514 469 1597 498 non

164 516 330 563 desunt,
359 517 502 566 fateor,
531 515 597 568 qui
623 515 848 567 Phrygibus
877 514 1096 556 Sabazium
1121 512 1259 553 deberi
1287 517 1470 562 censent3
1495 524 1598 565 quae

166 581 234 611 res
275 570 452 622 opinioni
498 570 598 609 nihil
637 570 843 610 nocuerit:
882 569 1107 622 Phrygibus
1153 568 1258 607 enim
1293 571 1334 607 et
1373 567 1599 607 Thracibus

163 626 290 667 miilta
319 629 437 666 erant
464 625 684 665 communia
712 636 852 674 sacra,
890 624 1030 677 quibus
1061 619 1113 661 τὰ
1143 618 1332 672 Σαβάζιοι
1363 622 1513 662 Strabo
1542 626 1596 662 10

163 694 205 733 p.
236 683 315 720 471
343 684 549 721 accenset:
577 692 628 719 ne
653 692 757 719 nunc
794 679 924 719 dicam
954 679 1136 731 Phryges
1175 689 1198 716 e
1225 676 1428 718 Thracum
1455 677 1600 717 finibus

166 736 209 776 in
238 734 375 775 Asiam
417 734 702 786 commigrasse
737 733 939 786 perhiberi
967 747 993 774 a
1021 733 1225 773 Strabone
1267 736 1308 772 et
1336 732 1541 772 Herodoto
1572 735 1599 771 7

165 793 232 830 ⁹73.
287 794 484 842 utcunque
503 789 702 838 ceciderit,
730 789 856 841 digna
883 790 1020 842 utique
1034 787 1215 829 Sabadia
1241 787 1375 827 fuerat
1406 799 1509 839 quae
1539 787 1601 826 in·

165 851 230 887 ter
270 844 520 896 episcopales
547 844 734 897 Europae
763 843 880 884 sedes
920 844 962 886 in
993 843 1038 884 C.
1067 843 1092 883 a
1119 842 1163 884 S.
1203 842 1346 883 Paullo
1375 842 1527 895 Geogr.
1554 841 1598 882 S.

165 902 296 942 locum
319 902 510 940 tueretur.

167 1025 217 1066 lt.
273 973 462 1066 390333.
514 966 790 1023 Ἀφροδισία]
827 966 1103 1022 Ἀφροδισίας
1133 971 1326 1022 praestat.
1401 967 1481 1009 vid.
1507 967 1600 1008 Aut.

207 1038 263 1066 ιιι.
293 1038 332 1078 p.
448 1051 458 1062 .

276 1094 385 1137 [bid.
442 1091 619 1148 Κοιλιά]
662 1094 801 1134 Κοῖλα
838 1098 1098 1148 oportuerat3
1141 1094 1246 1149 quod
1274 1106 1418 1135 nomen
1446 1106 1499 1135 ex
1523 1093 1604 1134 loci

165 1155 314 1192 natura
339 1154 483 1203 portus
513 1150 769 1203 impetravit,
797 1162 963 1202 prorsus
1006 1154 1051 1190 ut
1077 1146 1126 1188 τὰ
1157 1151 1273 1188 κοῖλα
1303 1148 1376 1200 τῆς
1411 1147 1605 1198 Εὐβοίας,

169 1207 219 1246 de
248 1205 390 1260 quibus
426 1210 590 1257 praeter
630 1205 874 1244 Herodotum
913 1208 941 1244 8
970 1208 1023 1244 13
1058 1205 1225 1257 egregie
1256 1204 1332 1244 Dio
1362 1203 1605 1254 chrysosto-

168 1260 258 1301 mus
288 1267 391 1301 orat.
419 1263 445 1300 7
471 1273 510 1312 p.
531 1264 623 1300 100.
680 1263 769 1300 erat
795 1259 861 1299 hic
890 1264 1029 1311 portus
1059 1261 1169 1300 circa
1199 1258 1371 1310 Sestum,
1397 1263 1442 1298 ut
1469 1271 1520 1298 ex
1536 1258 1606 1299 Ni-

168 1321 259 1356 ceta
296 1316 392 1358 Rer.
428 1316 604 1355 Manuel.
633 1315 660 1354 5
692 1327 730 1366 p.
759 1317 811 1354 81
855 1314 1041 1354 Valesius
1076 1314 1129 1354 ad
1159 1313 1355 1354 Ammian.
1396 1318 1450 1354 22
1477 1318 1504 1353 8
1534 1314 1605 1352 do-

169 1371 263 1419 cuit,
294 1382 367 1411 nec
392 1370 513 1422 longe
543 1383 569 1410 a
595 1369 774 1418 Madyto.
832 1368 951 1410 Anna
978 1369 1096 1410 Alex.
1130 1371 1183 1409 14
1209 1382 1248 1421 p.
1279 1371 1383 1409 429:
1406 1364 1503 1413 τούς
1530 1366 1607 1415 μὲν

167 1428 252 1471 τοῖς
281 1423 419 1474 λιμέσι
450 1419 658 1462 ΙΙΙαδύτου
705 1422 777 1461 καί
815 1422 981 1462 Κοίλων
1017 1422 1310 1473 προσορμίσαι.
1380 1427 1500 1478 atque
1532 1423 1608 1462 hoc

171 1479 322 1520 clarius
350 1479 392 1519 in
419 1479 531 1519 Actis
557 1479 715 1518 concilii
742 1478 906 1519 Nicaeni
946 1479 1109 1519 secundi
1135 1478 1360 1529 indicatur,
1387 1491 1475 1518 cum
1505 1478 1608 1517 Leo-

167 1535 282 1575 nides
307 1533 526 1579 ἐπίσκοπος
558 1530 764 1572 Μαδύτου
798 1526 890 1584 ἤτοι
924 1530 1064 1584 Κόλης
1102 1547 1141 1587 p.
1161 1535 1241 1574 351
1274 1533 1398 1573 fuisse
1423 1533 1608 1586 perhibe-

167 1595 247 1640 tur,
273 1594 315 1629 et
339 1602 378 1641 p.
397 1591 478 1629 5⁷1
512 1586 722 1628 Μαδύτου
751 1580 843 1638 ἤτοι
863 1581 1064 1629 ’Ἡκοιλαε
1094 1589 1345 1641 quantumvis
1373 1589 1475 1628 enim
1502 1589 1607 1628 male

168 1649 309 1697 portus
337 1644 479 1685 edatur
507 1655 652 1683 nomen
683 1642 873 1693 (Κοίλων
902 1643 1019 1694 enim,
1046 1644 1125 1683 nisi
1154 1647 1194 1684 et
1223 1642 1382 1692 Κοίλης
1405 1644 1610 1683 formave-

171 1699 282 1748 rint,
322 1702 367 1738 ut
395 1698 559 1739 Coelam
600 1698 790 1738 Euboeae
820 1699 1007 1739 Valerius
1047 1703 1071 1738 1
1101 1702 1129 1739 8
1158 1701 1209 1738 11
1240 1703 1281 1738 et
1321 1697 1474 1738 Coelan
1504 1697 1608 1737 Acta

169 1753 330 1794 concilii
358 1753 563 1806 Ephesiui,
594 1754 795 1805 appellari
837 1752 1076 1805 debuerat),
1116 1753 1222 1803 licet,
1263 1753 1436 1806 inquam,
1464 1753 1507 1792 in
1536 1765 1610 1791 no-

171 1808 277 1849 mine
317 1819 434 1848 error
462 1808 537 1857 sit,
574 1807 727 1848 vicinos
755 1807 878 1847 fuisse
915 1812 1082 1859 portus,
1113 1820 1200 1847 cum
1241 1808 1368 1847 eidem
1399 1808 1610 1859 paruerint

171 1862 374 1916 praesuli,
402 1866 584 1916 apparet.
658 1866 833 1902 ceterum
865 1863 978 1904 nulla
1015 1863 1080 1902 hic
1117 1862 1257 1902 habita
1286 1862 1391 1901 ratio
1432 1867 1495 1901 est
1521 1863 1609 1914 plu-

169 1918 276 1959 rium
304 1918 493 1970 Europae
521 1917 702 1967 urbium
739 1929 840 1970 quae
878 1929 972 1969 res,
998 1917 1075 1959 nisi
1105 1917 1234 1959 falsus
1263 1929 1372 1967 sum,
1399 1929 1480 1957 non
1506 1917 1611 1957 scri-

168 1973 278 2026 ptori
303 1972 375 2013 sed
407 1973 712 2014 amanuensibus
740 1972 917 2018 debetur.
1622 1986 1625 1990 ·

285 2041 394 2085 [bid.
415 2047 479 2084 12.
536 2039 617 2081 ὑπὸ
648 2038 842 2094 ἡγεμόνα]
858 2043 1142 2086 Constantinus
1171 2045 1199 2084 l.
1226 2044 1402 2085 2Them.
1419 2047 1441 2084 1
1471 2055 1613 2084 consu-

172 2098 254 2140 lari
290 2102 331 2138 et
357 2098 461 2139 hanc
500 2098 685 2149 mandat,
725 2111 751 2139 a
780 2100 916 2139 codice
955 2113 1049 2149 suo,
1077 2101 1196 2152 plura
1230 2099 1271 2140 in
1298 2099 1375 2139 hac
1400 2098 1611 2151 provincia

174 2153 376 2204 turbante,
405 2154 619 2206 deceptus:
648 2153 932 2208 praesidialem
951 2156 1073 2195 fuisse
1094 2155 1315 2207 Rhodopen
1332 2153 1486 2194 Notitia
1512 2153 1610 2205 imp.

173 2209 327 2248 orient.
357 2213 428 2248 c.1
459 2209 646 2250 ostendit.
704 2213 794 2249 erat
821 2210 977 2262 quidem
996 2210 1195 2262 praesidis
1226 2222 1367 2250 nomen
1396 2209 1612 2262 generale;

177 2274 305 2316 eoque
333 2267 374 2303 et
402 2266 661 2316 proconsules
691 2268 730 2304 et
770 2265 898 2317 legati
930 2264 1120 2305 Caesaris
1149 2269 1190 2304 et
1219 2277 1354 2305 omnes
1382 2263 1614 2316 provincias

176 2322 367 2371 regentes
394 2319 602 2371 praesides
637 2319 972 2372 appellabantur,
1000 2324 1045 2360 ut
1069 2320 1112 2360 in
1138 2320 1166 2360 l.
1195 2320 1244 2361 D.
1274 2320 1325 2360 de
1357 2319 1461 2359 offic.
1488 2330 1611 2371 prae-

174 2373 252 2414 sid.
284 2376 365 2413 est:
401 2374 531 2414 valuit
571 2378 705 2414 tamen
732 2386 828 2414 usus
864 2379 909 2414 ut
945 2374 1163 2427 provinciis
1195 2374 1432 2428 quibusdam
1458 2373 1614 2426 praesi-

175 2428 261 2478 des,
291 2439 317 2467 a
336 2429 613 2469 consularibus
638 2433 678 2468 et
704 2429 999 2469 correctoribus
1024 2430 1174 2470 diversi
1199 2430 1358 2482 illisque
1378 2429 1615 2480 dignatione

171 2482 407 2532 inferiores,
453 2484 559 2523 unde
590 2488 630 2522 et
660 2484 740 2523 illis
770 2484 809 2524 in
840 2485 869 2524 l.
901 2488 940 2525 8.
970 2498 1003 2523 c.
1031 2485 1107 2525 Th.
1137 2485 1187 2524 de
1225 2485 1390 2525 Cohort.
1450 2488 1615 2536 postpo-

172 2542 335 2588 nuntur,
360 2538 681 2590 imponerentur3
712 2552 876 2592 cumque
896 2540 1130 2580 consulares
1150 2541 1328 2581 fascibus
1357 2544 1493 2579 essent
1519 2538 1615 2578 illu-

172 2596 293 2643 stres,
325 2593 465 2633 horum
504 2593 612 2633 inter
651 2594 825 2646 insignia
863 2594 1016 2634 vexilla
1057 2595 1320 2647 praesidialia
1358 2595 1386 2635 l.
1417 2596 1443 2634 4
1473 2606 1506 2634 c.
1537 2593 1615 2633 Th.

178 2647 233 2694 ad
259 2648 306 2689 1..
335 2648 408 2688 lul.
436 2648 486 2689 dc
517 2649 667 2690 ambitu
703 2654 743 2690 et
774 2650 978 2691 Notkerus
1005 2650 1218 2701 Martyrol.
1258 2650 1363 2704 prid.
1393 2649 1481 2691 Cal.
1510 2647 1615 2701 Aug.
