1780 3132
327 166 402 210 DE
431 165 900 210 ADMINISTRANDO
931 165 1167 210 IMPERIO
1199 166 1314 211 CAR
1345 169 1384 209 1.
1526 167 1591 212 67

127 279 266 332 αῧτοῦ,
291 281 358 322 καὶ
379 280 417 322 οἱ
439 278 651 338 ὀφθαλμοὶ
671 278 796 322 αὐτοῦ
813 278 970 323 ἔσονται
988 279 1200 334 βλέποντες
1219 280 1286 323 ἐπί
1300 297 1357 333 σε,
1388 283 1456 323 καὶ
1476 279 1591 323 οὐδὲν

127 349 175 392 οὗ
199 349 256 403 μὴ
280 348 441 403 ἅψηταί
461 365 534 390 σου
558 352 639 390 τῶν
654 352 863 401 χαλεπῶν,
897 348 1044 391 καθότι
1075 347 1195 400 αὐτός
1223 366 1268 392 σε
1294 349 1495 400 ἐξελέξατο
1524 351 1591 391 καὶ

128 417 207 460 ἀπὸ
236 415 395 474 μήτρας
425 414 652 473 ἀφώρισεν,
686 418 754 458 καὶ
773 417 848 470 τὴν
869 413 996 459 αὐτοῦ
1017 419 1226 470 βασιλείαν
1247 416 1302 467 ὥς
1323 420 1471 475 ἀγαθῷ
1490 416 1591 474 ὑπὲρ

125 483 281 536 πάντας
311 502 374 528 σοι
405 484 550 536 ἔδωκε,
585 485 651 526 καὶ
681 485 858 527 τέθεικεν
889 483 945 535 ὥς
977 486 1130 539 σκοπὴν
1161 487 1224 528 ἐπὶ
1259 491 1410 540 βουνοῦ
1439 488 1506 528 καὶ
1537 485 1592 536 ὥς

93 561 116 596 5
123 558 305 610 χρυσοῦν
334 552 553 610 ἀνδριάντα
583 552 651 608 ἐφ’
677 550 863 607 ὑψηλοῦ,
898 555 965 595 καὶ
989 544 1044 603 ὥς
1063 553 1178 596 πόλιν
1199 555 1264 596 ἐπ’
1284 552 1592 611 ὄρους’ἆνύψω-

126 638 208 674 σεν,
239 621 341 665 ὥστε
368 623 698 678 ὁωροᾳορεΐσθαι
722 619 796 663 ὑπ’
825 622 958 664 ἐθνῶν
986 623 1052 664 καὶ
1079 628 1400 680 προσκυνεῖσθαι
1416 622 1495 666 ὑπὸ
1512 626 1592 667 τῶν

126 689 418 734 κατοικούντων
447 690 520 743 τὴν
550 694 637 745 γῆν.
708 688 812 731 ἀλλὰ
842 689 892 732 σὺ
925 689 1036 746 κύριε
1059 689 1080 732 ὃ
1102 689 1200 741 θεός
1219 709 1322 744 μου,
1358 687 1407 734 οὗ
1426 690 1452 747 ἦ
1470 697 1593 745 βασι-

125 759 213 801 λεία
237 757 472 814 ἀνώλεθρος
492 760 559 800 καὶ
583 755 765 809 αἰώνιος,
799 758 881 812 εἴης
901 760 1130 801 κατευοδῶν
1150 759 1220 801 τὸν
1242 760 1308 802 διὰ
1332 765 1406 802 σοῦ
1430 762 1472 811 ἐξ
1494 761 1596 815 ἐμοῦ

125 827 388 883 γεννηθέντα,
423 827 489 868 καὶ
518 825 619 868 ἴστω
648 824 674 879 ἡ
703 827 898 881 ἔπισκοπὴ
927 832 998 886 τοῦ
1026 826 1244 883 προσώπου
1269 846 1342 871 σου
1367 829 1431 871 ἐπ’
1459 827 1594 879 αὐτόν,

72 897 193 940 1οκαὶ
211 895 257 938 τὸ
278 889 348 946 οὖς
368 911 441 937 σου
462 894 726 937 ε’πικλινέσθω
746 893 997 944 ταῖς-τούτου
1017 894 1188 949 δεήσεσι.
1257 895 1496 940 σκεπασάτω
1519 898 1595 939 αὗ-

125 963 195 1006 τὸν
224 962 252 1018 ἦ
279 965 368 1020 χείρ
397 980 496 1014 σου,
535 965 602 1005 καὶ
631 964 878 1016 βασιλευέτω
911 965 1038 1006 ἕνεκεν
1069 964 1286 1018 ἀληθείας,
1322 967 1389 1007 καὶ
1414 964 1595 1022 ὁδηγήσῃ

125 1031 250 1074 αὐτὸν
270 1030 297 1086 ἢ
321 1029 431 1082 δεξιά
456 1047 543 1074 σου.
613 1033 988 1086 κατευθυνθειήσαν
1011 1033 1054 1074 αἶ
1078 1030 1164 1074 ὁδοὶ
1188 1033 1313 1076 αὐτοῦ
1333 1032 1500 1077 ἐνώπιόν
1518 1051 1591 1077 σου
1615 1043 1644 1077 Ρ
1669 1043 1711 1077 55

122 1104 197 1142 τοῦ
237 1098 506 1157 φυλάξασθαι
539 1099 592 1141 τὰ
630 1098 887 1153 δικαιώματά
933 1117 1021 1142 σου.
1091 1101 1169 1156 πρὸ
1212 1101 1431 1157 προσώπου
1469 1103 1596 1145 αὐτοῦ

101 1160 339 1211 ’πεσοῦνται
369 1168 576 1221 πολέμιοι,
611 1170 678 1210 καὶ
709 1170 882 1219 λείξουσι
905 1173 1007 1222 χοῦν
1030 1169 1067 1210 οἳ
1092 1170 1234 1224 ἐχθροὶ
1260 1170 1398 1212 αὐτοῦ.
1467 1188 1594 1213 κατα-

70 1246 114 1284 15
125 1238 340 1290 σκιασθείη
368 1235 414 1279 τὸ
443 1236 628 1289 στέλεχος
648 1241 720 1278 τοῦ
740 1237 878 1292 γένους
899 1237 1024 1279 αὐτοῦ
1045 1239 1285 1292 πολυγονιάς
1306 1238 1500 1294 φύλλοις,
1527 1241 1594 1281 καὶ

123 1302 150 1359 ἦ
177 1304 272 1347 σκιὰ
299 1308 374 1346 τοῦ
399 1308 557 1359 καρποῦ
580 1305 704 1346 αὐτοῦ
725 1302 974 1358 ε’πικαλύψαι
995 1303 1070 1359 ι’)’ρη
1091 1306 1303 1358 βασίλεια,
1340 1305 1402 1349 ὅτι
1426 1307 1495 1349 διὰ
1518 1299 1593 1349 σοῦ’

121 1370 382 1426 βασιλεύουσι
402 1375 585 1426 βασιλεῖς
606 1370 839 1424 δοξάζοντές
858 1389 902 1415 σε
925 1374 981 1423 εἷς
1000 1372 1070 1415 τὸν
1090 1376 1230 1416 αἰῶνα.

607 1479 989 1544 Κεφάλαιον
1059 1484 1112 1529 α’.

183 1558 270 1605 περὶ
291 1551 367 1595 τᾶν
389 1551 688 1605 Hammath,
723 1558 786 1594 καὶ
808 1556 904 1603 πρός
923 1558 1026 1594 πόσα
1049 1550 1324 1604 συμβάλλονται
1345 1558 1438 1604 μετὰ
1462 1560 1530 1595 τοῦ

67 1612 115 1649 20
527 1604 704 1650 βασιλέως
725 1602 913 1650 Ῥωμαίων
936 1603 1202 1650 εἰρηνεύοντες.

249 1689 446 1734 ’Ἀκουσον
471 1692 626 1743 τοίνυν,
659 1691 744 1743 υἱέ,
781 1691 808 1733 ἅ
830 1708 901 1746 μοι
925 1692 1039 1733 δοκεῖ’
1052 1707 1097 1733 σε
1117 1689 1174 1745 μὴ
1194 1689 1373 1745 ἀγνοεῖν,
1408 1693 1473 1733 καὶ
1497 1690 1593 1746 νοή-

120 1774 210 1812 μων
237 1764 376 1815 γενοῦ,
415 1759 484 1802 ἰ’να
514 1757 641 1817 κτήσῃ
672 1758 925 1817 κυβὲρνησιν.
995 1760 1101 1816 φημὶ
1133 1758 1212 1816 γὰρ
1243 1759 1309 1799 καὶ
1341 1765 1425 1808 τοῖς
1457 1758 1594 1808 ἄλλοις

211 1888 236 1922 4
260 1885 405 1922 σκέπων
429 1887 458 1921 Ρ
575 1888 616 1924 15
640 1887 878 1932 πολυγενείας
901 1877 1034 1931 φύλοις
1055 1888 1095 1921 Μ
1118 1889 1144 1922 i.
1161 1899 1194 1922 e.
1216 1887 1325 1922 editio
1345 1887 1548 1923 Meursiana

119 2006 202 2037 tuus
231 2001 334 2047 quasi
366 2001 419 2036 sol
450 2000 517 2035 erit
540 2013 656 2036 coram
680 2001 782 2046 ipso;
822 1998 913 2035 oculi
940 2001 1014 2035 eiu's
1038 2006 1074 2036 te
1097 2000 1309 2044 respicient,
1345 2012 1458 2045 neque
1481 2005 1516 2036 te
1538 2012 1595 2036 res

119 2048 294 2082 adversae
327 2048 550 2092 contingent,
587 2047 748 2092 quoniam
782 2047 860 2092 ipse
884 2054 921 2081 te
947 2047 1054 2090 elegit
1077 2052 1113 2081 et
1137 2048 1180 2080 ab
1205 2052 1304 2080 utero
1329 2047 1448 2080 matris
1472 2058 1597 2092 segre·
1624 2052 1628 2057 “

118 2093 240 2140 gavit,
261 2093 513 2140 imperiumque
535 2103 633 2127 suum
657 2093 724 2127 tibi
747 2098 911 2137 tanquam
936 2092 1064 2126 ceteris
1085 2092 1312 2138 praecellenti
1334 2093 1502 2136 tradidit,
1526 2105 1594 2138 po-

118 2139 259 2185 suitque
279 2144 317 2174 te
339 2139 441 2184 quasi
463 2138 638 2184 speculam
661 2138 698 2173 in
722 2138 808 2172 colle
835 2150 876 2172 ac
900 2139 1009 2172 veluti
1032 2149 1171 2172 auream
1203 2143 1350 2172 statuam
1376 2138 1414 2172 in
1440 2141 1593 2184 excelso,

119 2191 158 2220 et
187 2185 298 2220 veluti
330 2186 448 2226 urbem
471 2185 508 2218 in
531 2190 647 2219 monte
667 2190 704 2219 te
729 2184 916 2228 exaltavit,-
950 2189 989 2218 ut
1013 2195 1156 2218 munera
1178 2183 1246 2218 tibi
1269 2184 1385 2218 ferant
1408 2189 1531 2228 gentes
1557 2192 1594 2220 et

119 2232 267 2266 adorent
289 2235 326 2266 te
348 2231 566 2265 habitatores
589 2236 719 2265 terrae,
767 2230 828 2265 sed
854 2235 904 2274 tu,
930 2230 1068 2268 domine
1086 2230 1171 2264 deus
1190 2240 1299 2273 meus,
1325 2229 1423 2264 cuius
1446 2242 1592 2276 regnum

118 2277 383 2323 incorruptibile
407 2283 445 2311 et
467 2283 645 2312 aeternum
670 2282 724 2311 est
738 2303 747 2319 ‚
773 2287 849 2310 enm
873 2276 909 2309 in
934 2277 992 2309 via
1015 2275 1128 2320 dirige
1151 2275 1211 2319 qui
1235 2287 1300 2321 per
1323 2280 1358 2309 te
1382 2288 1425 2310 ex
1449 2288 1503 2310 me
1526 2289 1591 2311 na-

118 2328 185 2362 tus?
201 2327 265 2357 est.
311 2322 382 2368 ipsi
407 2322 523 2357 vultus
547 2322 599 2357 tui
620 2323 822 2368 praesentia
845 2321 1026 2364 colluceat,
1052 2327 1088 2355 et
1108 2320 1202 2355 auris
1225 2326 1285 2355 tua
1307 2321 1351 2356 ad
1372 2334 1495 2367 preces
1515 2323 1592 2357 eius

118 2368 316 2403 inclinetur.
363 2373 527 2413 protegat
549 2379 626 2409 eum
648 2380 768 2403 manus
792 2375 873 2409 tua3
897 2373 1024 2412 regnet
1044 2372 1190 2413 propter
1213 2367 1416 2410 veritatem3
1439 2368 1592 2403 deducat

119 2426 196 2449 eum
221 2415 367 2449 dextera
390 2419 468 2458 tua,
494 2418 530 2448 et
552 2413 748 2459 dirigantur
771 2414 852 2448 viae
876 2413 952 2447 eius
975 2413 1012 2446 in
1038 2417 1224 2458 conspectu
1250 2419 1330 2456 tu0‚
1355 2419 1392 2447 ut
1417 2415 1592 2449 custodiat

118 2459 386 2502 iustificationes
415 2464 508 2494 tuas.
557 2465 673 2495 coram
696 2472 738 2494 eo
763 2459 947 2506 procident
969 2458 1108 2502 hostes,
1147 2464 1184 2493 et
1207 2458 1337 2493 inimici
1362 2459 1436 2494 eius
1460 2466 1590 2494 terram

117 2505 266 2551 lingent.
313 2506 537 2540 adumbretur
558 2505 666 2552 stirps
691 2507 768 2540 eius
793 2505 965 2540 fecundae
989 2504 1118 2539 sobolis
1140 2503 1257 2549 foliis,
1294 2511 1331 2539 et
1363 2506 1485 2540 umbra
1512 2507 1584 2540 fru-

119 2557 195 2587 ctus
222 2552 298 2587 eius
325 2557 459 2586 montes
486 2551 604 2597 regios
635 2552 793 2598 operiat,
825 2551 910 2596 quia
941 2561 1006 2596 per
1037 2553 1073 2585 te
1105 2561 1209 2596 reges
1231 2556 1401 2596 regnant,
1437 2556 1472 2586 te
1495 2551 1589 2586 cele-

117 2599 261 2633 brantes
283 2597 320 2632 in
342 2597 494 2633 saecula.

163 2676 283 2722 Caput
306 2677 340 2710 1.
383 2677 427 2710 de
452 2675 707 2720 Patzir‘mcitis,
733 2681 766 2710 et
791 2678 968 2720 quantum
987 2674 1128 2720 prosint
1150 2674 1357 2720 imperatori
1380 2675 1541 2708 Romano

573 2722 604 2756 si
623 2733 748 2767 pacem
773 2733 854 2756 cum
875 2721 963 2766 ipsis
987 2721 1127 2755 habeat.

209 2777 301 2813 Audi
333 2789 438 2823 ergo,
474 2768 545 2822 fili,
579 2789 671 2823 quae
701 2778 769 2814 tibi
801 2790 870 2813 non
894 2778 1088 2823 ignoranda
1112 2777 1294 2820 existimo,
1330 2782 1366 2811 et
1391 2776 1587 2821 intelligens

80 2849 90 2857 ι
117 2827 194 2860 esto
228 2828 268 2859 ut
301 2829 432 2859 rectam
464 2824 682 2869 gubernandi
715 2824 884 2860 rationem
910 2824 1130 2870 assequaris,
1163 2823 1334 2869 siquidem
1359 2823 1417 2857 vel
1438 2822 1597 2857 subditis
