<?xml version="1.0" encoding="UTF-8"?>
<!DOCTYPE html PUBLIC "-//W3C//DTD XHTML 1.0 Transitional//EN"
    "http://www.w3.org/TR/xhtml1/DTD/xhtml1-transitional.dtd">
<html xmlns="http://www.w3.org/1999/xhtml" xml:lang="en" lang="en">
 <head>
  <title>
</title>
<meta http-equiv="Content-Type" content="text/html;charset=utf-8" />
  <meta name='ocr-system' content='tesseract 3.04.00' />
  <meta name='ocr-capabilities' content='ocr_page ocr_carea ocr_par ocr_line ocrx_word'/>
</head>
<body>
  <div class='ocr_page' id='page_1' title='image "./corpusscriptorum09niebuoft_0088.png"; bbox 0 0 1780 3132; ppageno 0'>
   <div class='ocr_carea' id='block_1_1' title="bbox 66 411 159 447">
    <p class='ocr_par' dir='ltr' id='par_1_1' title="bbox 66 411 159 447">
     <span class='ocr_line' id='line_1_1' title="bbox 66 411 159 447; baseline 0.032 -3"><span class='ocrx_word' id='word_1_1' title='bbox 66 411 159 447; x_wconf 84' lang='lat' dir='ltr'><strong><em>P61</em></strong></span> 
     </span>
    </p>
   </div>
   <div class='ocr_carea' id='block_1_2' title="bbox 186 163 1351 210">
    <p class='ocr_par' dir='ltr' id='par_1_2' title="bbox 186 163 1351 210">
     <span class='ocr_line' id='line_1_2' title="bbox 186 163 1351 210; baseline 0.003 -3"><span class='ocrx_word' id='word_1_2' title='bbox 186 163 247 207; x_wconf 90' lang='grc'><strong><em>78</em></strong></span> <span class='ocrx_word' id='word_1_3' title='bbox 450 164 819 209; x_wconf 83' lang='lat' dir='ltr'><strong>CONSTANTINI</strong></span> <span class='ocrx_word' id='word_1_4' title='bbox 855 165 1351 210; x_wconf 85' lang='lat' dir='ltr'>PORPHYROGENITI</span> 
     </span>
    </p>
   </div>
   <div class='ocr_carea' id='block_1_3' title="bbox 189 272 266 289">
    <p class='ocr_par' dir='ltr' id='par_1_3' title="bbox 189 272 266 289">
     <span class='ocr_line' id='line_1_3' title="bbox 189 272 266 289; baseline -0.026 0"><span class='ocrx_word' id='word_1_5' title='bbox 189 272 201 286; x_wconf 69' lang='lat' dir='ltr'>C</span> <span class='ocrx_word' id='word_1_6' title='bbox 247 272 266 289; x_wconf 69' lang='grc' dir='ltr'>Π</span> 
     </span>
    </p>
   </div>
   <div class='ocr_carea' id='block_1_4' title="bbox 154 271 1668 1797">
    <p class='ocr_par' dir='ltr' id='par_1_4' title="bbox 181 271 1641 731">
     <span class='ocr_line' id='line_1_4' title="bbox 184 271 1614 333; baseline 0.003 -18"><span class='ocrx_word' id='word_1_7' title='bbox 184 291 205 314; x_wconf 92' lang='grc' dir='ltr'><strong><em>ο</em></strong></span> <span class='ocrx_word' id='word_1_8' title='bbox 240 290 350 328; x_wconf 81' lang='grc' dir='ltr'><strong><em>αγιος</em></strong></span> <span class='ocrx_word' id='word_1_9' title='bbox 377 276 418 315; x_wconf 92' lang='grc' dir='ltr'><strong><em>Γ</em></strong></span> <span class='ocrx_word' id='word_1_10' title='bbox 415 273 597 330; x_wconf 82' lang='grc' dir='ltr'><strong><em>ρηγόριος</em></strong></span> <span class='ocrx_word' id='word_1_11' title='bbox 627 272 1019 327; x_wconf 77' lang='grc' dir='ltr'><strong><em>καταλαμβάνουσιν,</em></strong></span> <span class='ocrx_word' id='word_1_12' title='bbox 1053 277 1093 318; x_wconf 84' lang='grc' dir='ltr'><strong><em>ἐν</em></strong></span> <span class='ocrx_word' id='word_1_13' title='bbox 1114 271 1141 332; x_wconf 78' lang='grc' dir='ltr'><strong><em>ᾗ</em></strong></span> <span class='ocrx_word' id='word_1_14' title='bbox 1161 274 1269 333; x_wconf 76' lang='grc' dir='ltr'><strong><em>νήσῳ</em></strong></span> <span class='ocrx_word' id='word_1_15' title='bbox 1291 279 1355 318; x_wconf 81' lang='grc' dir='ltr'><strong><em>καὶ</em></strong></span> <span class='ocrx_word' id='word_1_16' title='bbox 1374 277 1447 326; x_wconf 81' lang='grc' dir='ltr'><strong><em>τὰς</em></strong></span> <span class='ocrx_word' id='word_1_17' title='bbox 1466 278 1614 327; x_wconf 78' lang='grc' dir='ltr'><strong><em>θυσίας</em></strong></span> 
     </span>
     <span class='ocr_line' id='line_1_5' title="bbox 184 339 1612 400; baseline 0.003 -19"><span class='ocrx_word' id='word_1_18' title='bbox 184 340 314 382; x_wconf 74' lang='grc' dir='ltr'><strong><em>αὐτῶν</em></strong></span> <span class='ocrx_word' id='word_1_19' title='bbox 343 342 581 383; x_wconf 72' lang='grc' dir='ltr'><strong><em>ἐπιτελοῦσιν</em></strong></span> <span class='ocrx_word' id='word_1_20' title='bbox 603 339 669 380; x_wconf 73' lang='grc' dir='ltr'><strong><em>διὰ</em></strong></span> <span class='ocrx_word' id='word_1_21' title='bbox 690 340 735 382; x_wconf 79' lang='grc' dir='ltr'><strong><em>τὸ</em></strong></span> <span class='ocrx_word' id='word_1_22' title='bbox 760 342 878 383; x_wconf 89' lang='grc' dir='ltr'><strong><em>ἐκεῖσε</em></strong></span> <span class='ocrx_word' id='word_1_23' title='bbox 894 344 1090 385; x_wconf 69' lang='grc' dir='ltr'><strong><em>ἵστασθαι</em></strong></span> <span class='ocrx_word' id='word_1_24' title='bbox 1112 343 1349 397; x_wconf 71' lang='grc' dir='ltr'><em>παμμεγέθη</em></span> <span class='ocrx_word' id='word_1_25' title='bbox 1369 346 1479 400; x_wconf 80' lang='grc' dir='ltr'><strong><em>δρῦν.</em></strong></span> <span class='ocrx_word' id='word_1_26' title='bbox 1545 346 1612 385; x_wconf 85' lang='grc' dir='ltr'><strong><em>καὶ</em></strong></span> 
     </span>
     <span class='ocr_line' id='line_1_6' title="bbox 182 405 1610 467; baseline 0.003 -19"><span class='ocrx_word' id='word_1_27' title='bbox 182 405 329 450; x_wconf 72' lang='grc' dir='ltr'><strong><em>θύουσι</em></strong></span> <span class='ocrx_word' id='word_1_28' title='bbox 357 408 551 455; x_wconf 84' lang='grc' dir='ltr'><strong><em>πετεινοὺς</em></strong></span> <span class='ocrx_word' id='word_1_29' title='bbox 581 408 738 457; x_wconf 80' lang='grc' dir='ltr'><strong><em>ζῶντας.</em></strong></span> <span class='ocrx_word' id='word_1_30' title='bbox 805 407 1020 463; x_wconf 64' lang='grc' dir='ltr'><strong><em>πηγνύουσι</em></strong></span> <span class='ocrx_word' id='word_1_31' title='bbox 1048 410 1091 451; x_wconf 76' lang='grc' dir='ltr'><strong><em>δὲ</em></strong></span> <span class='ocrx_word' id='word_1_32' title='bbox 1120 411 1184 450; x_wconf 80' lang='grc' dir='ltr'><strong><em>καὶ</em></strong></span> <span class='ocrx_word' id='word_1_33' title='bbox 1213 411 1397 463; x_wconf 83' lang='grc' dir='ltr'><strong><em>σαγίττας</em></strong></span> <span class='ocrx_word' id='word_1_34' title='bbox 1425 408 1610 467; x_wconf 71' lang='grc' dir='ltr'><strong><em>γυρόθεν,</em></strong></span> 
     </span>
     <span class='ocr_line' id='line_1_7' title="bbox 182 471 1609 530; baseline 0.002 -15"><span class='ocrx_word' id='word_1_35' title='bbox 182 474 294 515; x_wconf 73' lang='grc' dir='ltr'><strong><em>ἄλλοι</em></strong></span> <span class='ocrx_word' id='word_1_36' title='bbox 328 475 370 515; x_wconf 73' lang='grc' dir='ltr'><strong><em>δὲ</em></strong></span> <span class='ocrx_word' id='word_1_37' title='bbox 400 476 463 514; x_wconf 80' lang='grc' dir='ltr'><strong><em>καὶ</em></strong></span> <span class='ocrx_word' id='word_1_38' title='bbox 493 474 635 526; x_wconf 80' lang='grc' dir='ltr'><strong><em>ψωμία</em></strong></span> <span class='ocrx_word' id='word_1_39' title='bbox 665 475 728 514; x_wconf 83' lang='grc' dir='ltr'><strong><em>καὶ</em></strong></span> <span class='ocrx_word' id='word_1_40' title='bbox 759 475 927 530; x_wconf 74' lang='grc' dir='ltr'><strong><em>κρέατα,</em></strong></span> <span class='ocrx_word' id='word_1_41' title='bbox 961 478 1026 517; x_wconf 84' lang='grc' dir='ltr'><strong><em>καὶ</em></strong></span> <span class='ocrx_word' id='word_1_42' title='bbox 1047 477 1089 525; x_wconf 77' lang='grc' dir='ltr'><strong><em>ἐξ</em></strong></span> <span class='ocrx_word' id='word_1_43' title='bbox 1110 471 1164 517; x_wconf 78' lang='grc' dir='ltr'><strong><em>ὧν</em></strong></span> <span class='ocrx_word' id='word_1_44' title='bbox 1184 475 1259 529; x_wconf 65' lang='grc' dir='ltr'><strong><em>ἔχει</em></strong></span> <span class='ocrx_word' id='word_1_45' title='bbox 1282 476 1464 526; x_wconf 64' lang='grc' dir='ltr'><strong><em>ἕκαστος,</em></strong></span> <span class='ocrx_word' id='word_1_46' title='bbox 1493 474 1548 526; x_wconf 80' lang='grc' dir='ltr'><strong><em>ὥς</em></strong></span> <span class='ocrx_word' id='word_1_47' title='bbox 1564 476 1609 518; x_wconf 80' lang='grc' dir='ltr'><strong><em>τὸ</em></strong></span> 
     </span>
     <span class='ocr_line' id='line_1_8' title="bbox 182 529 1641 598; baseline 0.001 -16"><span class='ocrx_word' id='word_1_48' title='bbox 182 540 276 590; x_wconf 69' lang='grc' dir='ltr'><strong><em>ἴθος</em></strong></span> <span class='ocrx_word' id='word_1_49' title='bbox 304 541 434 582; x_wconf 80' lang='grc' dir='ltr'><strong><em>αὐτῶν</em></strong></span> <span class='ocrx_word' id='word_1_50' title='bbox 461 541 667 594; x_wconf 80' lang='grc' dir='ltr'><strong><em>ἐπικρατεῖ.</em></strong></span> <span class='ocrx_word' id='word_1_51' title='bbox 733 540 912 596; x_wconf 76' lang='grc' dir='ltr'><strong><em>ῥίπτουσι</em></strong></span> <span class='ocrx_word' id='word_1_52' title='bbox 934 543 976 583; x_wconf 76' lang='grc' dir='ltr'><strong><em>δὲ</em></strong></span> <span class='ocrx_word' id='word_1_53' title='bbox 995 545 1061 584; x_wconf 83' lang='grc' dir='ltr'><strong><em>καὶ</em></strong></span> <span class='ocrx_word' id='word_1_54' title='bbox 1085 544 1262 598; x_wconf 73' lang='grc' dir='ltr'><strong><em>σκαρφιά</em></strong></span> <span class='ocrx_word' id='word_1_55' title='bbox 1281 545 1367 597; x_wconf 83' lang='grc' dir='ltr'><strong><em>περὶ</em></strong></span> <span class='ocrx_word' id='word_1_56' title='bbox 1387 547 1466 584; x_wconf 82' lang='grc' dir='ltr'><strong><em>τῶν</em></strong></span> <span class='ocrx_word' id='word_1_57' title='bbox 1483 529 1641 584; x_wconf 61' lang='lat' dir='ltr'>mia-5</span> 
     </span>
     <span class='ocr_line' id='line_1_9' title="bbox 181 605 1610 666; baseline 0.001 -17"><span class='ocrx_word' id='word_1_58' title='bbox 181 613 282 658; x_wconf 84' lang='grc' dir='ltr'><strong><em>νῶν,</em></strong></span> <span class='ocrx_word' id='word_1_59' title='bbox 317 608 390 648; x_wconf 72' lang='grc' dir='ltr'><strong><em>εἴτε</em></strong></span> <span class='ocrx_word' id='word_1_60' title='bbox 419 605 568 662; x_wconf 78' lang='grc' dir='ltr'><strong><em>σφάξαι</em></strong></span> <span class='ocrx_word' id='word_1_61' title='bbox 595 606 738 655; x_wconf 74' lang='grc' dir='ltr'><strong><em>αὐτοὺς</em></strong></span> <span class='ocrx_word' id='word_1_62' title='bbox 766 608 839 649; x_wconf 76' lang='grc' dir='ltr'><strong><em>εἴτε</em></strong></span> <span class='ocrx_word' id='word_1_63' title='bbox 867 610 931 649; x_wconf 86' lang='grc' dir='ltr'><strong><em>καὶ</em></strong></span> <span class='ocrx_word' id='word_1_64' title='bbox 960 617 1099 666; x_wconf 79' lang='grc' dir='ltr'><strong><em>φαγεῖν</em></strong></span> <span class='ocrx_word' id='word_1_65' title='bbox 1123 609 1196 650; x_wconf 75' lang='grc' dir='ltr'><strong><em>εἴτε</em></strong></span> <span class='ocrx_word' id='word_1_66' title='bbox 1218 611 1283 650; x_wconf 82' lang='grc' dir='ltr'><strong><em>καὶ</em></strong></span> <span class='ocrx_word' id='word_1_67' title='bbox 1305 611 1452 660; x_wconf 81' lang='grc' dir='ltr'><strong><em>ζῶντας</em></strong></span> <span class='ocrx_word' id='word_1_68' title='bbox 1470 607 1610 651; x_wconf 80' lang='grc' dir='ltr'><strong><em>ἐάσειν.</em></strong></span> 
     </span>
     <span class='ocr_line' id='line_1_10' title="bbox 182 673 1610 731; baseline 0.001 -16"><span class='ocrx_word' id='word_1_69' title='bbox 182 674 259 715; x_wconf 78' lang='grc' dir='ltr'><strong><em>ἀπὸ</em></strong></span> <span class='ocrx_word' id='word_1_70' title='bbox 291 674 333 715; x_wconf 76' lang='grc' dir='ltr'><strong><em>δὲ</em></strong></span> <span class='ocrx_word' id='word_1_71' title='bbox 362 677 434 715; x_wconf 82' lang='grc' dir='ltr'><strong><em>τοῦ</em></strong></span> <span class='ocrx_word' id='word_1_72' title='bbox 464 675 598 726; x_wconf 88' lang='grc' dir='ltr'><strong><em>νησιόυ</em></strong></span> <span class='ocrx_word' id='word_1_73' title='bbox 630 673 770 715; x_wconf 78' lang='grc' dir='ltr'><strong><em>τούτου</em></strong></span> <span class='ocrx_word' id='word_1_74' title='bbox 799 676 1090 729; x_wconf 85' lang='grc' dir='ltr'><strong><em>Πατζινακίτην</em></strong></span> <span class='ocrx_word' id='word_1_75' title='bbox 1117 676 1153 717; x_wconf 78' lang='grc' dir='ltr'><strong><em>οἳ</em></strong></span> <span class='ocrx_word' id='word_1_76' title='bbox 1174 674 1272 725; x_wconf 64' lang='grc' dir='ltr'><strong><em>εΡῶς</em></strong></span> <span class='ocrx_word' id='word_1_77' title='bbox 1302 675 1347 716; x_wconf 81' lang='grc' dir='ltr'><strong><em>οὗ</em></strong></span> <span class='ocrx_word' id='word_1_78' title='bbox 1379 679 1610 731; x_wconf 78' lang='grc' dir='ltr'><strong><em>φοβοῦνται,</em></strong></span> 
     </span>
    </p>

    <p class='ocr_par' dir='ltr' id='par_1_5' title="bbox 154 738 1668 1797">
     <span class='ocr_line' id='line_1_11' title="bbox 154 738 1612 797; baseline -0.001 -14"><span class='ocrx_word' id='word_1_79' title='bbox 154 779 160 784; x_wconf 38' lang='lat' dir='ltr'><strong><em>s</em></strong></span> <span class='ocrx_word' id='word_1_80' title='bbox 181 742 255 789; x_wconf 69' lang='grc' dir='ltr'><strong><em>ἕως</em></strong></span> <span class='ocrx_word' id='word_1_81' title='bbox 273 739 321 781; x_wconf 81' lang='grc' dir='ltr'><strong><em>ἂν</em></strong></span> <span class='ocrx_word' id='word_1_82' title='bbox 341 738 555 797; x_wconf 71' lang='grc' dir='ltr'><strong><em>φθάσωσιν</em></strong></span> <span class='ocrx_word' id='word_1_83' title='bbox 579 742 632 789; x_wconf 74' lang='grc' dir='ltr'><strong><em>εἷς</em></strong></span> <span class='ocrx_word' id='word_1_84' title='bbox 654 740 721 781; x_wconf 81' lang='grc' dir='ltr'><strong><em>τὸν</em></strong></span> <span class='ocrx_word' id='word_1_85' title='bbox 739 742 915 794; x_wconf 83' lang='grc' dir='ltr'><strong><em>ποταμὸν</em></strong></span> <span class='ocrx_word' id='word_1_86' title='bbox 936 743 1003 783; x_wconf 86' lang='grc' dir='ltr'><strong><em>τὸν</em></strong></span> <span class='ocrx_word' id='word_1_87' title='bbox 1024 741 1199 784; x_wconf 79' lang='grc' dir='ltr'><strong><em>Σελινάν.</em></strong></span> <span class='ocrx_word' id='word_1_88' title='bbox 1269 739 1348 783; x_wconf 71' lang='grc' dir='ltr'><strong><em>εἶθ’</em></strong></span> <span class='ocrx_word' id='word_1_89' title='bbox 1369 741 1494 790; x_wconf 71' lang='grc' dir='ltr'><strong><em>οὕτως</em></strong></span> <span class='ocrx_word' id='word_1_90' title='bbox 1510 741 1612 783; x_wconf 82' lang='grc' dir='ltr'><strong><em>ἀπο-</em></strong></span> 
     </span>
     <span class='ocr_line' id='line_1_12' title="bbox 182 802 1611 865; baseline 0.001 -17"><span class='ocrx_word' id='word_1_91' title='bbox 182 811 375 856; x_wconf 88' lang='grc' dir='ltr'><strong><em>κινοῦντες</em></strong></span> <span class='ocrx_word' id='word_1_92' title='bbox 405 809 445 856; x_wconf 79' lang='grc' dir='ltr'><strong><em>ἐξ</em></strong></span> <span class='ocrx_word' id='word_1_93' title='bbox 478 807 600 848; x_wconf 74' lang='grc' dir='ltr'><strong><em>αὐτοῦ</em></strong></span> <span class='ocrx_word' id='word_1_94' title='bbox 620 808 735 862; x_wconf 74' lang='grc' dir='ltr'><strong><em>μέχρι</em></strong></span> <span class='ocrx_word' id='word_1_95' title='bbox 755 807 958 864; x_wconf 74' lang='grc' dir='ltr'><strong><em>τεσσάρων</em></strong></span> <span class='ocrx_word' id='word_1_96' title='bbox 973 808 1129 865; x_wconf 73' lang='grc' dir='ltr'><strong><em>ἡμερῶν</em></strong></span> <span class='ocrx_word' id='word_1_97' title='bbox 1151 809 1432 859; x_wconf 76' lang='grc' dir='ltr'><strong><em>ἀποπλέουσιν,</em></strong></span> <span class='ocrx_word' id='word_1_98' title='bbox 1467 808 1539 857; x_wconf 67' lang='grc' dir='ltr'><strong><em>ἕως</em></strong></span> <span class='ocrx_word' id='word_1_99' title='bbox 1563 802 1611 850; x_wconf 67' lang='grc' dir='ltr'><strong><em>οὗ</em></strong></span> 
     </span>
     <span class='ocr_line' id='line_1_13' title="bbox 181 869 1665 931; baseline 0.001 -15"><span class='ocrx_word' id='word_1_100' title='bbox 181 872 460 927; x_wconf 79' lang='grc' dir='ltr'><strong><em>καταλάβωσιν</em></strong></span> <span class='ocrx_word' id='word_1_101' title='bbox 491 876 546 923; x_wconf 80' lang='grc' dir='ltr'><strong><em>εἷς</em></strong></span> <span class='ocrx_word' id='word_1_102' title='bbox 575 874 649 927; x_wconf 83' lang='grc' dir='ltr'><strong><em>τὴν</em></strong></span> <span class='ocrx_word' id='word_1_103' title='bbox 679 875 817 927; x_wconf 83' lang='grc' dir='ltr'><strong><em>λίμνην</em></strong></span> <span class='ocrx_word' id='word_1_104' title='bbox 843 879 914 916; x_wconf 91' lang='grc' dir='ltr'><strong><em>τοῦ</em></strong></span> <span class='ocrx_word' id='word_1_105' title='bbox 942 880 1124 928; x_wconf 79' lang='grc' dir='ltr'><strong><em>ποταμοῦ</em></strong></span> <span class='ocrx_word' id='word_1_106' title='bbox 1154 874 1317 927; x_wconf 88' lang='grc' dir='ltr'><strong><em>στόμιον</em></strong></span> <span class='ocrx_word' id='word_1_107' title='bbox 1346 871 1487 918; x_wconf 75' lang='grc' dir='ltr'><strong><em>οὖσαν·</em></strong></span> <span class='ocrx_word' id='word_1_108' title='bbox 1516 876 1558 915; x_wconf 82' lang='grc' dir='ltr'><strong><em>ἐν</em></strong></span> <span class='ocrx_word' id='word_1_109' title='bbox 1583 869 1665 931; x_wconf 52' lang='lat' dir='ltr'><strong><em>{ylo</em></strong></span> 
     </span>
     <span class='ocr_line' id='line_1_14' title="bbox 182 935 1613 997; baseline 0 -15"><span class='ocrx_word' id='word_1_110' title='bbox 182 940 263 982; x_wconf 66' lang='grc' dir='ltr'><strong><em>ἔστι</em></strong></span> <span class='ocrx_word' id='word_1_111' title='bbox 290 943 356 982; x_wconf 86' lang='grc' dir='ltr'><strong><em>καὶ</em></strong></span> <span class='ocrx_word' id='word_1_112' title='bbox 381 940 407 994; x_wconf 76' lang='grc' dir='ltr'>ἡ</span> <span class='ocrx_word' id='word_1_113' title='bbox 434 945 553 994; x_wconf 80' lang='grc' dir='ltr'><strong><em>νῆσος</em></strong></span> <span class='ocrx_word' id='word_1_114' title='bbox 580 945 651 982; x_wconf 85' lang='grc' dir='ltr'><strong><em>τοῦ</em></strong></span> <span class='ocrx_word' id='word_1_115' title='bbox 680 939 791 994; x_wconf 77' lang='grc' dir='ltr'><strong><em>ἁγίου</em></strong></span> <span class='ocrx_word' id='word_1_116' title='bbox 819 943 1033 997; x_wconf 71' lang='grc' dir='ltr'><strong><em>Αἶθερίου.</em></strong></span> <span class='ocrx_word' id='word_1_117' title='bbox 1103 940 1392 994; x_wconf 79' lang='grc' dir='ltr'><strong><em>καταλαβόντες</em></strong></span> <span class='ocrx_word' id='word_1_118' title='bbox 1413 936 1483 983; x_wconf 70' lang='grc' dir='ltr'><strong><em>οὖν</em></strong></span> <span class='ocrx_word' id='word_1_119' title='bbox 1503 935 1613 984; x_wconf 68' lang='grc' dir='ltr'><strong><em>οὗτοι</em></strong></span> 
     </span>
     <span class='ocr_line' id='line_1_15' title="bbox 179 1005 1613 1062; baseline 0 -14"><span class='ocrx_word' id='word_1_120' title='bbox 179 1007 251 1061; x_wconf 83' lang='grc' dir='ltr'><strong><em>τὴν</em></strong></span> <span class='ocrx_word' id='word_1_121' title='bbox 279 1007 464 1061; x_wconf 79' lang='grc' dir='ltr'><strong><em>τοιαύτην</em></strong></span> <span class='ocrx_word' id='word_1_122' title='bbox 494 1012 613 1061; x_wconf 80' lang='grc' dir='ltr'><strong><em>νῆσον</em></strong></span> <span class='ocrx_word' id='word_1_123' title='bbox 638 1006 1012 1062; x_wconf 81' lang='grc' dir='ltr'><strong><em>προσαναπαύουσιν</em></strong></span> <span class='ocrx_word' id='word_1_124' title='bbox 1033 1007 1199 1057; x_wconf 69' lang='grc' dir='ltr'><strong><em>ἑαυτοὺς</em></strong></span> <span class='ocrx_word' id='word_1_125' title='bbox 1217 1010 1336 1051; x_wconf 83' lang='grc' dir='ltr'><strong><em>ἐκεῖσε</em></strong></span> <span class='ocrx_word' id='word_1_126' title='bbox 1358 1008 1431 1057; x_wconf 68' lang='grc' dir='ltr'><strong><em>ἕως</em></strong></span> <span class='ocrx_word' id='word_1_127' title='bbox 1452 1005 1524 1049; x_wconf 76' lang='grc' dir='ltr'><strong><em>ὁύο</em></strong></span> <span class='ocrx_word' id='word_1_128' title='bbox 1545 1009 1613 1049; x_wconf 79' lang='grc' dir='ltr'><strong><em>καὶ</em></strong></span> 
     </span>
     <span class='ocr_line' id='line_1_16' title="bbox 179 1072 1614 1130; baseline -0.001 -14"><span class='ocrx_word' id='word_1_129' title='bbox 179 1078 298 1130; x_wconf 81' lang='grc' dir='ltr'><strong><em>τριῶν</em></strong></span> <span class='ocrx_word' id='word_1_130' title='bbox 330 1073 488 1130; x_wconf 74' lang='grc' dir='ltr'><strong><em>ἡμερῶν</em></strong></span> <span class='ocrx_word' id='word_1_131' title='bbox 497 1105 510 1125; x_wconf 87' lang='grc'><strong><em>,</em></strong></span> <span class='ocrx_word' id='word_1_132' title='bbox 545 1075 610 1115; x_wconf 85' lang='grc' dir='ltr'><strong><em>καὶ</em></strong></span> <span class='ocrx_word' id='word_1_133' title='bbox 638 1072 756 1114; x_wconf 85' lang='grc' dir='ltr'><strong><em>πάλιν</em></strong></span> <span class='ocrx_word' id='word_1_134' title='bbox 786 1075 836 1116; x_wconf 82' lang='grc' dir='ltr'><strong><em>τὰ</em></strong></span> <span class='ocrx_word' id='word_1_135' title='bbox 866 1074 1017 1117; x_wconf 73' lang='grc' dir='ltr'><strong><em>ἑαυτῶν</em></strong></span> <span class='ocrx_word' id='word_1_136' title='bbox 1042 1073 1242 1128; x_wconf 80' lang='grc' dir='ltr'><strong><em>μονόξυλα</em></strong></span> <span class='ocrx_word' id='word_1_137' title='bbox 1266 1076 1321 1124; x_wconf 81' lang='grc' dir='ltr'><strong><em>εἲς</em></strong></span> <span class='ocrx_word' id='word_1_138' title='bbox 1345 1072 1441 1124; x_wconf 78' lang='grc' dir='ltr'><strong><em>ὅσας</em></strong></span> <span class='ocrx_word' id='word_1_139' title='bbox 1464 1073 1512 1115; x_wconf 62' lang='grc' dir='ltr'><strong><em>ἂν</em></strong></span> <span class='ocrx_word' id='word_1_140' title='bbox 1532 1074 1614 1115; x_wconf 79' lang='grc' dir='ltr'><strong><em>λεί-</em></strong></span> 
     </span>
     <span class='ocr_line' id='line_1_17' title="bbox 178 1139 1614 1197; baseline 0 -15"><span class='ocrx_word' id='word_1_141' title='bbox 178 1158 328 1183; x_wconf 86' lang='grc' dir='ltr'><strong><em>πωνται</em></strong></span> <span class='ocrx_word' id='word_1_142' title='bbox 351 1142 488 1196; x_wconf 86' lang='grc' dir='ltr'><strong><em>χρείας</em></strong></span> <span class='ocrx_word' id='word_1_143' title='bbox 518 1145 834 1196; x_wconf 85' lang='grc' dir='ltr'><strong><em>περιποιοῦνται,</em></strong></span> <span class='ocrx_word' id='word_1_144' title='bbox 868 1140 918 1184; x_wconf 82' lang='grc' dir='ltr'><strong><em>τά</em></strong></span> <span class='ocrx_word' id='word_1_145' title='bbox 942 1159 984 1184; x_wconf 86' lang='grc' dir='ltr'><strong><em>τε</em></strong></span> <span class='ocrx_word' id='word_1_146' title='bbox 1009 1141 1159 1197; x_wconf 72' lang='grc' dir='ltr'><strong><em>ἄρμενα</em></strong></span> <span class='ocrx_word' id='word_1_147' title='bbox 1181 1140 1314 1183; x_wconf 78' lang='grc' dir='ltr'><strong><em>καὶτὰ</em></strong></span> <span class='ocrx_word' id='word_1_148' title='bbox 1333 1139 1527 1196; x_wconf 80' lang='grc' dir='ltr'><strong><em>κατάρτια</em></strong></span> <span class='ocrx_word' id='word_1_149' title='bbox 1547 1141 1614 1182; x_wconf 80' lang='grc' dir='ltr'><strong><em>καὶ</em></strong></span> 
     </span>
     <span class='ocr_line' id='line_1_18' title="bbox 178 1205 1666 1263; baseline 0.001 -13"><span class='ocrx_word' id='word_1_150' title='bbox 178 1208 227 1250; x_wconf 84' lang='grc' dir='ltr'><strong><em>τὰ</em></strong></span> <span class='ocrx_word' id='word_1_151' title='bbox 259 1209 418 1261; x_wconf 76' lang='grc' dir='ltr'><strong><em>αὖχένια</em></strong></span> <span class='ocrx_word' id='word_1_152' title='bbox 449 1206 547 1262; x_wconf 78' lang='grc' dir='ltr'><strong><em>ἅπερ</em></strong></span> <span class='ocrx_word' id='word_1_153' title='bbox 576 1209 839 1263; x_wconf 73' lang='grc' dir='ltr'><strong><em>ἐπιφέρονται.</em></strong></span> <span class='ocrx_word' id='word_1_154' title='bbox 907 1210 988 1250; x_wconf 80' lang='grc' dir='ltr'><strong><em>ἐπεὶ</em></strong></span> <span class='ocrx_word' id='word_1_155' title='bbox 1015 1210 1058 1250; x_wconf 78' lang='grc' dir='ltr'><strong><em>δὲ</em></strong></span> <span class='ocrx_word' id='word_1_156' title='bbox 1085 1209 1130 1251; x_wconf 83' lang='grc' dir='ltr'><strong><em>τὸ</em></strong></span> <span class='ocrx_word' id='word_1_157' title='bbox 1161 1205 1326 1261; x_wconf 85' lang='grc' dir='ltr'><strong><em>στόμιον</em></strong></span> <span class='ocrx_word' id='word_1_158' title='bbox 1344 1211 1415 1251; x_wconf 84' lang='grc' dir='ltr'><strong><em>τοῦ</em></strong></span> <span class='ocrx_word' id='word_1_159' title='bbox 1431 1206 1610 1249; x_wconf 81' lang='grc' dir='ltr'><strong><em>τοιούτου</em></strong></span> <span class='ocrx_word' id='word_1_160' title='bbox 1624 1215 1666 1252; x_wconf 84' lang='grc'><strong>15</strong></span> 
     </span>
     <span class='ocr_line' id='line_1_19' title="bbox 178 1273 1613 1331; baseline -0.001 -15"><span class='ocrx_word' id='word_1_161' title='bbox 178 1280 360 1327; x_wconf 86' lang='grc' dir='ltr'><strong><em>ποταμοῦ</em></strong></span> <span class='ocrx_word' id='word_1_162' title='bbox 381 1276 485 1316; x_wconf 82' lang='grc' dir='ltr'><strong><em>ἐστὶν</em></strong></span> <span class='ocrx_word' id='word_1_163' title='bbox 506 1273 531 1327; x_wconf 77' lang='grc' dir='ltr'>ἦ</span> <span class='ocrx_word' id='word_1_164' title='bbox 554 1273 715 1328; x_wconf 77' lang='grc' dir='ltr'><strong><em>τοιαύτη</em></strong></span> <span class='ocrx_word' id='word_1_165' title='bbox 735 1276 874 1329; x_wconf 83' lang='grc' dir='ltr'><strong><em>λίμνη,</em></strong></span> <span class='ocrx_word' id='word_1_166' title='bbox 901 1275 1040 1324; x_wconf 75' lang='grc' dir='ltr'><strong><em>καθὼς</em></strong></span> <span class='ocrx_word' id='word_1_167' title='bbox 1057 1275 1206 1331; x_wconf 71' lang='grc' dir='ltr'><strong><em>εἴρηται</em></strong></span> <span class='ocrx_word' id='word_1_168' title='bbox 1218 1306 1230 1325; x_wconf 90' lang='grc'><strong><em>,</em></strong></span> <span class='ocrx_word' id='word_1_169' title='bbox 1259 1275 1324 1316; x_wconf 80' lang='grc' dir='ltr'><strong><em>καὶ</em></strong></span> <span class='ocrx_word' id='word_1_170' title='bbox 1345 1280 1486 1331; x_wconf 87' lang='grc' dir='ltr'><strong><em>κρατεῖ</em></strong></span> <span class='ocrx_word' id='word_1_171' title='bbox 1497 1274 1613 1329; x_wconf 75' lang='grc' dir='ltr'><strong><em>μέχρι</em></strong></span> 
     </span>
     <span class='ocr_line' id='line_1_20' title="bbox 178 1338 1612 1397; baseline -0.002 -14"><span class='ocrx_word' id='word_1_172' title='bbox 178 1345 250 1395; x_wconf 80' lang='grc' dir='ltr'><strong><em>τῆς</em></strong></span> <span class='ocrx_word' id='word_1_173' title='bbox 278 1339 510 1394; x_wconf 76' lang='grc' dir='ltr'><strong><em>θαλάσσης,</em></strong></span> <span class='ocrx_word' id='word_1_174' title='bbox 546 1343 610 1382; x_wconf 85' lang='grc' dir='ltr'><strong><em>καὶ</em></strong></span> <span class='ocrx_word' id='word_1_175' title='bbox 637 1341 737 1397; x_wconf 85' lang='grc' dir='ltr'><strong><em>πρὸς</em></strong></span> <span class='ocrx_word' id='word_1_176' title='bbox 755 1341 826 1394; x_wconf 80' lang='grc' dir='ltr'><strong><em>τὴν</em></strong></span> <span class='ocrx_word' id='word_1_177' title='bbox 846 1339 1060 1384; x_wconf 74' lang='grc' dir='ltr'><strong><em>θάλασσαν</em></strong></span> <span class='ocrx_word' id='word_1_178' title='bbox 1079 1348 1200 1383; x_wconf 88' lang='grc' dir='ltr'><strong><em>κεῖται</em></strong></span> <span class='ocrx_word' id='word_1_179' title='bbox 1221 1340 1246 1395; x_wconf 77' lang='grc' dir='ltr'><strong><em>ἦ</em></strong></span> <span class='ocrx_word' id='word_1_180' title='bbox 1268 1345 1386 1394; x_wconf 81' lang='grc' dir='ltr'><strong><em>νῆσος</em></strong></span> <span class='ocrx_word' id='word_1_181' title='bbox 1407 1346 1478 1382; x_wconf 86' lang='grc' dir='ltr'><strong><em>τοῦ</em></strong></span> <span class='ocrx_word' id='word_1_182' title='bbox 1497 1338 1612 1395; x_wconf 74' lang='grc' dir='ltr'><strong><em>ἁγίου</em></strong></span> 
     </span>
     <span class='ocr_line' id='line_1_21' title="bbox 178 1405 1612 1464; baseline -0.001 -14"><span class='ocrx_word' id='word_1_183' title='bbox 178 1409 376 1463; x_wconf 72' lang='grc' dir='ltr'><strong><em>Αἷθερίου</em></strong></span> <span class='ocrx_word' id='word_1_184' title='bbox 386 1439 399 1459; x_wconf 93' lang='grc'><strong><em>,</em></strong></span> <span class='ocrx_word' id='word_1_185' title='bbox 435 1409 476 1449; x_wconf 88' lang='grc' dir='ltr'><strong><em>ἐκ</em></strong></span> <span class='ocrx_word' id='word_1_186' title='bbox 497 1412 574 1449; x_wconf 86' lang='grc' dir='ltr'><strong><em>τῶν</em></strong></span> <span class='ocrx_word' id='word_1_187' title='bbox 596 1409 714 1449; x_wconf 86' lang='grc' dir='ltr'><strong><em>ἐκεῖσε</em></strong></span> <span class='ocrx_word' id='word_1_188' title='bbox 737 1407 970 1463; x_wconf 74' lang='grc' dir='ltr'><strong><em>ἀπέρχονται</em></strong></span> <span class='ocrx_word' id='word_1_189' title='bbox 989 1408 1088 1463; x_wconf 83' lang='grc' dir='ltr'><strong><em>πρὸς</em></strong></span> <span class='ocrx_word' id='word_1_190' title='bbox 1106 1409 1173 1449; x_wconf 83' lang='grc' dir='ltr'><strong><em>τὸν</em></strong></span> <span class='ocrx_word' id='word_1_191' title='bbox 1192 1406 1404 1464; x_wconf 82' lang='grc' dir='ltr'><strong><em>Δάναπριν</em></strong></span> <span class='ocrx_word' id='word_1_192' title='bbox 1420 1405 1612 1461; x_wconf 86' lang='grc' dir='ltr'><strong><em>ποταμόν,</em></strong></span> 
     </span>
     <span class='ocr_line' id='line_1_22' title="bbox 179 1473 1614 1529; baseline -0.002 -13"><span class='ocrx_word' id='word_1_193' title='bbox 179 1477 243 1516; x_wconf 82' lang='grc' dir='ltr'><strong><em>καὶ</em></strong></span> <span class='ocrx_word' id='word_1_194' title='bbox 284 1475 548 1524; x_wconf 76' lang='grc' dir='ltr'><strong><em>διασωθέντες</em></strong></span> <span class='ocrx_word' id='word_1_195' title='bbox 579 1476 699 1516; x_wconf 87' lang='grc' dir='ltr'><strong><em>ἐκεῖσε</em></strong></span> <span class='ocrx_word' id='word_1_196' title='bbox 731 1473 849 1515; x_wconf 84' lang='grc' dir='ltr'><strong><em>πάλιν</em></strong></span> <span class='ocrx_word' id='word_1_197' title='bbox 880 1473 1162 1516; x_wconf 80' lang='grc' dir='ltr'><strong><em>ἀναπαύονται.</em></strong></span> <span class='ocrx_word' id='word_1_198' title='bbox 1229 1473 1344 1528; x_wconf 74' lang='grc' dir='ltr'><strong><em>ἡνίκα</em></strong></span> <span class='ocrx_word' id='word_1_199' title='bbox 1376 1474 1421 1517; x_wconf 76' lang='grc' dir='ltr'><strong><em>δὲ</em></strong></span> <span class='ocrx_word' id='word_1_200' title='bbox 1454 1474 1614 1529; x_wconf 70' lang='grc' dir='ltr'><strong><em>γένηται</em></strong></span> 
     </span>
     <span class='ocr_line' id='line_1_23' title="bbox 178 1540 1668 1597; baseline 0.001 -14"><span class='ocrx_word' id='word_1_201' title='bbox 178 1542 315 1597; x_wconf 84' lang='grc' dir='ltr'><strong><em>καιρὸς</em></strong></span> <span class='ocrx_word' id='word_1_202' title='bbox 339 1540 574 1595; x_wconf 78' lang='grc' dir='ltr'><strong><em>ἐπιτήδειος,</em></strong></span> <span class='ocrx_word' id='word_1_203' title='bbox 609 1540 962 1591; x_wconf 80' lang='grc' dir='ltr'><strong><em>ἀποσκαλώσαντες</em></strong></span> <span class='ocrx_word' id='word_1_204' title='bbox 983 1541 1161 1597; x_wconf 64' lang='grc' dir='ltr'><strong><em>ἔρχονται</em></strong></span> <span class='ocrx_word' id='word_1_205' title='bbox 1185 1543 1238 1590; x_wconf 81' lang='grc' dir='ltr'><strong><em>εἷς</em></strong></span> <span class='ocrx_word' id='word_1_206' title='bbox 1258 1540 1325 1582; x_wconf 84' lang='grc' dir='ltr'><strong><em>τὸν</em></strong></span> <span class='ocrx_word' id='word_1_207' title='bbox 1347 1540 1524 1594; x_wconf 80' lang='grc' dir='ltr'><strong><em>ποταμὸν</em></strong></span> <span class='ocrx_word' id='word_1_208' title='bbox 1544 1540 1668 1584; x_wconf 81' lang='grc' dir='ltr'><strong><em>τὸν20</em></strong></span> 
     </span>
     <span class='ocr_line' id='line_1_24' title="bbox 178 1605 1613 1663; baseline -0.001 -14"><span class='ocrx_word' id='word_1_209' title='bbox 178 1607 449 1663; x_wconf 76' lang='grc' dir='ltr'><strong><em>ἐπιλεγόμενον</em></strong></span> <span class='ocrx_word' id='word_1_210' title='bbox 470 1607 664 1663; x_wconf 77' lang='grc' dir='ltr'><strong><em>Ἄσπρον,</em></strong></span> <span class='ocrx_word' id='word_1_211' title='bbox 699 1610 763 1649; x_wconf 83' lang='grc' dir='ltr'><strong><em>καὶ</em></strong></span> <span class='ocrx_word' id='word_1_212' title='bbox 793 1607 938 1662; x_wconf 82' lang='grc' dir='ltr'><strong><em>ὁμοίως</em></strong></span> <span class='ocrx_word' id='word_1_213' title='bbox 965 1609 1118 1650; x_wconf 80' lang='grc' dir='ltr'><strong><em>κάκεῖσε</em></strong></span> <span class='ocrx_word' id='word_1_214' title='bbox 1148 1606 1469 1660; x_wconf 80' lang='grc' dir='ltr'><strong><em>ἀναπαυσάμενοι</em></strong></span> <span class='ocrx_word' id='word_1_215' title='bbox 1496 1605 1613 1648; x_wconf 82' lang='grc' dir='ltr'><strong><em>πάλιν</em></strong></span> 
     </span>
     <span class='ocr_line' id='line_1_25' title="bbox 180 1674 1614 1731; baseline -0.001 -15"><span class='ocrx_word' id='word_1_216' title='bbox 180 1676 454 1724; x_wconf 83' lang='grc' dir='ltr'><strong><em>ἀποκινοῦντες</em></strong></span> <span class='ocrx_word' id='word_1_217' title='bbox 473 1674 652 1731; x_wconf 63' lang='grc' dir='ltr'><strong><em>ἔρχονται</em></strong></span> <span class='ocrx_word' id='word_1_218' title='bbox 673 1677 727 1723; x_wconf 78' lang='grc' dir='ltr'><strong><em>εἷς</em></strong></span> <span class='ocrx_word' id='word_1_219' title='bbox 745 1675 813 1716; x_wconf 85' lang='grc' dir='ltr'><strong><em>τὸν</em></strong></span> <span class='ocrx_word' id='word_1_220' title='bbox 835 1674 1000 1717; x_wconf 76' lang='grc' dir='ltr'><strong><em>Σελινάν</em></strong></span> <span class='ocrx_word' id='word_1_221' title='bbox 1011 1706 1023 1726; x_wconf 95' lang='grc'><strong><em>,</em></strong></span> <span class='ocrx_word' id='word_1_222' title='bbox 1059 1677 1112 1724; x_wconf 81' lang='grc' dir='ltr'><strong><em>εἷς</em></strong></span> <span class='ocrx_word' id='word_1_223' title='bbox 1132 1675 1177 1716; x_wconf 81' lang='grc' dir='ltr'><strong><em>τὸ</em></strong></span> <span class='ocrx_word' id='word_1_224' title='bbox 1199 1679 1270 1716; x_wconf 81' lang='grc' dir='ltr'><strong><em>τοῦ</em></strong></span> <span class='ocrx_word' id='word_1_225' title='bbox 1289 1674 1517 1727; x_wconf 83' lang='grc' dir='ltr'><strong><em>Λανουβίου</em></strong></span> <span class='ocrx_word' id='word_1_226' title='bbox 1538 1677 1614 1714; x_wconf 89' lang='grc' dir='ltr'><strong><em>πο-</em></strong></span> 
     </span>
     <span class='ocr_line' id='line_1_26' title="bbox 179 1736 1614 1797; baseline -0.003 -13"><span class='ocrx_word' id='word_1_227' title='bbox 179 1747 307 1795; x_wconf 83' lang='grc' dir='ltr'><strong><em>ταμοῦ</em></strong></span> <span class='ocrx_word' id='word_1_228' title='bbox 329 1740 536 1797; x_wconf 79' lang='grc' dir='ltr'><strong><em>λεγόμενον</em></strong></span> <span class='ocrx_word' id='word_1_229' title='bbox 558 1740 843 1797; x_wconf 82' lang='grc' dir='ltr'><strong><em>παρακλάὸιον.</em></strong></span> <span class='ocrx_word' id='word_1_230' title='bbox 910 1744 976 1784; x_wconf 88' lang='grc' dir='ltr'><strong><em>καὶ</em></strong></span> <span class='ocrx_word' id='word_1_231' title='bbox 997 1742 1069 1791; x_wconf 70' lang='grc' dir='ltr'><strong><em>ἕως</em></strong></span> <span class='ocrx_word' id='word_1_232' title='bbox 1086 1736 1133 1783; x_wconf 71' lang='grc' dir='ltr'><strong><em>οὗ</em></strong></span> <span class='ocrx_word' id='word_1_233' title='bbox 1152 1742 1341 1783; x_wconf 73' lang='grc' dir='ltr'><strong><em>διέλθωσι</em></strong></span> <span class='ocrx_word' id='word_1_234' title='bbox 1360 1740 1429 1782; x_wconf 84' lang='grc' dir='ltr'><strong><em>τὸν</em></strong></span> <span class='ocrx_word' id='word_1_235' title='bbox 1448 1739 1614 1782; x_wconf 81' lang='grc' dir='ltr'><strong><em>Σελινὰν</em></strong></span> 
     </span>
    </p>
   </div>
   <div class='ocr_carea' id='block_1_5' title="bbox 266 1875 1616 2003">
    <p class='ocr_par' dir='ltr' id='par_1_6' title="bbox 266 1875 1616 2003">
     <span class='ocr_line' id='line_1_27' title="bbox 266 1875 1612 1922; baseline -0.001 -10"><span class='ocrx_word' id='word_1_236' title='bbox 266 1879 289 1913; x_wconf 91' lang='grc'>6</span> <span class='ocrx_word' id='word_1_237' title='bbox 327 1878 398 1912; x_wconf 78' lang='grc' dir='ltr'><strong><em>εἴτε</em></strong></span> <span class='ocrx_word' id='word_1_238' title='bbox 435 1876 497 1912; x_wconf 80' lang='grc' dir='ltr'><strong><em>καὶ</em></strong></span> <span class='ocrx_word' id='word_1_239' title='bbox 534 1879 665 1921; x_wconf 79' lang='grc' dir='ltr'><strong><em>φαγεῖν</em></strong></span> <span class='ocrx_word' id='word_1_240' title='bbox 706 1877 777 1912; x_wconf 84' lang='grc' dir='ltr'><strong><em>εἴτε</em></strong></span> <span class='ocrx_word' id='word_1_241' title='bbox 815 1877 875 1911; x_wconf 82' lang='grc' dir='ltr'><strong><em>καὶ</em></strong></span> <span class='ocrx_word' id='word_1_242' title='bbox 913 1876 1050 1922; x_wconf 77' lang='grc' dir='ltr'><strong><em>σφάξαι</em></strong></span> <span class='ocrx_word' id='word_1_243' title='bbox 1088 1875 1223 1917; x_wconf 70' lang='grc' dir='ltr'><strong><em>αὐτούς</em></strong></span> <span class='ocrx_word' id='word_1_244' title='bbox 1259 1876 1452 1912; x_wconf 81' lang='lat' dir='ltr'>Bandurius</span> <span class='ocrx_word' id='word_1_245' title='bbox 1475 1887 1551 1911; x_wconf 83' lang='lat' dir='ltr'><strong><em>cum</em></strong></span> <span class='ocrx_word' id='word_1_246' title='bbox 1572 1875 1612 1910; x_wconf 88' lang='lat' dir='ltr'>M</span> 
     </span>
     <span class='ocr_line' id='line_1_28' title="bbox 268 1918 1616 1967; baseline -0.001 -10"><span class='ocrx_word' id='word_1_247' title='bbox 268 1920 388 1957; x_wconf 77' lang='grc' dir='ltr'><strong><em>ἐάσειν</em></strong></span> <span class='ocrx_word' id='word_1_248' title='bbox 409 1921 547 1962; x_wconf 77' lang='grc' dir='ltr'><strong><em>αὐτούς</em></strong></span> <span class='ocrx_word' id='word_1_249' title='bbox 569 1925 597 1957; x_wconf 91' lang='grc' dir='ltr'>Β</span> <span class='ocrx_word' id='word_1_250' title='bbox 697 1925 719 1958; x_wconf 90' lang='grc'>7</span> <span class='ocrx_word' id='word_1_251' title='bbox 742 1920 788 1957; x_wconf 88' lang='grc' dir='ltr'><strong><em>ου’</em></strong></span> <span class='ocrx_word' id='word_1_252' title='bbox 810 1923 877 1957; x_wconf 84' lang='lat' dir='ltr'><strong><em>add</em></strong></span> <span class='ocrx_word' id='word_1_253' title='bbox 900 1922 927 1956; x_wconf 88' lang='lat' dir='ltr'><strong>B</strong></span> <span class='ocrx_word' id='word_1_254' title='bbox 1029 1924 1071 1958; x_wconf 85' lang='lat'><strong><em>11</em></strong></span> <span class='ocrx_word' id='word_1_255' title='bbox 1094 1920 1262 1967; x_wconf 76' lang='grc' dir='ltr'><strong><em>ἐθαιρίου</em></strong></span> <span class='ocrx_word' id='word_1_256' title='bbox 1286 1923 1344 1957; x_wconf 87' lang='lat' dir='ltr'><strong><em>BP</em></strong></span> <span class='ocrx_word' id='word_1_257' title='bbox 1432 1922 1478 1956; x_wconf 77' lang='lat'><strong><em>20</em></strong></span> <span class='ocrx_word' id='word_1_258' title='bbox 1498 1918 1616 1964; x_wconf 69' lang='grc' dir='ltr'><strong><em>ταρὸς</em></strong></span> 
     </span>
     <span class='ocr_line' id='line_1_29' title="bbox 269 1967 647 2003; baseline 0 0"><span class='ocrx_word' id='word_1_259' title='bbox 269 1970 347 2003; x_wconf 80' lang='lat' dir='ltr'><strong><em>BP:</em></strong></span> <span class='ocrx_word' id='word_1_260' title='bbox 373 1980 451 2003; x_wconf 86' lang='lat' dir='ltr'>corr</span> <span class='ocrx_word' id='word_1_261' title='bbox 473 1967 647 2003; x_wconf 81' lang='lat' dir='ltr'>Meursius</span> 
     </span>
    </p>
   </div>
   <div class='ocr_carea' id='block_1_6' title="bbox 177 2086 1630 2805">
    <p class='ocr_par' dir='ltr' id='par_1_7' title="bbox 177 2086 1630 2805">
     <span class='ocr_line' id='line_1_30' title="bbox 179 2086 1615 2134; baseline -0.003 -10"><span class='ocrx_word' id='word_1_262' title='bbox 179 2091 351 2134; x_wconf 82' lang='lat' dir='ltr'>ingentem</span> <span class='ocrx_word' id='word_1_263' title='bbox 377 2101 538 2134; x_wconf 85' lang='lat' dir='ltr'>quercum</span> <span class='ocrx_word' id='word_1_264' title='bbox 565 2089 734 2124; x_wconf 81' lang='lat' dir='ltr'>sacrificia</span> <span class='ocrx_word' id='word_1_265' title='bbox 756 2089 884 2123; x_wconf 85' lang='lat' dir='ltr'>obeunt</span> <span class='ocrx_word' id='word_1_266' title='bbox 904 2086 1130 2132; x_wconf 75' lang='lat' dir='ltr'>viventesque</span> <span class='ocrx_word' id='word_1_267' title='bbox 1151 2098 1234 2122; x_wconf 81' lang='lat' dir='ltr'>aves</span> <span class='ocrx_word' id='word_1_268' title='bbox 1257 2086 1442 2121; x_wconf 84' lang='lat' dir='ltr'>immolant.</span> <span class='ocrx_word' id='word_1_269' title='bbox 1488 2086 1615 2120; x_wconf 80' lang='lat' dir='ltr'>circum</span> 
     </span>
     <span class='ocr_line' id='line_1_31' title="bbox 180 2131 1617 2179; baseline -0.002 -11"><span class='ocrx_word' id='word_1_270' title='bbox 180 2141 291 2169; x_wconf 86' lang='lat' dir='ltr'>autem</span> <span class='ocrx_word' id='word_1_271' title='bbox 313 2135 457 2178; x_wconf 80' lang='lat' dir='ltr'>sagittas</span> <span class='ocrx_word' id='word_1_272' title='bbox 479 2136 649 2179; x_wconf 84' lang='lat' dir='ltr'>defigunt,</span> <span class='ocrx_word' id='word_1_273' title='bbox 675 2135 735 2168; x_wconf 88' lang='lat' dir='ltr'>alii</span> <span class='ocrx_word' id='word_1_274' title='bbox 756 2145 838 2167; x_wconf 89' lang='lat' dir='ltr'>vero</span> <span class='ocrx_word' id='word_1_275' title='bbox 862 2145 968 2178; x_wconf 82' lang='lat' dir='ltr'>panes</span> <span class='ocrx_word' id='word_1_276' title='bbox 991 2138 1027 2166; x_wconf 85' lang='lat' dir='ltr'>et</span> <span class='ocrx_word' id='word_1_277' title='bbox 1047 2144 1167 2167; x_wconf 82' lang='lat' dir='ltr'>carnes</span> <span class='ocrx_word' id='word_1_278' title='bbox 1189 2136 1248 2166; x_wconf 84' lang='lat' dir='ltr'><strong><em>aut</em></strong></span> <span class='ocrx_word' id='word_1_279' title='bbox 1265 2132 1352 2175; x_wconf 82' lang='lat' dir='ltr'>alia,</span> <span class='ocrx_word' id='word_1_280' title='bbox 1375 2134 1478 2176; x_wconf 85' lang='lat' dir='ltr'>prout</span> <span class='ocrx_word' id='word_1_281' title='bbox 1492 2131 1617 2175; x_wconf 79' lang='lat' dir='ltr'>cuique</span> 
     </span>
     <span class='ocr_line' id='line_1_32' title="bbox 179 2176 1615 2224; baseline -0.003 -10"><span class='ocrx_word' id='word_1_282' title='bbox 179 2179 351 2224; x_wconf 77' lang='lat' dir='ltr'><strong>suppetit:</strong></span> <span class='ocrx_word' id='word_1_283' title='bbox 375 2180 410 2212; x_wconf 90' lang='lat' dir='ltr'>id</span> <span class='ocrx_word' id='word_1_284' title='bbox 434 2180 522 2213; x_wconf 87' lang='lat' dir='ltr'>enim</span> <span class='ocrx_word' id='word_1_285' title='bbox 545 2181 580 2213; x_wconf 89' lang='lat' dir='ltr'>in</span> <span class='ocrx_word' id='word_1_286' title='bbox 604 2191 697 2213; x_wconf 82' lang='lat' dir='ltr'>more</span> <span class='ocrx_word' id='word_1_287' title='bbox 721 2180 858 2214; x_wconf 81' lang='lat' dir='ltr'>habent.</span> <span class='ocrx_word' id='word_1_288' title='bbox 890 2183 1001 2212; x_wconf 77' lang='lat' dir='ltr'><strong>sortes</strong></span> <span class='ocrx_word' id='word_1_289' title='bbox 1021 2179 1101 2211; x_wconf 88' lang='lat' dir='ltr'>item</span> <span class='ocrx_word' id='word_1_290' title='bbox 1123 2178 1262 2211; x_wconf 81' lang='lat' dir='ltr'>mittunt</span> <span class='ocrx_word' id='word_1_291' title='bbox 1279 2177 1322 2210; x_wconf 86' lang='lat' dir='ltr'>de</span> <span class='ocrx_word' id='word_1_292' title='bbox 1341 2177 1476 2219; x_wconf 82' lang='lat' dir='ltr'>avibus,</span> <span class='ocrx_word' id='word_1_293' title='bbox 1500 2176 1615 2219; x_wconf 85' lang='lat' dir='ltr'>edere,</span> 
     </span>
     <span class='ocr_line' id='line_1_33' title="bbox 180 2220 1616 2267; baseline -0.003 -9"><span class='ocrx_word' id='word_1_294' title='bbox 180 2236 225 2258; x_wconf 85' lang='lat' dir='ltr'><strong><em>an</em></strong></span> <span class='ocrx_word' id='word_1_295' title='bbox 256 2225 433 2267; x_wconf 85' lang='lat' dir='ltr'>occidere,</span> <span class='ocrx_word' id='word_1_296' title='bbox 472 2236 515 2257; x_wconf 84' lang='lat' dir='ltr'><strong><em>an</em></strong></span> <span class='ocrx_word' id='word_1_297' title='bbox 548 2225 647 2258; x_wconf 86' lang='lat' dir='ltr'>vivas</span> <span class='ocrx_word' id='word_1_298' title='bbox 678 2224 754 2258; x_wconf 81' lang='lat' dir='ltr'>illas</span> <span class='ocrx_word' id='word_1_299' title='bbox 787 2223 959 2257; x_wconf 79' lang='lat' dir='ltr'>dimittere</span> <span class='ocrx_word' id='word_1_300' title='bbox 990 2224 1150 2256; x_wconf 85' lang='lat' dir='ltr'>debeant.</span> <span class='ocrx_word' id='word_1_301' title='bbox 1208 2222 1250 2255; x_wconf 77' lang='lat' dir='ltr'><strong><em>ab</em></strong></span> <span class='ocrx_word' id='word_1_302' title='bbox 1289 2222 1352 2254; x_wconf 82' lang='lat' dir='ltr'><strong><em>hac</em></strong></span> <span class='ocrx_word' id='word_1_303' title='bbox 1385 2232 1470 2255; x_wconf 86' lang='lat' dir='ltr'>vero</span> <span class='ocrx_word' id='word_1_304' title='bbox 1503 2220 1616 2254; x_wconf 75' lang='lat' dir='ltr'>insula</span> 
     </span>
     <span class='ocr_line' id='line_1_34' title="bbox 178 2264 1615 2310; baseline -0.003 -8"><span class='ocrx_word' id='word_1_305' title='bbox 178 2269 423 2302; x_wconf 81' lang='lat' dir='ltr'>Patzinacitam</span> <span class='ocrx_word' id='word_1_306' title='bbox 450 2269 552 2302; x_wconf 86' lang='lat' dir='ltr'>Russi</span> <span class='ocrx_word' id='word_1_307' title='bbox 578 2269 667 2303; x_wconf 85' lang='lat' dir='ltr'>nullo</span> <span class='ocrx_word' id='word_1_308' title='bbox 692 2268 790 2302; x_wconf 87' lang='lat' dir='ltr'>modo</span> <span class='ocrx_word' id='word_1_309' title='bbox 814 2272 984 2310; x_wconf 82' lang='lat' dir='ltr'>metuunt,</span> <span class='ocrx_word' id='word_1_310' title='bbox 1018 2267 1127 2300; x_wconf 87' lang='lat' dir='ltr'>donec</span> <span class='ocrx_word' id='word_1_311' title='bbox 1150 2266 1193 2300; x_wconf 82' lang='lat' dir='ltr'><strong><em>ad</em></strong></span> <span class='ocrx_word' id='word_1_312' title='bbox 1215 2265 1356 2300; x_wconf 88' lang='lat' dir='ltr'>fluvium</span> <span class='ocrx_word' id='word_1_313' title='bbox 1380 2266 1529 2300; x_wconf 82' lang='lat' dir='ltr'>Selinam</span> <span class='ocrx_word' id='word_1_314' title='bbox 1552 2264 1615 2298; x_wconf 87' lang='lat' dir='ltr'>de-</span> 
     </span>
     <span class='ocr_line' id='line_1_35' title="bbox 177 2309 1616 2359; baseline -0.003 -11"><span class='ocrx_word' id='word_1_315' title='bbox 177 2314 350 2348; x_wconf 75' lang='lat' dir='ltr'>venerint.</span> <span class='ocrx_word' id='word_1_316' title='bbox 397 2313 500 2346; x_wconf 88' lang='lat' dir='ltr'>istinc</span> <span class='ocrx_word' id='word_1_317' title='bbox 534 2325 637 2359; x_wconf 89' lang='lat' dir='ltr'>porro</span> <span class='ocrx_word' id='word_1_318' title='bbox 673 2317 848 2347; x_wconf 80' lang='lat' dir='ltr'>moventes</span> <span class='ocrx_word' id='word_1_319' title='bbox 878 2318 1037 2356; x_wconf 76' lang='lat' dir='ltr'>quattuor</span> <span class='ocrx_word' id='word_1_320' title='bbox 1067 2312 1190 2345; x_wconf 85' lang='lat' dir='ltr'>diebus</span> <span class='ocrx_word' id='word_1_321' title='bbox 1215 2311 1398 2354; x_wconf 78' lang='lat' dir='ltr'>navigant,</span> <span class='ocrx_word' id='word_1_322' title='bbox 1436 2311 1544 2344; x_wconf 86' lang='lat' dir='ltr'>donec</span> <span class='ocrx_word' id='word_1_323' title='bbox 1571 2309 1616 2343; x_wconf 79' lang='lat' dir='ltr'><strong><em>ad</em></strong></span> 
     </span>
     <span class='ocr_line' id='line_1_36' title="bbox 177 2354 1616 2404; baseline -0.003 -12"><span class='ocrx_word' id='word_1_324' title='bbox 177 2358 334 2404; x_wconf 85' lang='lat' dir='ltr'>paludem</span> <span class='ocrx_word' id='word_1_325' title='bbox 367 2358 516 2391; x_wconf 86' lang='lat' dir='ltr'>fluminis</span> <span class='ocrx_word' id='word_1_326' title='bbox 547 2358 668 2391; x_wconf 84' lang='lat' dir='ltr'>ostium</span> <span class='ocrx_word' id='word_1_327' title='bbox 699 2358 920 2402; x_wconf 81' lang='lat' dir='ltr'>perveniant,</span> <span class='ocrx_word' id='word_1_328' title='bbox 956 2357 1014 2390; x_wconf 92' lang='lat' dir='ltr'>ubi</span> <span class='ocrx_word' id='word_1_329' title='bbox 1045 2357 1085 2390; x_wconf 89' lang='lat' dir='ltr'><strong><em>S.</em></strong></span> <span class='ocrx_word' id='word_1_330' title='bbox 1118 2355 1275 2390; x_wconf 83' lang='lat' dir='ltr'>Aetherii</span> <span class='ocrx_word' id='word_1_331' title='bbox 1303 2355 1414 2389; x_wconf 71' lang='lat' dir='ltr'>insula</span> <span class='ocrx_word' id='word_1_332' title='bbox 1446 2354 1616 2395; x_wconf 80' lang='lat' dir='ltr'>cernitur3</span> 
     </span>
     <span class='ocr_line' id='line_1_37' title="bbox 179 2398 1616 2448; baseline -0.003 -11"><span class='ocrx_word' id='word_1_333' title='bbox 179 2414 279 2448; x_wconf 80' lang='lat' dir='ltr'>quam</span> <span class='ocrx_word' id='word_1_334' title='bbox 312 2403 347 2436; x_wconf 94' lang='lat' dir='ltr'>in</span> <span class='ocrx_word' id='word_1_335' title='bbox 378 2403 519 2436; x_wconf 86' lang='lat' dir='ltr'>insulam</span> <span class='ocrx_word' id='word_1_336' title='bbox 552 2408 730 2447; x_wconf 84' lang='lat' dir='ltr'><strong>postquam</strong></span> <span class='ocrx_word' id='word_1_337' title='bbox 762 2402 974 2448; x_wconf 75' lang='lat' dir='ltr'>appulerint,</span> <span class='ocrx_word' id='word_1_338' title='bbox 1010 2401 1062 2435; x_wconf 86' lang='lat' dir='ltr'>ibi</span> <span class='ocrx_word' id='word_1_339' title='bbox 1091 2401 1175 2435; x_wconf 85' lang='lat' dir='ltr'>duos</span> <span class='ocrx_word' id='word_1_340' title='bbox 1199 2406 1315 2434; x_wconf 83' lang='lat' dir='ltr'>tresve</span> <span class='ocrx_word' id='word_1_341' title='bbox 1341 2400 1415 2434; x_wconf 81' lang='lat' dir='ltr'>dies</span> <span class='ocrx_word' id='word_1_342' title='bbox 1439 2399 1476 2432; x_wconf 93' lang='lat' dir='ltr'>in</span> <span class='ocrx_word' id='word_1_343' title='bbox 1498 2398 1616 2443; x_wconf 81' lang='lat' dir='ltr'>quiete</span> 
     </span>
     <span class='ocr_line' id='line_1_38' title="bbox 178 2444 1616 2491; baseline -0.003 -10"><span class='ocrx_word' id='word_1_344' title='bbox 178 2448 391 2491; x_wconf 80' lang='lat' dir='ltr'>transigunt,</span> <span class='ocrx_word' id='word_1_345' title='bbox 427 2459 467 2480; x_wconf 84' lang='lat' dir='ltr'><strong><em>ac</em></strong></span> <span class='ocrx_word' id='word_1_346' title='bbox 499 2459 618 2481; x_wconf 83' lang='lat' dir='ltr'>rursus</span> <span class='ocrx_word' id='word_1_347' title='bbox 651 2449 834 2491; x_wconf 78' lang='lat' dir='ltr'>monoxyla</span> <span class='ocrx_word' id='word_1_348' title='bbox 855 2445 1079 2488; x_wconf 81' lang='lat' dir='ltr'>necessariis,</span> <span class='ocrx_word' id='word_1_349' title='bbox 1113 2445 1143 2478; x_wconf 86' lang='lat' dir='ltr'>si</span> <span class='ocrx_word' id='word_1_350' title='bbox 1167 2457 1234 2489; x_wconf 84' lang='lat' dir='ltr'><strong><em>qua</em></strong></span> <span class='ocrx_word' id='word_1_351' title='bbox 1255 2445 1396 2487; x_wconf 81' lang='lat' dir='ltr'>desunt,</span> <span class='ocrx_word' id='word_1_352' title='bbox 1431 2444 1616 2486; x_wconf 82' lang='lat' dir='ltr'>instruunt,</span> 
     </span>
     <span class='ocr_line' id='line_1_39' title="bbox 178 2487 1615 2536; baseline -0.004 -10"><span class='ocrx_word' id='word_1_353' title='bbox 178 2492 265 2526; x_wconf 81' lang='lat' dir='ltr'>velis</span> <span class='ocrx_word' id='word_1_354' title='bbox 287 2492 384 2526; x_wconf 80' lang='lat' dir='ltr'>maiis</span> <span class='ocrx_word' id='word_1_355' title='bbox 405 2491 522 2534; x_wconf 77' lang='lat' dir='ltr'>clavis,</span> <span class='ocrx_word' id='word_1_356' title='bbox 547 2503 635 2536; x_wconf 88' lang='lat' dir='ltr'>quae</span> <span class='ocrx_word' id='word_1_357' title='bbox 656 2503 770 2525; x_wconf 86' lang='lat' dir='ltr'>secum</span> <span class='ocrx_word' id='word_1_358' title='bbox 793 2492 965 2528; x_wconf 84' lang='lat' dir='ltr'>deferunt.</span> <span class='ocrx_word' id='word_1_359' title='bbox 997 2497 1032 2524; x_wconf 84' lang='lat' dir='ltr'><strong><em>at</em></strong></span> <span class='ocrx_word' id='word_1_360' title='bbox 1049 2490 1321 2534; x_wconf 79' lang='lat' dir='ltr'>quandoquidem</span> <span class='ocrx_word' id='word_1_361' title='bbox 1344 2488 1490 2523; x_wconf 84' lang='lat' dir='ltr'>fluminis</span> <span class='ocrx_word' id='word_1_362' title='bbox 1513 2487 1615 2521; x_wconf 81' lang='lat' dir='ltr'>huius</span> 
     </span>
     <span class='ocr_line' id='line_1_40' title="bbox 180 2531 1614 2580; baseline -0.004 -9"><span class='ocrx_word' id='word_1_363' title='bbox 180 2538 304 2572; x_wconf 85' lang='lat' dir='ltr'>ostium</span> <span class='ocrx_word' id='word_1_364' title='bbox 326 2537 410 2570; x_wconf 82' lang='lat' dir='ltr'>haec</span> <span class='ocrx_word' id='word_1_365' title='bbox 433 2536 531 2580; x_wconf 81' lang='lat' dir='ltr'>palus</span> <span class='ocrx_word' id='word_1_366' title='bbox 556 2542 627 2580; x_wconf 84' lang='lat' dir='ltr'>est,</span> <span class='ocrx_word' id='word_1_367' title='bbox 664 2542 703 2570; x_wconf 88' lang='lat' dir='ltr'><strong><em>ut</em></strong></span> <span class='ocrx_word' id='word_1_368' title='bbox 733 2537 901 2580; x_wconf 86' lang='lat' dir='ltr'>diximus,</span> <span class='ocrx_word' id='word_1_369' title='bbox 937 2540 972 2570; x_wconf 83' lang='lat' dir='ltr'>et</span> <span class='ocrx_word' id='word_1_370' title='bbox 996 2534 1142 2579; x_wconf 79' lang='lat' dir='ltr'>porrigit</span> <span class='ocrx_word' id='word_1_371' title='bbox 1165 2545 1203 2567; x_wconf 90' lang='lat' dir='ltr'>se</span> <span class='ocrx_word' id='word_1_372' title='bbox 1225 2545 1334 2578; x_wconf 88' lang='lat' dir='ltr'>usque</span> <span class='ocrx_word' id='word_1_373' title='bbox 1355 2533 1398 2567; x_wconf 84' lang='lat' dir='ltr'><strong><em>ad</em></strong></span> <span class='ocrx_word' id='word_1_374' title='bbox 1422 2543 1534 2576; x_wconf 82' lang='lat' dir='ltr'>mare,</span> <span class='ocrx_word' id='word_1_375' title='bbox 1569 2531 1614 2565; x_wconf 78' lang='lat' dir='ltr'><strong><em>ad</em></strong></span> 
     </span>
     <span class='ocr_line' id='line_1_41' title="bbox 178 2577 1630 2626; baseline -0.004 -10"><span class='ocrx_word' id='word_1_376' title='bbox 178 2583 270 2626; x_wconf 89' lang='lat' dir='ltr'>quod</span> <span class='ocrx_word' id='word_1_377' title='bbox 294 2582 396 2616; x_wconf 84' lang='lat' dir='ltr'>etiam</span> <span class='ocrx_word' id='word_1_378' title='bbox 418 2581 529 2615; x_wconf 80' lang='lat' dir='ltr'>insula</span> <span class='ocrx_word' id='word_1_379' title='bbox 551 2582 590 2615; x_wconf 86' lang='lat' dir='ltr'><strong><em>S.</em></strong></span> <span class='ocrx_word' id='word_1_380' title='bbox 613 2581 767 2616; x_wconf 85' lang='lat' dir='ltr'>Aetherii</span> <span class='ocrx_word' id='word_1_381' title='bbox 788 2581 857 2615; x_wconf 82' lang='lat' dir='ltr'>sita</span> <span class='ocrx_word' id='word_1_382' title='bbox 879 2584 952 2624; x_wconf 86' lang='lat' dir='ltr'>est,</span> <span class='ocrx_word' id='word_1_383' title='bbox 981 2579 1062 2614; x_wconf 88' lang='lat' dir='ltr'>inde</span> <span class='ocrx_word' id='word_1_384' title='bbox 1092 2580 1136 2613; x_wconf 80' lang='lat' dir='ltr'><strong><em>ad</em></strong></span> <span class='ocrx_word' id='word_1_385' title='bbox 1159 2579 1344 2623; x_wconf 79' lang='lat' dir='ltr'>Danaprim</span> <span class='ocrx_word' id='word_1_386' title='bbox 1363 2577 1504 2612; x_wconf 84' lang='lat' dir='ltr'>fluvium</span> <span class='ocrx_word' id='word_1_387' title='bbox 1529 2587 1630 2610; x_wconf 63' lang='lat' dir='ltr'>con-2</span> 
     </span>
     <span class='ocr_line' id='line_1_42' title="bbox 180 2623 1616 2670; baseline -0.006 -9"><span class='ocrx_word' id='word_1_388' title='bbox 180 2628 325 2670; x_wconf 86' lang='lat' dir='ltr'>cedunt,</span> <span class='ocrx_word' id='word_1_389' title='bbox 361 2638 428 2670; x_wconf 91' lang='lat' dir='ltr'><strong><em>quo</em></strong></span> <span class='ocrx_word' id='word_1_390' title='bbox 459 2637 533 2659; x_wconf 88' lang='lat' dir='ltr'><strong><em>cum</em></strong></span> <span class='ocrx_word' id='word_1_391' title='bbox 562 2625 650 2660; x_wconf 74' lang='lat' dir='ltr'>salvi</span> <span class='ocrx_word' id='word_1_392' title='bbox 684 2626 929 2669; x_wconf 84' lang='lat' dir='ltr'>pervenerint,</span> <span class='ocrx_word' id='word_1_393' title='bbox 960 2625 1137 2669; x_wconf 82' lang='lat' dir='ltr'>quiescere</span> <span class='ocrx_word' id='word_1_394' title='bbox 1169 2624 1292 2661; x_wconf 81' lang='lat' dir='ltr'>solent.</span> <span class='ocrx_word' id='word_1_395' title='bbox 1338 2623 1419 2656; x_wconf 86' lang='lat' dir='ltr'>inde</span> <span class='ocrx_word' id='word_1_396' title='bbox 1449 2631 1616 2655; x_wconf 84' lang='lat' dir='ltr'>exsceusu</span> 
     </span>
     <span class='ocr_line' id='line_1_43' title="bbox 177 2665 1616 2716; baseline -0.006 -10"><span class='ocrx_word' id='word_1_397' title='bbox 177 2673 271 2706; x_wconf 84' lang='lat' dir='ltr'>facto</span> <span class='ocrx_word' id='word_1_398' title='bbox 296 2670 453 2716; x_wconf 83' lang='lat' dir='ltr'>profecti,</span> <span class='ocrx_word' id='word_1_399' title='bbox 479 2671 509 2704; x_wconf 85' lang='lat' dir='ltr'>si</span> <span class='ocrx_word' id='word_1_400' title='bbox 531 2676 663 2715; x_wconf 83' lang='lat' dir='ltr'>tempus</span> <span class='ocrx_word' id='word_1_401' title='bbox 684 2671 811 2713; x_wconf 76' lang='lat' dir='ltr'>faveat,</span> <span class='ocrx_word' id='word_1_402' title='bbox 837 2671 958 2704; x_wconf 87' lang='lat' dir='ltr'>Album</span> <span class='ocrx_word' id='word_1_403' title='bbox 980 2669 1122 2703; x_wconf 84' lang='lat' dir='ltr'>fluvium</span> <span class='ocrx_word' id='word_1_404' title='bbox 1144 2674 1285 2713; x_wconf 79' lang='lat' dir='ltr'>petunt3</span> <span class='ocrx_word' id='word_1_405' title='bbox 1312 2672 1347 2701; x_wconf 84' lang='lat' dir='ltr'>et</span> <span class='ocrx_word' id='word_1_406' title='bbox 1368 2666 1438 2700; x_wconf 79' lang='lat' dir='ltr'>illic</span> <span class='ocrx_word' id='word_1_407' title='bbox 1459 2665 1616 2699; x_wconf 80' lang='lat' dir='ltr'>similiter</span> 
     </span>
     <span class='ocr_line' id='line_1_44' title="bbox 179 2709 1616 2756; baseline -0.004 -6"><span class='ocrx_word' id='word_1_408' title='bbox 179 2717 303 2750; x_wconf 85' lang='lat' dir='ltr'>refecti</span> <span class='ocrx_word' id='word_1_409' title='bbox 325 2727 457 2750; x_wconf 85' lang='lat' dir='ltr'>rursum</span> <span class='ocrx_word' id='word_1_410' title='bbox 478 2721 653 2750; x_wconf 84' lang='lat' dir='ltr'>moventes</span> <span class='ocrx_word' id='word_1_411' title='bbox 677 2715 826 2748; x_wconf 84' lang='lat' dir='ltr'>Selinam</span> <span class='ocrx_word' id='word_1_412' title='bbox 849 2727 888 2749; x_wconf 82' lang='lat' dir='ltr'>se</span> <span class='ocrx_word' id='word_1_413' title='bbox 911 2715 1111 2756; x_wconf 82' lang='lat' dir='ltr'>conferunt,</span> <span class='ocrx_word' id='word_1_414' title='bbox 1142 2714 1184 2747; x_wconf 82' lang='lat' dir='ltr'><strong><em>ad</em></strong></span> <span class='ocrx_word' id='word_1_415' title='bbox 1208 2711 1358 2747; x_wconf 76' lang='lat' dir='ltr'>Danubii</span> <span class='ocrx_word' id='word_1_416' title='bbox 1378 2709 1545 2752; x_wconf 74' lang='lat' dir='ltr'>fluminis,</span> <span class='ocrx_word' id='word_1_417' title='bbox 1576 2714 1616 2744; x_wconf 84' lang='lat' dir='ltr'><strong><em>ut</em></strong></span> 
     </span>
     <span class='ocr_line' id='line_1_45' title="bbox 180 2754 1615 2805; baseline -0.006 -9"><span class='ocrx_word' id='word_1_418' title='bbox 180 2766 325 2805; x_wconf 77' lang='lat' dir='ltr'>vocant,</span> <span class='ocrx_word' id='word_1_419' title='bbox 349 2760 595 2797; x_wconf 83' lang='lat' dir='ltr'>Paracladium.</span> <span class='ocrx_word' id='word_1_420' title='bbox 643 2761 752 2794; x_wconf 87' lang='lat' dir='ltr'>donec</span> <span class='ocrx_word' id='word_1_421' title='bbox 773 2771 857 2794; x_wconf 87' lang='lat' dir='ltr'>vero</span> <span class='ocrx_word' id='word_1_422' title='bbox 880 2759 1030 2794; x_wconf 79' lang='lat' dir='ltr'>Selinam</span> <span class='ocrx_word' id='word_1_423' title='bbox 1051 2758 1192 2794; x_wconf 87' lang='lat' dir='ltr'>fluvium</span> <span class='ocrx_word' id='word_1_424' title='bbox 1216 2756 1437 2800; x_wconf 82' lang='lat' dir='ltr'>traiecerint,</span> <span class='ocrx_word' id='word_1_425' title='bbox 1463 2766 1484 2789; x_wconf 77' lang='lat' dir='ltr'><strong>a</strong></span> <span class='ocrx_word' id='word_1_426' title='bbox 1505 2754 1615 2790; x_wconf 73' lang='lat' dir='ltr'>latere</span> 
     </span>
    </p>
   </div>
  </div>
 </body>
</html>
