1780 3132
366 161 422 202 lN
458 159 821 203 SYNECDEMUM
867 157 1310 202 COMMENTARIUS.
1456 151 1552 202 403

131 274 186 315 dii
229 273 387 314 nomine
428 270 704 327 'praelustrem
746 287 836 316 esse
873 275 1002 316 iussit
1077 275 1216 328 Theop
1218 274 1344 315 hanes
1383 273 1560 316 Arcadio

130 329 353 382 chronogr.
382 342 421 382 p
447 334 514 381 66,
546 330 750 371 Cedrenus
777 330 886 383 patri
922 330 1150 371 Theodosio
1183 330 1398 382 Compend.
1428 344 1467 383 p.
1480 335 1562 372 266

130 383 279 424 tribuit.
338 385 524 437 apposita
553 391 641 427 erat
668 386 846 439 Ergino,
885 397 965 438 quo
997 386 1047 425 de
1074 386 1126 426 ad
1151 386 1245 426 Ant.
1275 386 1366 427 ltin.
1397 399 1436 438 p.
1465 390 1560 438 230,

127 438 272 479 fluvio:
313 444 454 479 auctor
491 453 710 490 anonymus
748 441 798 480 de
824 441 960 482 Leone
988 440 1163 502 Armeno
1200 454 1239 493 p.
1268 443 1371 482 434:
1401 439 1474 478 καί
1497 440 1563 479 ἑλ-

127 489 276 540 θόντος
316 493 394 539 ἕως
425 491 810 563 Ἀρκαδιουπόλεως
852 493 925 534 καί
959 506 1210 558 περασαντες
1251 491 1327 546 τήν
1362 492 1563 547 Ῥηγῖναν,

125 542 313 597 ποταμὸς
349 546 395 588 δὲ
437 543 553 594 ουτός
581 549 712 601 ἐστιν,
752 542 876 599 ευρον
903 545 1006 588 λαὸν
1035 547 1175 590 πολύν.
1249 562 1341 591 nam
1372 550 1562 604 Rhegina

127 613 208 642 ιιοιι
233 603 339 644 alius
368 608 429 644 est
461 618 510 645 ac
529 605 686 668 Ergina
713 605 800 646 sive
825 605 1016 658 Erginus
1073 608 1265 657 excerpta
1293 618 1315 645 e
1344 606 1561 647 Strabonis

309 662 410 699 330:
452 671 516 697 οτι
547 655 567 697 ὃ
596 660 669 698 νῦν
696 671 880 709 ποταμος
885 638 1080 726 15,Ῥιγινιίιι
1111 658 1153 697 ἐν
1185 658 1328 714 Θράκῃ
1356 658 1561 709 καλούμε-

126 723 195 756 νος
186 660 439 764 7ἸιΡρίγιιιν
410 728 474 765 ην.
530 714 608 755 imo
633 712 799 766 Ῥηγΐνα
838 719 880 754 et
902 710 1093 765 Ἐργῖνος,
1117 701 1334 767 Apollonio
1358 715 1491 757 Melae
1522 720 1563 756 et

129 766 259 808 Plinio
287 768 534 810 celebratus.
562 782 654 810 nam
683 770 839 822 Erigon
868 770 1130 810 Macedoniae
1160 774 1248 810 erat
1273 769 1430 811 flumen.

235 847 329 896 390,
355 849 395 886 9.
450 840 603 896 Βιζυη]
632 847 728 887 urbs
755 859 808 887 ex
834 845 963 886 Plinio
998 850 1038 886 et
1065 847 1292 887 Ptolemaeo
1323 850 1442 899 atque
1469 847 1562 888 aliis

129 901 191 938 est
219 900 437 942 notissima.
495 898 541 938 τὸ
575 900 646 952 τῆς
663 899 822 953 Βιζύης
850 899 1059 950 πολίχνιον
1089 902 1279 942 Zonarae
1306 901 1346 941 in
1363 902 1562 942 Michaele

127 953 255 994 Balbo
283 968 321 1007 p.
353 960 445 1006 112,
477 952 672 1006 Κάστρον
702 954 860 1006 Βιζύης
888 956 929 996 in
962 957 1063 997 nist.
1093 957 1291 1020 Disputat.
1323 957 1489 997 Maximi
1518 962 1559 997 et

128 1008 346 1049 Theodosii
374 1015 467 1051 tom.
495 1014 523 1050 3
548 1011 620 1063 ΟΡ
636 1010 840 1051 sirmondi
871 1024 909 1074 p.
928 1013 1021 1052 355.
1053 1009 1146 1050 Βύ
1111 1026 1173 1062 5η
1201 1012 1242 1052 in
1274 1011 1386 1052 Actis
1414 1014 1556 1054 concil.

127 1063 318 1117 Ephesini
347 1069 388 1105 et
415 1065 752 1106 Chalcedonensis
782 1067 944 1118 passim,
972 1067 1044 1107 sed
1071 1079 1294 1119 perperam,
1325 1067 1483 1108 dicitur.

234 1138 342 1182 lbid.
371 1145 436 1183 10.
492 1137 673 1189 Πάνιον]
699 1142 775 1183 hoc
803 1155 855 1183 ex
871 1142 1123 1184 Constantini
1148 1144 1175 1183 l.
1193 1148 1220 1183 2
1245 1144 1384 1185 Them.
1413 1147 1438 1183 1
1468 1145 1556 1184 vul-

127 1199 224 1248 gato
251 1197 544 1259 praeponimus.
574 1198 798 1238 maritimae
827 1198 1027 1238 Thraciae
1057 1193 1102 1236 αἱ
1127 1195 1324 1249 παράλιοι
1354 1197 1423 1248 τῆς
1441 1198 1558 1251 Θρά..

126 1262 198 1300 κης
224 1247 469 1300 πόλεις,τὸ
497 1263 539 1289 τε
570 1248 733 1290 Πάνιον
759 1248 832 1289 καί
857 1249 882 1302 ἧ
908 1248 1161 1304 ‘Hysia-ua,
1191 1258 1284 1294 sunt
1312 1254 1354 1294 in
1383 1254 1556 1295 Cedreni

126 1304 343 1358 Compend.
375 1319 414 1358 p.
443 1309 547 1355 4173
587 1307 691 1346 unde
734 1308 908 1359 colligas
938 1307 1043 1347 haud
1072 1284 1234 1348 mul’tum
1263 1309 1463 1350 Heraclea
1491 1322 1556 1348 se-

124 1364 271 1401 motum
296 1361 421 1401 fuisse
453 1337 649 1414 oppidum.
725 1362 874 1402 clarius
902 1362 943 1401 id
983 1363 1122 1403 videas
1152 1375 1203 1403 ex
1231 1363 1359 1404 Suida
1387 1364 1428 1404 in
1458 1359 1559 1402 Πά-

124 1427 223 1465 νιον,
250 1420 291 1455 et
321 1428 373 1456 ex
404 1415 572 1456 concilio
602 1416 804 1468 Ephesino
833 1430 871 1469 p.
889 1421 982 1469 790,
1013 1418 1081 1458 nbi
1109 1419 1307 1459 Heraclea
1336 1423 1376 1458 et
1401 1419 1557 1459 Panion

125 1470 292 1511 eundem
319 1470 545 1523 episcopum
573 1471 732 1511 habent.
800 1476 943 1524 postea
973 1450 1118 1512 ’atunen
1153 1474 1324 1541 singulis
1353 1475 1550 1526 episcopis

123 1530 365 1588 paruerunt;
391 1526 496 1565 unde
527 1527 692 1566 consilio
709 1525 784 1578 Cp
796 1531 824 1567 3
848 1540 886 1579 Ρ.
900 1530 983 1567 500
1005 1525 1193 1577 Ῥηγῖνος
1220 1526 1436 1574 ἐπίσκοπος
1459 1529 1555 1567 Πα-

121 1580 208 1619 νίου
237 1578 310 1631 τῆς
343 1578 520 1633 Θρακων
541 1580 686 1632 χώρας
714 1581 923 1622 scribendo
955 1583 1132 1623 adfuisse
1162 1584 1315 1625 dicitur.

231 1654 340 1698 Ibid.
385 1648 541 1708 Ὄρνοι]
582 1657 690 1698 Frid.
707 1659 901 1699 Morellus
927 1659 969 1699 in
988 1658 1241 1700 Constantini
1267 1661 1295 1700 l.
1311 1664 1338 1700 2
1366 1660 1504 1701 Them.
1528 1664 1551 1700 1

115 1702 306 1761 Ὀρεινὸς
328 1711 413 1765 legi
441 1725 558 1764 posse
587 1725 720 1807 5ιι5ΡΟο
683 1717 815 1753 icatur
833 1726 913 1777 pro
939 1714 1085 1767 oppido
1111 1722 1387 1755 montanorum
1418 1715 1554 1755 Thra-

124 1765 211 1806 ciae
243 1767 502 1819 populorum,
540 1779 638 1820 quos
708 1766 870 1818 ρεινοὺς
897 1769 1122 1821 Xenophon
1156 1770 1183 1810 l.
1217 1774 1242 1809 ⁷
1270 1770 1424 1833 Exped.
1456 1770 1554 1820 Cyri

123 1824 252 1861 vocet.
309 1825 355 1862 at
378 1821 494 1862 huius
521 1822 691 1862 nominis
719 1823 855 1864 urbem
883 1823 925 1864 in
954 1824 1131 1864 Thracia
1156 1836 1271 1864 nemo
1290 1825 1423 1874 novit;
1453 1825 1554 1865 fuis-

123 1879 187 1916 set
222 1880 435 1928 praeterea
474 1883 593 1917 extra
625 1878 813 1930 Europae
848 1879 947 1918 fines
983 1879 1026 1919 in
1054 1879 1222 1928 Scythia
1256 1880 1465 1932 provincia
1500 1880 1552 1920 ob

123 1943 174 1982 ea
201 1943 303 1984 quae
343 1932 568 1984 Xenophon
609 1933 711 1985 Exp.
756 1932 851 1983 Cyr.
879 1938 905 1973 7
935 1947 973 1986 Ρ.
1010 1938 1092 1974 320
1133 1939 1338 1976 memorat.
1396 1947 1472 1988 ego
1502 1935 1554 1974 de
1635 1991 1638 1995 ὴ

123 1985 233 2027 Arzo
260 1991 301 2026 et
330 1987 472 2027 'rouzo
503 1987 798 2040 cogitaveram.
837 1989 907 2028 sed
936 2002 1022 2029 cum
1053 1990 1184 2041 plura,
1216 2002 1318 2043 quae
1346 1989 1416 2030 vix
1446 1990 1552 2043 apud

123 2041 228 2082 alios
254 2042 447 2095 reperias,
475 2042 516 2082 in
537 2043 784 2093 Synecdemo
819 2044 899 2084 sint
923 2044 1056 2095 obvia,
1085 2045 1184 2085 nihil
1211 2045 1497 2086 constituerim.

231 2116 340 2159 Ibid.
407 2114 555 2181 Γάνος]
586 2119 732 2161 Suidas
757 2116 801 2159 τὸ
831 2116 936 2173 πρὸς
962 2121 1015 2174 τῇ
1045 2117 1185 2175 Θράκῃ
1226 2134 1322 2172 ορος
1350 2118 1374 2173 ἢ
1406 2118 1552 2166 Γάνος.

122 2167 174 2210 τά
205 2173 280 2211 τοῦ·
306 2169 368 2212 Γ
344 2185 447 2211 ανου
479 2167 556 2226 ὅρη
585 2180 778 2232 memorat
818 2179 959 2216 auctor
987 2189 1205 2226 anonymus
1233 2178 1283 2216 de
1311 2178 1445 2218 Leone
1475 2177 1555 2216 Ar-

122 2240 238 2268 meno
267 2242 306 2281 p.
331 2231 424 2270 433.
480 2229 572 2270 hinc
601 2228 797 2270 coniicere
825 2231 920 2270 licet
943 2232 1078 2271 urbem
1113 2232 1269 2272 Ganum
1296 2233 1348 2273 ad
1374 2233 1554 2285 Propon-

123 2283 245 2323 tidem
271 2283 445 2324 eiusdem
475 2285 644 2326 nominis
662 2290 795 2326 monte
827 2286 952 2326 fuisse
970 2286 1195 2338 incinctam,
1223 2287 1394 2340 pessime
1422 2293 1554 2328 autem

122 2338 300 2379 habitam
330 2351 418 2379 esse
446 2339 487 2380 in
518 2341 676 2382 Libanii
705 2341 822 2394 Apol.
852 2342 1105 2382 Demosthen.
1134 2347 1227 2383 tom.
1243 2347 1265 2383 1
1296 2356 1334 2395 p.
1366 2345 1458 2393 451,
1487 2343 1556 2382 nbi

122 2391 268 2443 ,Σέριον
308 2396 446 2455 τεῖχος
482 2407 552 2433 και
589 2391 815 2459 Δόρισκον
833 2409 903 2434 και
942 2396 1163 2463 Μυρτῖι·ον
1199 2411 1267 2436 και
1310 2395 1444 2442 Γάόος
1486 2394 1558 2435 καί

119 2446 276 2486 §antra
306 2460 472 2498 χωραν·
500 2443 582 2489 εἶθ)
610 2445 717 2502 νπὲρ
746 2447 908 2503 τούτων,
937 2465 994 2490 ων
1011 2448 1109 2514 qnid&
1140 2448 1191 2490 τοὶ
1211 2448 1392 2502 ὄνόματα
1420 2449 1552 2501 ἴσμει,

120 2499 454 2552 ἕξανιστᾰμεθας
499 2506 708 2558 scripsisse
737 2505 934 2557 Σέρριον,
970 2501 1034 2546 Γ
1009 2519 1104 2552 ανος
1135 2512 1175 2547 et
1196 2508 1236 2547 Γ
1234 2505 1354 2546 auda
1385 2520 1437 2548 ex
1467 2507 1550 2547 Ae-

120 2558 267 2609 schine,
295 2571 409 2612 quem
438 2560 615 2601 imitatur
659 2562 719 2613 (in
758 2561 1004 2615 ctesiphont.
1043 2577 1082 2616 Ρ.
1111 2562 1184 2614 65)
1222 2569 1262 2604 et
1293 2563 1456 2605 Valesio
1496 2563 1550 2603 ad

116 2590 448 2668 Harpo'erationis
478 2612 708 2668 Μϋρτανον
735 2630 964 2670 cognosces

226 2680 334 2724 lbid.
391 2678 661 2734 Καλλίπολις]
693 2684 926 2726 recentioris
956 2685 1047 2727 aevi
1066 2684 1242 2727 Graecos
1267 2683 1454 2724 Καλλίου
1477 2677 1548 2721 πό-
