1780 3132
311 139 407 188 464
835 127 838 129 ’
851 148 1194 189 WessELiNGn

310 247 464 297 πόλεως
491 251 564 303 τῆς
595 249 784 290 Πισιδῶν
822 248 1024 300 ἐπαρχίας
1063 248 1359 306 Consiantinop.
1400 251 1517 292 tertio
1547 262 1586 303 p.
1612 253 1704 291 6⁷6.

308 318 516 412 gessegam
544 306 661 345 etiam
688 302 931 349 Πιτυασσός
975 305 1224 345 Artemidoro
1261 305 1364 356 apud
1401 305 1633 345 Strabonem
1654 308 1707 371 12

418 426 511 471 394,
539 426 606 463 31.
673 417 754 458 ὑπὸ
784 417 1088 472 κουσουλάριον]
1131 426 1170 461 et
1207 420 1305 462 haec
1344 422 1592 473 praesidialis
1617 421 1704 471 fuit,

312 478 369 518 uti
396 477 544 517 Notitia
574 476 667 527 imp.
709 475 858 515 orient.
900 487 932 515 c.
962 479 985 514 1
1015 480 1054 514 et
1089 475 1258 515 Novella
1288 477 1341 514 25
1379 475 1572 515 docemur.
1625 487 1704 515 me-

308 532 423 571 minit
449 530 603 582 quidem
621 529 852 568 Theodorus
879 529 1091 568 lconiensis
1129 530 1169 569 in
1198 528 1309 580 epist.
1341 528 1390 568 de
1415 528 1555 578 (lyrico
1583 532 1623 568 et
1641 529 1705 568 lu-

308 585 399 624 litta
425 588 522 624 tom.
551 587 578 623 3
603 584 675 622 lul.
703 596 741 633 p.
760 586 813 621 26
846 582 1058 622 Domitiani
1094 582 1244 622 comitis
1276 583 1509 633 Lycaoniae,
1537 577 1706 632 κόμητος

309 637 559 687 Λυκαονίας,
586 637 651 689 qui
674 636 769 676 mihi
788 635 846 675 rei
863 636 1046 676 militaris
1072 648 1144 688 per
1160 636 1397 684 Lycaoniam
1428 647 1557 676 comes
1584 635 1707 675 fuisse

307 691 489 732 videtur:
517 691 666 730 Notitia
694 702 779 729 eum
793 702 872 728 non
891 689 1029 730 habet:
1057 695 1099 730 at
1120 694 1279 741 praeter
1305 689 1524 741 praesidem
1550 688 1591 727 in
1609 700 1706 740 pro-

307 745 452 795 vincia,
483 744 549 797 qui
574 756 657 784 rem
684 743 893 782 militarem
918 748 1096 793 curaret,
1139 744 1285 793 fuisse,
1312 743 1479 782 Novella
1506 744 1574 782 25v
1596 741 1707 782 dubi-

307 803 396 838 tare
430 803 551 838 vetat.
621 796 858 837 lastinianus
897 797 964 836 uni
1001 797 1222 846 Lycaoniae
1260 797 1434 849 praetori
1468 795 1706 836 Iustinianeo

308 857 348 891 ct
381 864 463 892 rem
493 851 648 891 civilem
677 854 716 890 et
742 849 951 890 militarem
980 851 1194 891 mandavit.

416 915 524 957 Ibid.
543 920 608 956 32.
662 910 836 959 Ἰκόνιον]
865 913 1088 962 Lycaoniae
1111 914 1232 954 fuisse
1247 914 1482 966 metropolin
1510 925 1562 953 ex
1586 911 1706 954 Chal-

307 970 445 1011 cedon.
474 983 512 1022 p.
532 973 615 1010 670
642 971 809 1008 constat.
877 967 956 1007 sita
996 971 1084 1007 erat
1115 968 1156 1007 in
1185 967 1402 1007 Pisidarum
1443 971 1482 1006 et
1507 967 1707 1018 Phrygum

307 1025 460 1076 finibus,
491 1037 563 1063 nec
588 1023 750 1063 multum
777 1021 828 1061 ab
854 1021 1027 1060 Orientis
1053 1021 1223 1061 dioecesi
1246 1032 1373 1073 neque
1399 1020 1548 1064 Asiana
1574 1020 1708 1083 dispa-

306 1083 410 1120 rata.
464 1077 635 1118 Basilius
663 1074 925 1116 Seleuciensis
952 1075 1029 1114 vit.
1067 1074 1110 1115 S.
1141 1075 1314 1115 Theclae
1346 1078 1368 1114 1
1399 1088 1441 1127 p.
1459 1077 1562 1114 232:
1590 1074 1707 1117 πολις

307 1131 353 1169 δὲ
381 1125 487 1183 αὕτη
512 1129 764 1174 Λυκαονίας,
783 1128 920 1181 inquit,
947 1127 1021 1178 τῆς
1046 1126 1122 1177 μὲν
1148 1122 1250 1182 ἑῴας
1279 1126 1330 1165 ου’
1349 1123 1451 1166 πολύ
1484 1125 1708 1176 α’πέχουσα,
1744 1143 1747 1145 >

305 1183 355 1238 τῇ
383 1183 429 1222 δὲ
450 1183 659 1223 Ἀσιανῶν
684 1178 840 1231 μᾶλλόν
867 1194 907 1219 τι
933 1180 1286 1233 προσορμίζουσα,
1314 1180 1386 1219 καί
1414 1179 1487 1230 τῆς
1516 1178 1709 1219 Πισιδῶν

307 1237 378 1277 καί
405 1238 580 1288 Φρυγῶν
603 1231 745 1287 χώρας
784 1235 827 1273 ἐν
862 1236 1063 1288 προοιμίῳ
1103 1234 1276 1286 κειμένη.
1330 1235 1510 1275 coloniae
1536 1246 1622 1274 eam
1650 1233 1710 1272 di-

308 1293 496 1345 gnatione
522 1290 759 1332 illuminavit
781 1290 874 1340 lmp.
892 1289 1110 1336 Gallienus,
1137 1289 1170 1328 si
1199 1290 1296 1328 fides
1317 1289 1532 1338 rarissimo,
1561 1292 1601 1327 et
1625 1288 1712 1326 for-

307 1353 415 1386 tasse
442 1347 483 1386 in
511 1346 585 1385 hoc
609 1356 755 1397 genere
785 1343 900 1382 unico
913 1342 1109 1382 Thesauri
1135 1343 1326 1383 Wildiani
1351 1355 1480 1392 numo,
1506 1341 1616 1382 cuius
1640 1339 1709 1380 uui

308 1400 479 1452 paginae
507 1400 610 1439 lMP.
642 1397 686 1438 C.
714 1398 756 1436 P.
786 1397 880 1436 LIC.
900 1396 1208 1437 GALLIENVS.
1224 1397 1266 1437 P.
1283 1397 1327 1436 1³¹.
1346 1396 1461 1437 alteri
1487 1393 1710 1436 lcoNIEN.

309 1454 462 1494 COLO.
495 1453 539 1493 S.
568 1454 615 1492 R.
655 1451 834 1501 inscripti
864 1454 967 1490 sunt.
1023 1454 1193 1490 ceterum
1229 1450 1378 1490 Basilio
1405 1450 1501 1490 illud
1530 1445 1604 1498 τῆς
1625 1443 1707 1496 χώ-

309 1521 385 1558 ρας
412 1506 456 1545 ἐν
478 1502 677 1558 προοιμίῳ
713 1504 918 1544 admodum
949 1504 1146 1543 familiare
1183 1509 1262 1544 est:
1304 1515 1394 1543 nam
1422 1507 1462 1542 et
1490 1501 1710 1543 Seleuciam

310 1562 389 1602 Vit.
419 1561 593 1601 Theclae
620 1563 643 1598 1
683 1571 722 1610 p.
739 1559 820 1596 275
851 1557 923 1607 τῆς
963 1551 1063 1608 ἑῴας
1090 1553 1214 1604 ὁρίων
1241 1556 1284 1595 ἐν
1313 1555 1513 1608 προοιμίῳ
1542 1556 1711 1608 positam

310 1616 379 1666 ait,
406 1619 447 1654 ct
472 1619 499 1654 2
539 1618 589 1653 11
625 1612 837 1661 προοίμιον
874 1610 945 1660 τῆς
976 1609 1188 1660 α’τραποῦ,
1216 1615 1255 1650 et
1292 1622 1324 1648 c.
1354 1614 1405 1650 17
1445 1610 1518 1657 τῆς
1555 1603 1711 1658 ἡμέρας

310 1668 546 1718 προοίμιον,
582 1666 676 1719 quin
712 1670 752 1704 et
788 1668 890 1704 orat.
916 1667 969 1703 2⁷
1014 1677 1051 1715 p.
1069 1666 1147 1703 150
1182 1664 1254 1714 τῆς
1292 1657 1412 1713 ὀργῆς
1438 1660 1490 1700 τὰ
1518 1660 1712 1710 προοίμια

312 1722 438 1770 dixit3
485 1733 600 1774 quam
636 1731 732 1758 vero
760 1723 868 1757 recte
908 1722 1026 1770 atque
1065 1730 1115 1757 ex
1142 1730 1214 1757 usu
1254 1717 1400 1756 veteris
1427 1715 1632 1764 Graeciae,
1662 1727 1713 1754 ex

313 1777 480 1829 egregia
506 1772 788 1814 Hemsterhusii
817 1771 943 1812 nostri
970 1770 1022 1811 ad
1053 1771 1214 1812 Luciani
1239 1770 1440 1811 Somnium
1464 1769 1712 1811 animadver-

312 1831 424 1870 sione
453 1840 680 1882 cognosces.
1633 1837 1636 1840 ⁴

422 1903 529 1945 Ibid.
586 1900 780 1953 Λύστρα]
808 1902 916 1941 Luca
942 1899 1028 1940 Act.
1058 1900 1105 1940 A.
1137 1902 1188 1940 14
1211 1903 1250 1940 6.
1276 1895 1348 1944 τοὶς
1380 1894 1517 1944 πόλεις
1544 1900 1714 1939 Λυκαο-

313 1953 402 2001 νίας
426 1953 630 2006 Λύστραν
659 1954 731 1994 καὶ
755 1955 937 2004 Δέρβην,
969 1959 1008 1994 et
1045 1968 1082 1994 v.
1113 1958 1192 1994 21:
1226 1958 1268 1994 at
1297 1966 1334 1992 v.
1364 1958 1392 1994 8
1419 1952 1463 1991 ἐν
1492 1947 1715 2002 Λύστροις.

314 2012 418 2051 unde
443 2008 492 2048 τὰ
520 2008 696 2059 Λύστρα
725 2015 764 2049 et
790 2006 988 2057 Λύστραν
1024 2009 1065 2048 in
1097 2008 1316 2060 promiscuo
1358 2019 1429 2047 usu
1458 2008 1580 2046 fuisse
1609 2006 1714 2045 diee-

315 2077 396 2115 res,
425 2066 500 2105 nisi
526 2065 672 2116 passim
700 2063 771 2105 alii
787 2073 988 2102 numerum
1011 2063 1205 2114 pluralem
1230 2062 1404 2101 mallent.
1460 2057 1481 2098 ό
1507 2056 1715 2110 Λύστρων

319 2124 381 2158 est
407 2119 447 2159 in
484 2119 661 2171 pluribus
699 2117 877 2166 Notans,
917 2116 1202 2168 subscribitque
1247 2114 1557 2155 Chalcedonensi
1606 2127 1642 2166 p.
1661 2113 1716 2153 99

314 2173 549 2213 Plutarchus
578 2168 797 2222 Λύστρων.
861 2171 1083 2209 Ptolemaeo
1128 2166 1320 2217 Λύσιρα,
1355 2169 1396 2209 in
1435 2168 1616 2208 Palatino
1643 2179 1715 2217 ms,

317 2239 389 2279 pro
414 2239 490 2280 quo
523 2228 656 2266 verius
684 2226 856 2278 scriptus
883 2224 1147 2264 Coislinianus
1176 2220 1364 2272 Λύστρα.

423 2301 533 2343 Ιῠὶᾶ.
589 2298 796 2351 Μισθεια]
825 2303 885 2340 est
912 2299 1026 2339 huius
1053 2299 1212 2351 praesul
1240 2299 1279 2338 in
1310 2297 1549 2338 Chalcedon.
1579 2310 1617 2348 p.
1635 2299 1715 2336 674

317 2356 520 2396 Armatius
547 2354 701 2399 πόλεως
728 2350 961 2404 Μισθείας,
988 2358 1028 2392 et
1060 2353 1264 2406 Longinus
1292 2349 1538 2390 Μιστιανῶν
1563 2346 1717 2395 πόλεως

319 2410 555 2454 Λυκαονίας
586 2410 627 2449 in
654 2409 951 2459 Constantinop.
980 2408 1097 2447 tertio
1126 2411 1272 2459 p.6⁷0.
1303 2405 1563 2457 Theophanes
1590 2404 1717 2444 Chro-

318 2475 437 2514 nogr.
467 2476 505 2515 p.
524 2467 604 2503 320
640 2462 833 2500 Μισθίαν
863 2466 902 2501 et
927 2462 1100 2502 Mistiam
1140 2462 1352 2500 Ravennas
1393 2460 1419 2498 l.
1448 2463 1474 2498 2
1503 2471 1536 2497 c.
1567 2461 1618 2497 17
1645 2470 1717 2508 ap-

319 2517 458 2568 pellat.
488 2530 567 2556 non
596 2518 716 2569 longe
733 2517 902 2557 Vasadis
936 2516 1082 2555 afuisse
1109 2516 1277 2567 colligas
1303 2526 1352 2554 ex
1366 2512 1501 2554 Basilii
1521 2512 1574 2552 M.
1591 2512 1714 2562 'epist-

319 2573 412 2611 118.
441 2568 511 2608 τὸν
539 2568 665 2619 οἷγρὸν
691 2570 856 2620 ἐκεῖνον,
882 2570 1030 2617 scribit,
1059 2565 1130 2606 τὸν
1159 2566 1421 2616 ύποκειζιιενον
1450 2565 1500 2618 τῇ
1521 2564 1718 2615 Μηστείᾳ,

319 2615 352 2678 ᾧ
381 2621 640 2678 ἐπεκηρύχθη
680 2622 701 2662 ὁ
732 2618 971 2677 ἅνθρωπος,
1008 2623 1197 2662 κέλευσον
1237 2618 1466 2665 Ούασόδοις
1501 2616 1717 2657 ὑποτελεῖν.
