<?xml version="1.0" encoding="UTF-8"?>
<!DOCTYPE html PUBLIC "-//W3C//DTD XHTML 1.0 Transitional//EN"
    "http://www.w3.org/TR/xhtml1/DTD/xhtml1-transitional.dtd">
<html xmlns="http://www.w3.org/1999/xhtml" xml:lang="en" lang="en">
 <head>
  <title>
</title>
<meta http-equiv="Content-Type" content="text/html;charset=utf-8" />
  <meta name='ocr-system' content='tesseract 3.04.00' />
  <meta name='ocr-capabilities' content='ocr_page ocr_carea ocr_par ocr_line ocrx_word'/>
</head>
<body>
  <div class='ocr_page' id='page_1' title='image "./corpusscriptorum09niebuoft_0085.png"; bbox 0 0 1780 3132; ppageno 0'>
   <div class='ocr_carea' id='block_1_1' title="bbox 273 153 1577 203">
    <p class='ocr_par' dir='ltr' id='par_1_1' title="bbox 273 153 1577 203">
     <span class='ocr_line' id='line_1_1' title="bbox 273 153 1577 203; baseline -0.004 0"><span class='ocrx_word' id='word_1_1' title='bbox 273 161 349 203; x_wconf 90' lang='lat' dir='ltr'><strong><em>DE</em></strong></span> <span class='ocrx_word' id='word_1_2' title='bbox 382 158 851 203; x_wconf 82' lang='lat' dir='ltr'><strong>ADMINISTRANDO</strong></span> <span class='ocrx_word' id='word_1_3' title='bbox 886 156 1122 202; x_wconf 88' lang='lat' dir='ltr'>IMPERIO</span> <span class='ocrx_word' id='word_1_4' title='bbox 1159 156 1269 200; x_wconf 88' lang='lat' dir='ltr'><strong>CAP.</strong></span> <span class='ocrx_word' id='word_1_5' title='bbox 1304 160 1344 200; x_wconf 89' lang='grc'><strong><em>8.</em></strong></span> <span class='ocrx_word' id='word_1_6' title='bbox 1372 159 1414 198; x_wconf 91' lang='grc'><strong><em>9.</em></strong></span> <span class='ocrx_word' id='word_1_7' title='bbox 1513 153 1577 198; x_wconf 87' lang='lat'><strong><em>75</em></strong></span> 
     </span>
    </p>
   </div>
   <div class='ocr_carea' id='block_1_2' title="bbox 63 267 1595 1771">
    <p class='ocr_par' dir='ltr' id='par_1_2' title="bbox 63 267 1595 1771">
     <span class='ocr_line' id='line_1_2' title="bbox 113 267 1579 329; baseline -0.008 -9"><span class='ocrx_word' id='word_1_8' title='bbox 113 275 161 320; x_wconf 81' lang='grc' dir='ltr'><strong><em>τὸ</em></strong></span> <span class='ocrx_word' id='word_1_9' title='bbox 184 271 353 329; x_wconf 79' lang='grc' dir='ltr'><strong><em>Κιοάβα</em></strong></span> <span class='ocrx_word' id='word_1_10' title='bbox 368 272 415 316; x_wconf 82' lang='grc' dir='ltr'><strong><em>τὸ</em></strong></span> <span class='ocrx_word' id='word_1_11' title='bbox 439 269 782 327; x_wconf 72' lang='grc' dir='ltr'><strong><em>ἐπονομαζόμενον</em></strong></span> <span class='ocrx_word' id='word_1_12' title='bbox 801 269 1040 326; x_wconf 79' lang='grc' dir='ltr'><strong><em>Σαμβατάς.</em></strong></span> <span class='ocrx_word' id='word_1_13' title='bbox 1108 270 1147 314; x_wconf 77' lang='grc' dir='ltr'><strong><em>οἳ</em></strong></span> <span class='ocrx_word' id='word_1_14' title='bbox 1172 272 1216 313; x_wconf 77' lang='grc' dir='ltr'><strong><em>δὲ</em></strong></span> <span class='ocrx_word' id='word_1_15' title='bbox 1237 267 1418 324; x_wconf 78' lang='grc' dir='ltr'><strong><em>Σκλάβοι</em></strong></span> <span class='ocrx_word' id='word_1_16' title='bbox 1441 268 1478 311; x_wconf 80' lang='grc' dir='ltr'><strong><em>οἳ</em></strong></span> <span class='ocrx_word' id='word_1_17' title='bbox 1499 285 1579 310; x_wconf 86' lang='grc' dir='ltr'><strong><em>πα-</em></strong></span> 
     </span>
     <span class='ocr_line' id='line_1_3' title="bbox 113 338 1580 398; baseline -0.006 -12"><span class='ocrx_word' id='word_1_18' title='bbox 113 348 280 387; x_wconf 80' lang='grc' dir='ltr'><strong><em>κτιῶται</em></strong></span> <span class='ocrx_word' id='word_1_19' title='bbox 305 341 440 385; x_wconf 77' lang='grc' dir='ltr'><strong><em>αὐτῶν</em></strong></span> <span class='ocrx_word' id='word_1_20' title='bbox 448 373 462 394; x_wconf 93' lang='grc'><strong><em>,</em></strong></span> <span class='ocrx_word' id='word_1_21' title='bbox 499 341 538 384; x_wconf 78' lang='grc' dir='ltr'><strong><em>οἱ</em></strong></span> <span class='ocrx_word' id='word_1_22' title='bbox 558 341 853 398; x_wconf 80' lang='grc' dir='ltr'><strong><em>,Κριβηταιηνοὶ</em></strong></span> <span class='ocrx_word' id='word_1_23' title='bbox 872 339 1076 395; x_wconf 74' lang='grc' dir='ltr'><em>λεγόμενοι</em></span> <span class='ocrx_word' id='word_1_24' title='bbox 1097 341 1164 382; x_wconf 79' lang='grc' dir='ltr'><strong><em>καὶ</em></strong></span> <span class='ocrx_word' id='word_1_25' title='bbox 1183 339 1222 382; x_wconf 80' lang='grc' dir='ltr'><strong><em>οἳ</em></strong></span> <span class='ocrx_word' id='word_1_26' title='bbox 1238 340 1490 392; x_wconf 82' lang='grc' dir='ltr'><strong><em>Λενζανῆνοι</em></strong></span> <span class='ocrx_word' id='word_1_27' title='bbox 1511 338 1580 378; x_wconf 87' lang='grc' dir='ltr'><strong><em>καὶ</em></strong></span> 
     </span>
     <span class='ocr_line' id='line_1_4' title="bbox 115 405 1580 464; baseline -0.006 -9"><span class='ocrx_word' id='word_1_28' title='bbox 115 411 155 455; x_wconf 81' lang='grc' dir='ltr'><strong><em>οἶ</em></strong></span> <span class='ocrx_word' id='word_1_29' title='bbox 179 413 311 454; x_wconf 86' lang='grc' dir='ltr'><strong><em>λοιποὶ</em></strong></span> <span class='ocrx_word' id='word_1_30' title='bbox 340 411 596 464; x_wconf 82' lang='grc' dir='ltr'><strong><em>Σκλαβίνιοι,</em></strong></span> <span class='ocrx_word' id='word_1_31' title='bbox 632 411 688 460; x_wconf 75' lang='grc' dir='ltr'><strong><em>εἲς</em></strong></span> <span class='ocrx_word' id='word_1_32' title='bbox 708 409 760 451; x_wconf 82' lang='grc' dir='ltr'><strong><em>τὰ</em></strong></span> <span class='ocrx_word' id='word_1_33' title='bbox 781 407 858 464; x_wconf 75' lang='grc' dir='ltr'><strong><em>ὄρη</em></strong></span> <span class='ocrx_word' id='word_1_34' title='bbox 882 408 1015 451; x_wconf 67' lang='grc' dir='ltr'><strong><em>αὐτῶν</em></strong></span> <span class='ocrx_word' id='word_1_35' title='bbox 1038 406 1230 452; x_wconf 81' lang='grc' dir='ltr'><strong><em>κόπτουσι</em></strong></span> <span class='ocrx_word' id='word_1_36' title='bbox 1246 407 1299 450; x_wconf 81' lang='grc' dir='ltr'><strong><em>τὰ</em></strong></span> <span class='ocrx_word' id='word_1_37' title='bbox 1317 405 1520 462; x_wconf 72' lang='grc' dir='ltr'><strong><em>μονόξυλα</em></strong></span> <span class='ocrx_word' id='word_1_38' title='bbox 1539 406 1580 447; x_wconf 74' lang='grc' dir='ltr'><strong><em>ἓν</em></strong></span> 
     </span>
     <span class='ocr_line' id='line_1_5' title="bbox 113 475 1582 538; baseline -0.006 -14"><span class='ocrx_word' id='word_1_39' title='bbox 113 483 174 538; x_wconf 75' lang='grc' dir='ltr'><strong><em>τῷ</em></strong></span> <span class='ocrx_word' id='word_1_40' title='bbox 204 484 278 522; x_wconf 77' lang='grc' dir='ltr'><strong><em>τοῦ</em></strong></span> <span class='ocrx_word' id='word_1_41' title='bbox 304 483 503 534; x_wconf 84' lang='grc' dir='ltr'><strong><em>χειμῶνος</em></strong></span> <span class='ocrx_word' id='word_1_42' title='bbox 533 481 684 536; x_wconf 78' lang='grc' dir='ltr'><strong><em>καιρῷ,</em></strong></span> <span class='ocrx_word' id='word_1_43' title='bbox 715 479 783 519; x_wconf 83' lang='grc' dir='ltr'><strong><em>καὶ</em></strong></span> <span class='ocrx_word' id='word_1_44' title='bbox 811 475 1136 533; x_wconf 77' lang='grc' dir='ltr'><strong><em>καταρτήσαντες</em></strong></span> <span class='ocrx_word' id='word_1_45' title='bbox 1166 476 1299 519; x_wconf 76' lang='grc' dir='ltr'><strong><em>αὐτῶν</em></strong></span> <span class='ocrx_word' id='word_1_46' title='bbox 1331 480 1403 518; x_wconf 87' lang='grc' dir='ltr'><strong><em>τοῦ</em></strong></span> <span class='ocrx_word' id='word_1_47' title='bbox 1438 477 1582 529; x_wconf 77' lang='grc' dir='ltr'><strong><em>καιροῦ</em></strong></span> 
     </span>
     <span class='ocr_line' id='line_1_6' title="bbox 81 542 1582 604; baseline -0.005 -13"><span class='ocrx_word' id='word_1_48' title='bbox 81 547 399 604; x_wconf 73' lang='grc' dir='ltr'><strong><em>ὅᾶνοιγομένου,</em></strong></span> <span class='ocrx_word' id='word_1_49' title='bbox 434 545 552 603; x_wconf 72' lang='grc' dir='ltr'><strong><em>ἡνίκα</em></strong></span> <span class='ocrx_word' id='word_1_50' title='bbox 587 548 768 603; x_wconf 76' lang='grc' dir='ltr'><strong><em>διαλυθῇ</em></strong></span> <span class='ocrx_word' id='word_1_51' title='bbox 796 543 817 587; x_wconf 83' lang='grc' dir='ltr'><em>ὅ</em></span> <span class='ocrx_word' id='word_1_52' title='bbox 850 544 1042 600; x_wconf 75' lang='grc' dir='ltr'><strong><em>παγετός,</em></strong></span> <span class='ocrx_word' id='word_1_53' title='bbox 1079 548 1134 595; x_wconf 77' lang='grc' dir='ltr'><strong><em>εἷς</em></strong></span> <span class='ocrx_word' id='word_1_54' title='bbox 1158 546 1233 595; x_wconf 81' lang='grc' dir='ltr'><strong><em>τὰς</em></strong></span> <span class='ocrx_word' id='word_1_55' title='bbox 1259 545 1427 599; x_wconf 80' lang='grc' dir='ltr'><strong><em>πλησίον</em></strong></span> <span class='ocrx_word' id='word_1_56' title='bbox 1456 542 1582 591; x_wconf 68' lang='grc' dir='ltr'><strong><em>οὔσας</em></strong></span> 
     </span>
     <span class='ocr_line' id='line_1_7' title="bbox 115 612 1582 672; baseline -0.005 -13"><span class='ocrx_word' id='word_1_57' title='bbox 115 618 259 671; x_wconf 79' lang='grc' dir='ltr'><strong><em>λίμνας</em></strong></span> <span class='ocrx_word' id='word_1_58' title='bbox 284 614 510 672; x_wconf 75' lang='grc' dir='ltr'><strong><em>εἰσάγουσιν</em></strong></span> <span class='ocrx_word' id='word_1_59' title='bbox 541 612 658 658; x_wconf 76' lang='grc' dir='ltr'><strong><em>αὐτά.</em></strong></span> <span class='ocrx_word' id='word_1_60' title='bbox 728 615 796 657; x_wconf 83' lang='grc' dir='ltr'><strong><em>καὶ</em></strong></span> <span class='ocrx_word' id='word_1_61' title='bbox 814 614 950 669; x_wconf 71' lang='grc' dir='ltr'><strong><em>ἐπειδὴ</em></strong></span> <span class='ocrx_word' id='word_1_62' title='bbox 972 615 1101 657; x_wconf 74' lang='grc' dir='ltr'><strong><em>ἐκεῖνα</em></strong></span> <span class='ocrx_word' id='word_1_63' title='bbox 1123 612 1404 666; x_wconf 78' lang='grc' dir='ltr'><strong><em>εἶσβάλλουσιν</em></strong></span> <span class='ocrx_word' id='word_1_64' title='bbox 1429 614 1484 662; x_wconf 84' lang='grc' dir='ltr'><strong><em>εἲς</em></strong></span> <span class='ocrx_word' id='word_1_65' title='bbox 1505 627 1582 652; x_wconf 76' lang='grc' dir='ltr'><strong><em>πο·-</em></strong></span> 
     </span>
     <span class='ocr_line' id='line_1_8' title="bbox 115 676 1584 740; baseline -0.005 -11"><span class='ocrx_word' id='word_1_66' title='bbox 115 685 246 740; x_wconf 85' lang='grc' dir='ltr'><strong><em>ταμὸν</em></strong></span> <span class='ocrx_word' id='word_1_67' title='bbox 275 685 346 728; x_wconf 86' lang='grc' dir='ltr'><strong><em>τὸν</em></strong></span> <span class='ocrx_word' id='word_1_68' title='bbox 375 682 611 740; x_wconf 85' lang='grc' dir='ltr'><strong><em>Δάναπριν,</em></strong></span> <span class='ocrx_word' id='word_1_69' title='bbox 647 682 727 725; x_wconf 78' lang='grc' dir='ltr'><strong><em>ἀπὸ</em></strong></span> <span class='ocrx_word' id='word_1_70' title='bbox 756 687 837 726; x_wconf 82' lang='grc' dir='ltr'><strong><em>τῶν</em></strong></span> <span class='ocrx_word' id='word_1_71' title='bbox 860 683 981 726; x_wconf 74' lang='grc' dir='ltr'><strong><em>ἐκεῖσε</em></strong></span> <span class='ocrx_word' id='word_1_72' title='bbox 1006 676 1117 725; x_wconf 74' lang='grc' dir='ltr'><strong><em>οὗτοι</em></strong></span> <span class='ocrx_word' id='word_1_73' title='bbox 1141 685 1198 732; x_wconf 77' lang='grc' dir='ltr'><strong><em>εἷς</em></strong></span> <span class='ocrx_word' id='word_1_74' title='bbox 1217 682 1288 725; x_wconf 85' lang='grc' dir='ltr'><strong><em>τὸν</em></strong></span> <span class='ocrx_word' id='word_1_75' title='bbox 1311 681 1434 724; x_wconf 79' lang='grc' dir='ltr'><strong><em>αὐτὸν</em></strong></span> <span class='ocrx_word' id='word_1_76' title='bbox 1456 697 1584 722; x_wconf 80' lang='grc' dir='ltr'><strong><em>ποτα-</em></strong></span> 
     </span>
     <span class='ocr_line' id='line_1_9' title="bbox 115 748 1585 810; baseline -0.004 -15"><span class='ocrx_word' id='word_1_77' title='bbox 115 753 196 808; x_wconf 82' lang='grc' dir='ltr'><strong><em>μὸν</em></strong></span> <span class='ocrx_word' id='word_1_78' title='bbox 229 754 472 810; x_wconf 73' lang='grc' dir='ltr'><strong><em>εἲσὲρχονται</em></strong></span> <span class='ocrx_word' id='word_1_79' title='bbox 502 753 569 794; x_wconf 83' lang='grc' dir='ltr'><strong><em>καὶ</em></strong></span> <span class='ocrx_word' id='word_1_80' title='bbox 597 751 838 808; x_wconf 72' lang='grc' dir='ltr'><strong><em>ἀπέρχονται</em></strong></span> <span class='ocrx_word' id='word_1_81' title='bbox 867 753 923 802; x_wconf 72' lang='grc' dir='ltr'><strong><em>εἷς</em></strong></span> <span class='ocrx_word' id='word_1_82' title='bbox 949 751 995 794; x_wconf 84' lang='grc' dir='ltr'><strong><em>τὸ</em></strong></span> <span class='ocrx_word' id='word_1_83' title='bbox 1027 749 1190 805; x_wconf 84' lang='grc' dir='ltr'><strong><em>Κιόβα,</em></strong></span> <span class='ocrx_word' id='word_1_84' title='bbox 1225 752 1292 793; x_wconf 83' lang='grc' dir='ltr'><strong><em>καὶ</em></strong></span> <span class='ocrx_word' id='word_1_85' title='bbox 1315 748 1507 807; x_wconf 77' lang='grc' dir='ltr'><strong><em>σύρουσιν</em></strong></span> <span class='ocrx_word' id='word_1_86' title='bbox 1531 749 1585 798; x_wconf 79' lang='grc' dir='ltr'><strong><em>εἷς</em></strong></span> 
     </span>
     <span class='ocr_line' id='line_1_10' title="bbox 116 815 1585 878; baseline -0.005 -13"><span class='ocrx_word' id='word_1_87' title='bbox 116 821 192 877; x_wconf 81' lang='grc' dir='ltr'><strong><em>τὴν</em></strong></span> <span class='ocrx_word' id='word_1_88' title='bbox 213 819 446 878; x_wconf 75' lang='grc' dir='ltr'><strong><em>ἓξάρτησιν,</em></strong></span> <span class='ocrx_word' id='word_1_89' title='bbox 482 822 550 863; x_wconf 83' lang='grc' dir='ltr'><strong><em>καὶ</em></strong></span> <span class='ocrx_word' id='word_1_90' title='bbox 569 820 871 875; x_wconf 79' lang='grc' dir='ltr'><strong><em>ἀπεμπολοῦσιν</em></strong></span> <span class='ocrx_word' id='word_1_91' title='bbox 892 820 997 862; x_wconf 79' lang='grc' dir='ltr'><strong><em>αὐτὰ</em></strong></span> <span class='ocrx_word' id='word_1_92' title='bbox 1018 821 1073 870; x_wconf 79' lang='grc' dir='ltr'><strong><em>εἷς</em></strong></span> <span class='ocrx_word' id='word_1_93' title='bbox 1089 820 1185 870; x_wconf 76' lang='grc' dir='ltr'><strong><em>τοὺς</em></strong></span> <span class='ocrx_word' id='word_1_94' title='bbox 1198 817 1311 869; x_wconf 81' lang='grc' dir='ltr'><strong><em>Ῥῶς.</em></strong></span> <span class='ocrx_word' id='word_1_95' title='bbox 1370 819 1406 861; x_wconf 79' lang='grc' dir='ltr'><strong><em>οἳ</em></strong></span> <span class='ocrx_word' id='word_1_96' title='bbox 1427 819 1470 859; x_wconf 73' lang='grc' dir='ltr'><strong><em>δὲ</em></strong></span> <span class='ocrx_word' id='word_1_97' title='bbox 1484 815 1585 866; x_wconf 80' lang='grc' dir='ltr'><strong><em>Ῥῶς</em></strong></span> 
     </span>
     <span class='ocr_line' id='line_1_11' title="bbox 63 883 1586 948; baseline -0.005 -13"><span class='ocrx_word' id='word_1_98' title='bbox 63 899 109 936; x_wconf 86' lang='grc'><strong><em>10</em></strong></span> <span class='ocrx_word' id='word_1_99' title='bbox 119 891 316 948; x_wconf 79' lang='grc' dir='ltr'><strong><em>σκαφίδια</em></strong></span> <span class='ocrx_word' id='word_1_100' title='bbox 342 891 410 933; x_wconf 84' lang='grc' dir='ltr'><strong><em>καὶ</em></strong></span> <span class='ocrx_word' id='word_1_101' title='bbox 434 887 541 944; x_wconf 89' lang='grc' dir='ltr'><strong><em>μόνα</em></strong></span> <span class='ocrx_word' id='word_1_102' title='bbox 572 893 702 932; x_wconf 80' lang='grc' dir='ltr'><strong><em>ταῦτα</em></strong></span> <span class='ocrx_word' id='word_1_103' title='bbox 735 887 998 946; x_wconf 80' lang='grc' dir='ltr'><strong><em>ἀγοράζοντες</em></strong></span> <span class='ocrx_word' id='word_1_104' title='bbox 1005 921 1019 941; x_wconf 93' lang='grc'><strong><em>,</em></strong></span> <span class='ocrx_word' id='word_1_105' title='bbox 1049 888 1100 931; x_wconf 82' lang='grc' dir='ltr'><strong><em>τὰ</em></strong></span> <span class='ocrx_word' id='word_1_106' title='bbox 1124 888 1280 930; x_wconf 81' lang='grc' dir='ltr'><strong><em>παλαιὰ</em></strong></span> <span class='ocrx_word' id='word_1_107' title='bbox 1305 888 1436 930; x_wconf 76' lang='grc' dir='ltr'><strong><em>αὐτῶν</em></strong></span> <span class='ocrx_word' id='word_1_108' title='bbox 1460 883 1586 940; x_wconf 90' lang='grc' dir='ltr'><strong><em>μονό-</em></strong></span> 
     </span>
     <span class='ocr_line' id='line_1_12' title="bbox 118 954 1587 1012; baseline -0.005 -10"><span class='ocrx_word' id='word_1_109' title='bbox 118 962 220 1011; x_wconf 79' lang='grc' dir='ltr'><strong><em>ξυλα</em></strong></span> <span class='ocrx_word' id='word_1_110' title='bbox 253 956 520 1008; x_wconf 77' lang='grc' dir='ltr'><strong><em>καταλύοντες</em></strong></span> <span class='ocrx_word' id='word_1_111' title='bbox 552 959 595 1008; x_wconf 76' lang='grc' dir='ltr'><strong><em>ἒξ</em></strong></span> <span class='ocrx_word' id='word_1_112' title='bbox 627 957 760 1000; x_wconf 75' lang='grc' dir='ltr'><strong><em>αὐτῶν</em></strong></span> <span class='ocrx_word' id='word_1_113' title='bbox 786 956 986 1012; x_wconf 80' lang='grc' dir='ltr'><strong><em>βάλλουσι</em></strong></span> <span class='ocrx_word' id='word_1_114' title='bbox 1015 959 1082 1000; x_wconf 82' lang='grc' dir='ltr'><strong><em>καὶ</em></strong></span> <span class='ocrx_word' id='word_1_115' title='bbox 1110 957 1260 1007; x_wconf 80' lang='grc' dir='ltr'><strong><em>πέλλας</em></strong></span> <span class='ocrx_word' id='word_1_116' title='bbox 1284 958 1353 999; x_wconf 88' lang='grc' dir='ltr'><strong><em>καὶ</em></strong></span> <span class='ocrx_word' id='word_1_117' title='bbox 1379 954 1587 1011; x_wconf 82' lang='grc' dir='ltr'><strong><em>σκαρμοὺς</em></strong></span> 
     </span>
     <span class='ocr_line' id='line_1_13' title="bbox 120 1023 1587 1083; baseline -0.003 -13"><span class='ocrx_word' id='word_1_118' title='bbox 120 1029 177 1078; x_wconf 74' lang='grc' dir='ltr'><strong><em>εἷς</em></strong></span> <span class='ocrx_word' id='word_1_119' title='bbox 218 1026 323 1070; x_wconf 79' lang='grc' dir='ltr'><strong><em>αὗτὰ</em></strong></span> <span class='ocrx_word' id='word_1_120' title='bbox 356 1028 423 1070; x_wconf 81' lang='grc' dir='ltr'><strong><em>καὶ</em></strong></span> <span class='ocrx_word' id='word_1_121' title='bbox 452 1026 597 1077; x_wconf 84' lang='grc' dir='ltr'><strong><em>λοιπὰς</em></strong></span> <span class='ocrx_word' id='word_1_122' title='bbox 621 1027 785 1083; x_wconf 82' lang='grc' dir='ltr'><strong><em>χρείας,</em></strong></span> <span class='ocrx_word' id='word_1_123' title='bbox 829 1027 1099 1078; x_wconf 75' lang='grc' dir='ltr'><strong><em>ἓξοπλίζουσιν</em></strong></span> <span class='ocrx_word' id='word_1_124' title='bbox 1133 1023 1251 1068; x_wconf 85' lang='grc' dir='ltr'><strong><em>αὗτά.</em></strong></span> <span class='ocrx_word' id='word_1_125' title='bbox 1321 1026 1388 1067; x_wconf 86' lang='grc' dir='ltr'><strong><em>καὶ</em></strong></span> <span class='ocrx_word' id='word_1_126' title='bbox 1420 1024 1587 1066; x_wconf 80' lang='grc' dir='ltr'><strong><em>Ἰουνίου</em></strong></span> 
     </span>
     <span class='ocr_line' id='line_1_14' title="bbox 118 1092 1590 1152; baseline -0.003 -13"><span class='ocrx_word' id='word_1_127' title='bbox 118 1096 247 1152; x_wconf 80' lang='grc' dir='ltr'><strong><em>μηνὸς</em></strong></span> <span class='ocrx_word' id='word_1_128' title='bbox 274 1096 342 1139; x_wconf 77' lang='grc' dir='ltr'><strong><em>διὰ</em></strong></span> <span class='ocrx_word' id='word_1_129' title='bbox 369 1099 444 1139; x_wconf 81' lang='grc' dir='ltr'><strong><em>τοῦ</em></strong></span> <span class='ocrx_word' id='word_1_130' title='bbox 468 1099 656 1149; x_wconf 83' lang='grc' dir='ltr'><strong><em>ποταμοῦ</em></strong></span> <span class='ocrx_word' id='word_1_131' title='bbox 673 1093 926 1152; x_wconf 87' lang='grc' dir='ltr'><strong><em>Δανάπρεως</em></strong></span> <span class='ocrx_word' id='word_1_132' title='bbox 949 1094 1231 1144; x_wconf 71' lang='grc' dir='ltr'><strong><em>ἀποκινοῦντες</em></strong></span> <span class='ocrx_word' id='word_1_133' title='bbox 1249 1094 1511 1147; x_wconf 73' lang='grc' dir='ltr'><strong><em>κατέρχονται</em></strong></span> <span class='ocrx_word' id='word_1_134' title='bbox 1534 1092 1590 1142; x_wconf 79' lang='grc' dir='ltr'><strong><em>εἷς</em></strong></span> 
     </span>
     <span class='ocr_line' id='line_1_15' title="bbox 94 1159 1591 1221; baseline -0.004 -13"><span class='ocrx_word' id='word_1_135' title='bbox 94 1159 167 1208; x_wconf 58' lang='grc' dir='ltr'><strong><em>’τὸ</em></strong></span> <span class='ocrx_word' id='word_1_136' title='bbox 199 1164 440 1219; x_wconf 79' lang='grc' dir='ltr'><strong><em>Βιτετζὲβη,</em></strong></span> <span class='ocrx_word' id='word_1_137' title='bbox 485 1163 582 1221; x_wconf 78' lang='grc' dir='ltr'><strong><em>ὅπερ</em></strong></span> <span class='ocrx_word' id='word_1_138' title='bbox 615 1164 699 1207; x_wconf 66' lang='grc' dir='ltr'><strong><em>ἐστὶ</em></strong></span> <span class='ocrx_word' id='word_1_139' title='bbox 730 1163 999 1207; x_wconf 83' lang='grc' dir='ltr'><strong><em>πακτιωτικὸν</em></strong></span> <span class='ocrx_word' id='word_1_140' title='bbox 1021 1161 1198 1221; x_wconf 86' lang='grc' dir='ltr'><strong><em>κάστρον</em></strong></span> <span class='ocrx_word' id='word_1_141' title='bbox 1231 1166 1312 1205; x_wconf 80' lang='grc' dir='ltr'><strong><em>τῶν</em></strong></span> <span class='ocrx_word' id='word_1_142' title='bbox 1342 1160 1455 1212; x_wconf 82' lang='grc' dir='ltr'><strong><em>Ῥῶς.</em></strong></span> <span class='ocrx_word' id='word_1_143' title='bbox 1522 1161 1591 1203; x_wconf 82' lang='grc' dir='ltr'><strong><em>καὶ</em></strong></span> 
     </span>
     <span class='ocr_line' id='line_1_16' title="bbox 69 1227 1591 1290; baseline -0.004 -14"><span class='ocrx_word' id='word_1_144' title='bbox 69 1231 481 1290; x_wconf 76' lang='grc' dir='ltr'><strong><em>15συναθροιζόμενοι</em></strong></span> <span class='ocrx_word' id='word_1_145' title='bbox 513 1233 635 1276; x_wconf 71' lang='grc' dir='ltr'><strong><em>ἐκεῖσε</em></strong></span> <span class='ocrx_word' id='word_1_146' title='bbox 669 1232 788 1289; x_wconf 74' lang='grc' dir='ltr'><strong><em>μέχρι</em></strong></span> <span class='ocrx_word' id='word_1_147' title='bbox 817 1230 891 1275; x_wconf 79' lang='grc' dir='ltr'><strong><em>δύο</em></strong></span> <span class='ocrx_word' id='word_1_148' title='bbox 924 1234 992 1275; x_wconf 81' lang='grc' dir='ltr'><strong><em>καὶ</em></strong></span> <span class='ocrx_word' id='word_1_149' title='bbox 1027 1237 1148 1288; x_wconf 81' lang='grc' dir='ltr'><strong><em>τριῶν</em></strong></span> <span class='ocrx_word' id='word_1_150' title='bbox 1178 1229 1364 1287; x_wconf 71' lang='grc' dir='ltr'><strong><em>ἡμερῶν,</em></strong></span> <span class='ocrx_word' id='word_1_151' title='bbox 1397 1228 1515 1285; x_wconf 66' lang='grc' dir='ltr'><strong><em>ἡνίκα</em></strong></span> <span class='ocrx_word' id='word_1_152' title='bbox 1541 1227 1591 1271; x_wconf 75' lang='grc' dir='ltr'><strong><em>ἂν</em></strong></span> 
     </span>
     <span class='ocr_line' id='line_1_17' title="bbox 121 1297 1592 1354; baseline -0.003 -10"><span class='ocrx_word' id='word_1_153' title='bbox 121 1300 283 1344; x_wconf 79' lang='grc' dir='ltr'><strong><em>ἅπαντα</em></strong></span> <span class='ocrx_word' id='word_1_154' title='bbox 307 1301 627 1354; x_wconf 72' lang='grc' dir='ltr'><strong><em>ἀποσυναχθῶσι</em></strong></span> <span class='ocrx_word' id='word_1_155' title='bbox 653 1300 704 1343; x_wconf 79' lang='grc' dir='ltr'><strong><em>τὰ</em></strong></span> <span class='ocrx_word' id='word_1_156' title='bbox 734 1298 961 1354; x_wconf 77' lang='grc' dir='ltr'><strong><em>μονόξυλα,</em></strong></span> <span class='ocrx_word' id='word_1_157' title='bbox 995 1298 1084 1342; x_wconf 89' lang='grc' dir='ltr'><strong><em>τότε</em></strong></span> <span class='ocrx_word' id='word_1_158' title='bbox 1109 1300 1343 1342; x_wconf 74' lang='grc' dir='ltr'><strong><em>ἀποκινοῦσι</em></strong></span> <span class='ocrx_word' id='word_1_159' title='bbox 1362 1300 1429 1340; x_wconf 86' lang='grc' dir='ltr'><strong><em>καὶ</em></strong></span> <span class='ocrx_word' id='word_1_160' title='bbox 1448 1297 1592 1354; x_wconf 73' lang='grc' dir='ltr'><strong><em>κατέρ-</em></strong></span> 
     </span>
     <span class='ocr_line' id='line_1_18' title="bbox 118 1366 1592 1427; baseline -0.002 -15"><span class='ocrx_word' id='word_1_161' title='bbox 118 1386 260 1425; x_wconf 90' lang='grc' dir='ltr'><strong><em>χονται</em></strong></span> <span class='ocrx_word' id='word_1_162' title='bbox 281 1368 349 1412; x_wconf 79' lang='grc' dir='ltr'><strong><em>διὰ</em></strong></span> <span class='ocrx_word' id='word_1_163' title='bbox 368 1374 441 1412; x_wconf 82' lang='grc' dir='ltr'><strong><em>τοῦ</em></strong></span> <span class='ocrx_word' id='word_1_164' title='bbox 460 1369 669 1427; x_wconf 71' lang='grc' dir='ltr'><strong><em>εῗρημένου</em></strong></span> <span class='ocrx_word' id='word_1_165' title='bbox 689 1367 946 1427; x_wconf 84' lang='grc' dir='ltr'><strong><em>Λανάπρεως</em></strong></span> <span class='ocrx_word' id='word_1_166' title='bbox 967 1372 1168 1423; x_wconf 82' lang='grc' dir='ltr'><strong><em>ποταμοῦ.</em></strong></span> <span class='ocrx_word' id='word_1_167' title='bbox 1237 1369 1305 1411; x_wconf 79' lang='grc' dir='ltr'><strong><em>καὶ</em></strong></span> <span class='ocrx_word' id='word_1_168' title='bbox 1331 1372 1491 1424; x_wconf 86' lang='grc' dir='ltr'><strong><em>πρῶτον</em></strong></span> <span class='ocrx_word' id='word_1_169' title='bbox 1518 1366 1592 1421; x_wconf 69' lang='grc' dir='ltr'><strong><em>μὲν</em></strong></span> 
     </span>
     <span class='ocr_line' id='line_1_19' title="bbox 121 1434 1592 1496; baseline -0.003 -15"><span class='ocrx_word' id='word_1_170' title='bbox 121 1438 308 1496; x_wconf 67' lang='grc' dir='ltr'><strong><em>ἔρχονται</em></strong></span> <span class='ocrx_word' id='word_1_171' title='bbox 339 1439 396 1488; x_wconf 75' lang='grc' dir='ltr'><strong><em>εἷς</em></strong></span> <span class='ocrx_word' id='word_1_172' title='bbox 424 1437 495 1482; x_wconf 82' lang='grc' dir='ltr'><strong><em>τὸν</em></strong></span> <span class='ocrx_word' id='word_1_173' title='bbox 522 1442 682 1495; x_wconf 84' lang='grc' dir='ltr'><strong><em>πρῶτον</em></strong></span> <span class='ocrx_word' id='word_1_174' title='bbox 710 1437 899 1495; x_wconf 81' lang='grc' dir='ltr'><strong><em>φραγμὸν</em></strong></span> <span class='ocrx_word' id='word_1_175' title='bbox 921 1437 991 1480; x_wconf 84' lang='grc' dir='ltr'><strong><em>τὸν</em></strong></span> <span class='ocrx_word' id='word_1_176' title='bbox 1011 1434 1355 1491; x_wconf 74' lang='grc' dir='ltr'><strong><em>ἐπονομαζόμενον</em></strong></span> <span class='ocrx_word' id='word_1_177' title='bbox 1372 1437 1592 1490; x_wconf 83' lang='grc' dir='ltr'><strong><em>Ἐσσουπῆ,</em></strong></span> 
     </span>
     <span class='ocr_line' id='line_1_20' title="bbox 123 1502 1593 1564; baseline -0.003 -14"><span class='ocrx_word' id='word_1_178' title='bbox 123 1506 148 1550; x_wconf 81' lang='grc' dir='ltr'>ὃ</span> <span class='ocrx_word' id='word_1_179' title='bbox 180 1505 440 1564; x_wconf 70' lang='grc' dir='ltr'><strong><em>ἑρμηνεύεται</em></strong></span> <span class='ocrx_word' id='word_1_180' title='bbox 463 1504 648 1549; x_wconf 81' lang='grc' dir='ltr'><strong><em>Ῥωσιστὶ</em></strong></span> <span class='ocrx_word' id='word_1_181' title='bbox 685 1509 752 1548; x_wconf 83' lang='grc' dir='ltr'><strong><em>καὶ</em></strong></span> <span class='ocrx_word' id='word_1_182' title='bbox 783 1507 1045 1560; x_wconf 79' lang='grc' dir='ltr'><strong><em>Σκλαβινιστὶ</em></strong></span> <span class='ocrx_word' id='word_1_183' title='bbox 1081 1505 1140 1561; x_wconf 85' lang='grc' dir='ltr'><strong><em>μὴ</em></strong></span> <span class='ocrx_word' id='word_1_184' title='bbox 1180 1509 1420 1560; x_wconf 73' lang='grc' dir='ltr'><strong><em>κοιμᾶσθαι.</em></strong></span> <span class='ocrx_word' id='word_1_185' title='bbox 1495 1502 1515 1546; x_wconf 84' lang='grc' dir='ltr'><em>ὃ</em></span> <span class='ocrx_word' id='word_1_186' title='bbox 1549 1504 1593 1546; x_wconf 73' lang='grc' dir='ltr'><strong><em>δὲ</em></strong></span> 
     </span>
     <span class='ocr_line' id='line_1_21' title="bbox 67 1572 1594 1634; baseline -0.003 -14"><span class='ocrx_word' id='word_1_187' title='bbox 67 1573 269 1622; x_wconf 73' lang='grc' dir='ltr'><strong><em>Ξοτοῦτου</em></strong></span> <span class='ocrx_word' id='word_1_188' title='bbox 301 1574 491 1634; x_wconf 78' lang='grc' dir='ltr'><strong><em>φραγμός</em></strong></span> <span class='ocrx_word' id='word_1_189' title='bbox 523 1572 716 1618; x_wconf 81' lang='grc' dir='ltr'><strong><em>τοσοῦτόν</em></strong></span> <span class='ocrx_word' id='word_1_190' title='bbox 737 1575 820 1618; x_wconf 77' lang='grc' dir='ltr'><strong><em>ἔστι</em></strong></span> <span class='ocrx_word' id='word_1_191' title='bbox 841 1575 977 1626; x_wconf 83' lang='grc' dir='ltr'><strong><em>στενὸς</em></strong></span> <span class='ocrx_word' id='word_1_192' title='bbox 1001 1573 1096 1618; x_wconf 82' lang='grc' dir='ltr'><strong><em>ὅσον</em></strong></span> <span class='ocrx_word' id='word_1_193' title='bbox 1114 1574 1160 1618; x_wconf 85' lang='grc' dir='ltr'><strong><em>τὸ</em></strong></span> <span class='ocrx_word' id='word_1_194' title='bbox 1181 1573 1334 1624; x_wconf 78' lang='grc' dir='ltr'><strong><em>πλάτος</em></strong></span> <span class='ocrx_word' id='word_1_195' title='bbox 1351 1578 1424 1617; x_wconf 74' lang='grc' dir='ltr'><strong><em>τοῦ</em></strong></span> <span class='ocrx_word' id='word_1_196' title='bbox 1447 1576 1594 1626; x_wconf 80' lang='grc' dir='ltr'><strong><em>τζυκα-</em></strong></span> 
     </span>
     <span class='ocr_line' id='line_1_22' title="bbox 122 1641 1594 1702; baseline -0.003 -15"><span class='ocrx_word' id='word_1_197' title='bbox 122 1645 350 1702; x_wconf 82' lang='grc' dir='ltr'><strong><em>νιστηρίου·</em></strong></span> <span class='ocrx_word' id='word_1_198' title='bbox 382 1644 507 1699; x_wconf 75' lang='grc' dir='ltr'><strong><em>μέσον</em></strong></span> <span class='ocrx_word' id='word_1_199' title='bbox 538 1644 583 1686; x_wconf 74' lang='grc' dir='ltr'><strong><em>δὲ</em></strong></span> <span class='ocrx_word' id='word_1_200' title='bbox 609 1643 736 1686; x_wconf 74' lang='grc' dir='ltr'><strong><em>αὐτοῦ</em></strong></span> <span class='ocrx_word' id='word_1_201' title='bbox 760 1644 903 1700; x_wconf 77' lang='grc' dir='ltr'><strong><em>πέτραι</em></strong></span> <span class='ocrx_word' id='word_1_202' title='bbox 931 1645 1005 1687; x_wconf 80' lang='grc' dir='ltr'><strong><em>εἶσὶ</em></strong></span> <span class='ocrx_word' id='word_1_203' title='bbox 1038 1643 1226 1701; x_wconf 78' lang='grc' dir='ltr'><strong><em>ῥιζικαῖαι</em></strong></span> <span class='ocrx_word' id='word_1_204' title='bbox 1256 1641 1414 1698; x_wconf 70' lang='grc' dir='ltr'><strong><em>ὑψηλαὶ</em></strong></span> <span class='ocrx_word' id='word_1_205' title='bbox 1447 1643 1594 1698; x_wconf 78' lang='grc' dir='ltr'><strong><em>νησίων</em></strong></span> 
     </span>
     <span class='ocr_line' id='line_1_23' title="bbox 124 1703 1595 1771; baseline -0.002 -15"><span class='ocrx_word' id='word_1_206' title='bbox 124 1714 240 1769; x_wconf 79' lang='grc' dir='ltr'><strong><em>δίκην</em></strong></span> <span class='ocrx_word' id='word_1_207' title='bbox 272 1711 607 1771; x_wconf 79' lang='grc' dir='ltr'><strong><em>ἅποφαινόμεναι.</em></strong></span> <span class='ocrx_word' id='word_1_208' title='bbox 676 1703 779 1770; x_wconf 84' lang='grc' dir='ltr'><strong><em>πρὸς</em></strong></span> <span class='ocrx_word' id='word_1_209' title='bbox 809 1712 936 1764; x_wconf 73' lang='grc' dir='ltr'><strong><em>αὐτὰς</em></strong></span> <span class='ocrx_word' id='word_1_210' title='bbox 963 1707 1035 1756; x_wconf 63' lang='grc' dir='ltr'><strong><em>οὖν</em></strong></span> <span class='ocrx_word' id='word_1_211' title='bbox 1060 1710 1276 1770; x_wconf 72' lang='grc' dir='ltr'><strong><em>ἐρχόμενον</em></strong></span> <span class='ocrx_word' id='word_1_212' title='bbox 1307 1711 1353 1754; x_wconf 86' lang='grc' dir='ltr'><strong><em>τὸ</em></strong></span> <span class='ocrx_word' id='word_1_213' title='bbox 1384 1710 1497 1769; x_wconf 72' lang='grc' dir='ltr'><strong><em>ὕδωρ</em></strong></span> <span class='ocrx_word' id='word_1_214' title='bbox 1527 1712 1595 1753; x_wconf 83' lang='grc' dir='ltr'><strong><em>καὶ</em></strong></span> 
     </span>
    </p>
   </div>
   <div class='ocr_carea' id='block_1_3' title="bbox 216 1836 1598 2024">
    <p class='ocr_par' dir='ltr' id='par_1_3' title="bbox 216 1836 1598 2024">
     <span class='ocr_line' id='line_1_24' title="bbox 217 1836 1596 1887; baseline -0.003 -9"><span class='ocrx_word' id='word_1_215' title='bbox 217 1842 241 1878; x_wconf 88' lang='grc'>5</span> <span class='ocrx_word' id='word_1_216' title='bbox 264 1841 364 1887; x_wconf 76' lang='grc' dir='ltr'><strong><em>λυθῇ</em></strong></span> <span class='ocrx_word' id='word_1_217' title='bbox 385 1841 425 1876; x_wconf 89' lang='grc' dir='ltr'><strong>Μ</strong></span> <span class='ocrx_word' id='word_1_218' title='bbox 541 1843 563 1878; x_wconf 91' lang='grc'>8</span> <span class='ocrx_word' id='word_1_219' title='bbox 586 1840 650 1876; x_wconf 77' lang='grc' dir='ltr'><strong><em>καὶ</em></strong></span> <span class='ocrx_word' id='word_1_220' title='bbox 673 1838 900 1885; x_wconf 73' lang='grc' dir='ltr'><strong><em>ἀπέρχονται</em></strong></span> <span class='ocrx_word' id='word_1_221' title='bbox 923 1855 977 1878; x_wconf 89' lang='lat' dir='ltr'><strong><em>om</em></strong></span> <span class='ocrx_word' id='word_1_222' title='bbox 1002 1843 1042 1877; x_wconf 90' lang='lat' dir='ltr'><strong>M</strong></span> <span class='ocrx_word' id='word_1_223' title='bbox 1159 1842 1203 1882; x_wconf 74' lang='lat'><strong><em>12</em></strong></span> <span class='ocrx_word' id='word_1_224' title='bbox 1224 1841 1287 1880; x_wconf 75' lang='grc' dir='ltr'><strong><em>καὶ</em></strong></span> <span class='ocrx_word' id='word_1_225' title='bbox 1312 1836 1433 1881; x_wconf 69' lang='grc' dir='ltr'><strong><em>οὕτως</em></strong></span> <span class='ocrx_word' id='word_1_226' title='bbox 1456 1838 1596 1883; x_wconf 77' lang='grc' dir='ltr'><strong><em>ἐξοπλί-</em></strong></span> 
     </span>
     <span class='ocr_line' id='line_1_25' title="bbox 216 1885 1597 1931; baseline -0.001 -9"><span class='ocrx_word' id='word_1_227' title='bbox 216 1887 369 1930; x_wconf 69' lang='grc' dir='ltr'><strong><em>ζουσινί)</em></strong></span> <span class='ocrx_word' id='word_1_228' title='bbox 521 1888 567 1924; x_wconf 85' lang='grc'><strong><em>13</em></strong></span> <span class='ocrx_word' id='word_1_229' title='bbox 605 1886 837 1930; x_wconf 80' lang='grc' dir='ltr'><strong><em>Δανάπρεως</em></strong></span> <span class='ocrx_word' id='word_1_230' title='bbox 877 1889 945 1923; x_wconf 88' lang='lat' dir='ltr'><strong><em>add</em></strong></span> <span class='ocrx_word' id='word_1_231' title='bbox 983 1888 1013 1922; x_wconf 93' lang='lat' dir='ltr'>B</span> <span class='ocrx_word' id='word_1_232' title='bbox 1170 1889 1214 1923; x_wconf 86' lang='lat'><strong><em>19</em></strong></span> <span class='ocrx_word' id='word_1_233' title='bbox 1254 1885 1520 1931; x_wconf 73' lang='grc' dir='ltr'><strong><em>ἑρμηνεύονται</em></strong></span> <span class='ocrx_word' id='word_1_234' title='bbox 1556 1886 1597 1921; x_wconf 93' lang='grc' dir='ltr'><strong>Μ</strong></span> 
     </span>
     <span class='ocr_line' id='line_1_26' title="bbox 217 1930 1598 2024; baseline -0.001 -56"><span class='ocrx_word' id='word_1_235' title='bbox 217 1930 409 2024; x_wconf 53' lang='grc' dir='ltr'><strong><em>ἕῖζιξιιέίιῖῖὲἕι</em></strong></span> <span class='ocrx_word' id='word_1_236' title='bbox 427 1932 532 1979; x_wconf 81' lang='lat' dir='ltr'>vulgo</span> <span class='ocrx_word' id='word_1_237' title='bbox 671 1935 715 1969; x_wconf 72' lang='lat'><strong><em>21</em></strong></span> <span class='ocrx_word' id='word_1_238' title='bbox 750 1932 926 1977; x_wconf 78' lang='grc' dir='ltr'><strong><em>ριζικαῖαι</em></strong></span> <span class='ocrx_word' id='word_1_239' title='bbox 956 1933 1159 1979; x_wconf 75' lang='lat' dir='ltr'><strong><em>Ducangius</em></strong></span> <span class='ocrx_word' id='word_1_240' title='bbox 1191 1933 1252 1968; x_wconf 87' lang='lat' dir='ltr'><strong><em>Gl.</em></strong></span> <span class='ocrx_word' id='word_1_241' title='bbox 1278 1935 1344 1969; x_wconf 85' lang='lat' dir='ltr'><strong><em>Gr.</em></strong></span> <span class='ocrx_word' id='word_1_242' title='bbox 1369 1945 1400 1971; x_wconf 78' lang='lat' dir='ltr'><strong><em>S.</em></strong></span> <span class='ocrx_word' id='word_1_243' title='bbox 1425 1945 1482 1970; x_wconf 53' lang='lat' dir='ltr'><strong><em>va</em></strong></span> <span class='ocrx_word' id='word_1_244' title='bbox 1515 1932 1598 1969; x_wconf 83' lang='lat' dir='ltr'><strong>libri</strong></span> 
     </span>
    </p>
   </div>
   <div class='ocr_carea' id='block_1_4' title="bbox 127 2091 1605 2881">
    <p class='ocr_par' dir='ltr' id='par_1_4' title="bbox 127 2091 1605 2881">
     <span class='ocr_line' id='line_1_27' title="bbox 128 2091 1598 2139; baseline 0 -11"><span class='ocrx_word' id='word_1_245' title='bbox 128 2097 279 2128; x_wconf 79' lang='lat' dir='ltr'><strong>castrum</strong></span> <span class='ocrx_word' id='word_1_246' title='bbox 303 2091 455 2137; x_wconf 88' lang='lat' dir='ltr'>Cioaba,</span> <span class='ocrx_word' id='word_1_247' title='bbox 482 2092 540 2127; x_wconf 93' lang='lat' dir='ltr'><strong><em>cui</em></strong></span> <span class='ocrx_word' id='word_1_248' title='bbox 562 2104 753 2139; x_wconf 84' lang='lat' dir='ltr'><strong>cognomen</strong></span> <span class='ocrx_word' id='word_1_249' title='bbox 776 2094 975 2129; x_wconf 78' lang='lat' dir='ltr'>Sambatas.</span> <span class='ocrx_word' id='word_1_250' title='bbox 1023 2093 1144 2128; x_wconf 83' lang='lat' dir='ltr'><strong><em>Sclavi</em></strong></span> <span class='ocrx_word' id='word_1_251' title='bbox 1169 2097 1283 2128; x_wconf 84' lang='lat' dir='ltr'><strong>autem</strong></span> <span class='ocrx_word' id='word_1_252' title='bbox 1305 2094 1461 2139; x_wconf 87' lang='lat' dir='ltr'><strong><em>ipsorum</em></strong></span> <span class='ocrx_word' id='word_1_253' title='bbox 1483 2093 1598 2129; x_wconf 85' lang='lat' dir='ltr'><strong><em>tribu-</em></strong></span> 
     </span>
     <span class='ocr_line' id='line_1_28' title="bbox 127 2138 1597 2185; baseline 0.001 -10"><span class='ocrx_word' id='word_1_254' title='bbox 127 2139 231 2184; x_wconf 81' lang='lat' dir='ltr'><strong><em>tarii,</em></strong></span> <span class='ocrx_word' id='word_1_255' title='bbox 262 2138 488 2174; x_wconf 77' lang='lat' dir='ltr'><strong><em>Cribetaeeni</em></strong></span> <span class='ocrx_word' id='word_1_256' title='bbox 511 2138 597 2174; x_wconf 82' lang='lat' dir='ltr'><strong><em>dicti</em></strong></span> <span class='ocrx_word' id='word_1_257' title='bbox 621 2146 658 2175; x_wconf 83' lang='lat' dir='ltr'><strong><em>et</em></strong></span> <span class='ocrx_word' id='word_1_258' title='bbox 681 2140 902 2185; x_wconf 86' lang='lat' dir='ltr'>Lenzaneni‚</span> <span class='ocrx_word' id='word_1_259' title='bbox 929 2152 1064 2175; x_wconf 85' lang='lat' dir='ltr'>necnon</span> <span class='ocrx_word' id='word_1_260' title='bbox 1088 2140 1198 2175; x_wconf 88' lang='lat' dir='ltr'><strong><em>ceteri</em></strong></span> <span class='ocrx_word' id='word_1_261' title='bbox 1223 2139 1414 2184; x_wconf 87' lang='lat' dir='ltr'><strong><em>Sclavinii‚</em></strong></span> <span class='ocrx_word' id='word_1_262' title='bbox 1438 2140 1474 2174; x_wconf 92' lang='lat' dir='ltr'><strong><em>in</em></strong></span> <span class='ocrx_word' id='word_1_263' title='bbox 1498 2152 1597 2176; x_wconf 90' lang='lat' dir='ltr'>mon—</span> 
     </span>
     <span class='ocr_line' id='line_1_29' title="bbox 127 2185 1599 2232; baseline 0.001 -12"><span class='ocrx_word' id='word_1_264' title='bbox 127 2186 224 2220; x_wconf 79' lang='lat' dir='ltr'><strong>tibus</strong></span> <span class='ocrx_word' id='word_1_265' title='bbox 253 2185 327 2220; x_wconf 76' lang='lat' dir='ltr'><strong><em>suis</em></strong></span> <span class='ocrx_word' id='word_1_266' title='bbox 358 2185 545 2229; x_wconf 87' lang='lat' dir='ltr'>monoxyla</span> <span class='ocrx_word' id='word_1_267' title='bbox 574 2186 651 2220; x_wconf 81' lang='lat' dir='ltr'><strong>sive</strong></span> <span class='ocrx_word' id='word_1_268' title='bbox 682 2186 806 2221; x_wconf 84' lang='lat' dir='ltr'>lintres</span> <span class='ocrx_word' id='word_1_269' title='bbox 836 2187 959 2221; x_wconf 85' lang='lat' dir='ltr'><strong>hiemis</strong></span> <span class='ocrx_word' id='word_1_270' title='bbox 982 2192 1140 2232; x_wconf 83' lang='lat' dir='ltr'>tempore</span> <span class='ocrx_word' id='word_1_271' title='bbox 1166 2187 1335 2230; x_wconf 87' lang='lat' dir='ltr'><strong><em>caedunt,</em></strong></span> <span class='ocrx_word' id='word_1_272' title='bbox 1370 2186 1538 2231; x_wconf 82' lang='lat' dir='ltr'><strong><em>ipsosque</em></strong></span> <span class='ocrx_word' id='word_1_273' title='bbox 1560 2187 1599 2221; x_wconf 86' lang='lat' dir='ltr'><strong><em>in</em></strong></span> 
     </span>
     <span class='ocr_line' id='line_1_30' title="bbox 129 2231 1601 2278; baseline 0.001 -12"><span class='ocrx_word' id='word_1_274' title='bbox 129 2236 246 2277; x_wconf 77' lang='lat' dir='ltr'>aptam</span> <span class='ocrx_word' id='word_1_275' title='bbox 268 2231 413 2266; x_wconf 85' lang='lat' dir='ltr'>formam</span> <span class='ocrx_word' id='word_1_276' title='bbox 435 2232 678 2277; x_wconf 85' lang='lat' dir='ltr'><strong><em>concinnatos,</em></strong></span> <span class='ocrx_word' id='word_1_277' title='bbox 704 2238 888 2278; x_wconf 80' lang='lat' dir='ltr'>postquam</span> <span class='ocrx_word' id='word_1_278' title='bbox 912 2233 1000 2267; x_wconf 84' lang='lat' dir='ltr'><strong><em>sudo</em></strong></span> <span class='ocrx_word' id='word_1_279' title='bbox 1026 2240 1062 2267; x_wconf 84' lang='lat' dir='ltr'><strong><em>et</em></strong></span> <span class='ocrx_word' id='word_1_280' title='bbox 1080 2244 1204 2268; x_wconf 81' lang='lat' dir='ltr'>sereno</span> <span class='ocrx_word' id='word_1_281' title='bbox 1227 2234 1310 2267; x_wconf 56' lang='lat' dir='ltr'>aare</span> <span class='ocrx_word' id='word_1_282' title='bbox 1332 2232 1446 2267; x_wconf 84' lang='lat' dir='ltr'>soluta</span> <span class='ocrx_word' id='word_1_283' title='bbox 1469 2233 1601 2278; x_wconf 82' lang='lat' dir='ltr'><strong>glacies</strong></span> 
     </span>
     <span class='ocr_line' id='line_1_31' title="bbox 130 2276 1601 2326; baseline 0.002 -15"><span class='ocrx_word' id='word_1_284' title='bbox 130 2282 206 2321; x_wconf 79' lang='lat' dir='ltr'>ost,</span> <span class='ocrx_word' id='word_1_285' title='bbox 239 2276 277 2311; x_wconf 90' lang='lat' dir='ltr'><strong><em>in</em></strong></span> <span class='ocrx_word' id='word_1_286' title='bbox 299 2276 475 2322; x_wconf 86' lang='lat' dir='ltr'>proximas</span> <span class='ocrx_word' id='word_1_287' title='bbox 496 2278 641 2323; x_wconf 79' lang='lat' dir='ltr'>paludes</span> <span class='ocrx_word' id='word_1_288' title='bbox 665 2279 855 2313; x_wconf 85' lang='lat' dir='ltr'><strong><em>deducunt.</em></strong></span> <span class='ocrx_word' id='word_1_289' title='bbox 903 2284 1086 2324; x_wconf 83' lang='lat' dir='ltr'><strong>postquam</strong></span> <span class='ocrx_word' id='word_1_290' title='bbox 1110 2284 1224 2314; x_wconf 87' lang='lat' dir='ltr'>autem</span> <span class='ocrx_word' id='word_1_291' title='bbox 1247 2278 1326 2312; x_wconf 85' lang='lat' dir='ltr'>illos</span> <span class='ocrx_word' id='word_1_292' title='bbox 1349 2279 1385 2313; x_wconf 94' lang='lat' dir='ltr'><strong><em>in</em></strong></span> <span class='ocrx_word' id='word_1_293' title='bbox 1408 2280 1601 2326; x_wconf 89' lang='lat' dir='ltr'>Danaprim</span> 
     </span>
     <span class='ocr_line' id='line_1_32' title="bbox 129 2323 1601 2370; baseline 0.001 -12"><span class='ocrx_word' id='word_1_294' title='bbox 129 2323 276 2358; x_wconf 83' lang='lat' dir='ltr'><strong>fluvium</strong></span> <span class='ocrx_word' id='word_1_295' title='bbox 303 2323 539 2368; x_wconf 81' lang='lat' dir='ltr'><strong><em>immiserunt,</em></strong></span> <span class='ocrx_word' id='word_1_296' title='bbox 570 2324 654 2358; x_wconf 84' lang='lat' dir='ltr'><strong><em>inde</em></strong></span> <span class='ocrx_word' id='word_1_297' title='bbox 685 2325 806 2359; x_wconf 76' lang='lat' dir='ltr'>eodem</span> <span class='ocrx_word' id='word_1_298' title='bbox 838 2325 981 2359; x_wconf 82' lang='lat' dir='ltr'><strong><em>flumine</em></strong></span> <span class='ocrx_word' id='word_1_299' title='bbox 1010 2325 1123 2360; x_wconf 84' lang='lat' dir='ltr'>Cioba</span> <span class='ocrx_word' id='word_1_300' title='bbox 1156 2336 1196 2359; x_wconf 80' lang='lat' dir='ltr'><strong><em>se</em></strong></span> <span class='ocrx_word' id='word_1_301' title='bbox 1230 2325 1435 2370; x_wconf 80' lang='lat' dir='ltr'><strong><em>conferunt,</em></strong></span> <span class='ocrx_word' id='word_1_302' title='bbox 1474 2326 1601 2360; x_wconf 84' lang='lat' dir='ltr'><strong>deinde</strong></span> 
     </span>
     <span class='ocr_line' id='line_1_33' title="bbox 131 2367 1601 2416; baseline 0.003 -13"><span class='ocrx_word' id='word_1_303' title='bbox 131 2367 317 2412; x_wconf 87' lang='lat' dir='ltr'>monoxyla</span> <span class='ocrx_word' id='word_1_304' title='bbox 339 2368 525 2403; x_wconf 82' lang='lat' dir='ltr'>extrahunt</span> <span class='ocrx_word' id='word_1_305' title='bbox 547 2376 653 2415; x_wconf 85' lang='lat' dir='ltr'><strong>atque</strong></span> <span class='ocrx_word' id='word_1_306' title='bbox 675 2371 892 2416; x_wconf 86' lang='lat' dir='ltr'><strong><em>suspendunt</em></strong></span> <span class='ocrx_word' id='word_1_307' title='bbox 912 2371 1108 2416; x_wconf 79' lang='lat' dir='ltr'><strong>Russisque</strong></span> <span class='ocrx_word' id='word_1_308' title='bbox 1127 2372 1341 2406; x_wconf 83' lang='lat' dir='ltr'>venundant.</span> <span class='ocrx_word' id='word_1_309' title='bbox 1389 2373 1498 2407; x_wconf 86' lang='lat' dir='ltr'><strong>Russi</strong></span> <span class='ocrx_word' id='word_1_310' title='bbox 1516 2384 1601 2407; x_wconf 87' lang='lat' dir='ltr'>vero</span> 
     </span>
     <span class='ocr_line' id='line_1_34' title="bbox 131 2414 1604 2462; baseline 0.004 -14"><span class='ocrx_word' id='word_1_311' title='bbox 131 2415 195 2449; x_wconf 78' lang='lat' dir='ltr'><strong><em>has</em></strong></span> <span class='ocrx_word' id='word_1_312' title='bbox 224 2420 358 2449; x_wconf 80' lang='lat' dir='ltr'>tantum</span> <span class='ocrx_word' id='word_1_313' title='bbox 389 2414 571 2460; x_wconf 83' lang='lat' dir='ltr'>scaphulas</span> <span class='ocrx_word' id='word_1_314' title='bbox 604 2423 738 2460; x_wconf 86' lang='lat' dir='ltr'>emunt,</span> <span class='ocrx_word' id='word_1_315' title='bbox 772 2428 816 2451; x_wconf 86' lang='lat' dir='ltr'><strong><em>ex</em></strong></span> <span class='ocrx_word' id='word_1_316' title='bbox 839 2417 1091 2462; x_wconf 82' lang='lat' dir='ltr'><strong><em>veteribusque</em></strong></span> <span class='ocrx_word' id='word_1_317' title='bbox 1114 2417 1238 2452; x_wconf 79' lang='lat' dir='ltr'><strong><em>solutis</em></strong></span> <span class='ocrx_word' id='word_1_318' title='bbox 1260 2429 1375 2452; x_wconf 76' lang='lat' dir='ltr'>remos</span> <span class='ocrx_word' id='word_1_319' title='bbox 1395 2418 1541 2454; x_wconf 73' lang='lat' dir='ltr'><strong><em>scaimos</em></strong></span> <span class='ocrx_word' id='word_1_320' title='bbox 1566 2426 1604 2454; x_wconf 88' lang='lat' dir='ltr'><strong><em>et</em></strong></span> 
     </span>
     <span class='ocr_line' id='line_1_35' title="bbox 131 2459 1604 2508; baseline 0.003 -13"><span class='ocrx_word' id='word_1_321' title='bbox 131 2459 302 2504; x_wconf 75' lang='lat' dir='ltr'><strong><em>reliquum</em></strong></span> <span class='ocrx_word' id='word_1_322' title='bbox 324 2466 528 2508; x_wconf 80' lang='lat' dir='ltr'>apparatum</span> <span class='ocrx_word' id='word_1_323' title='bbox 549 2462 752 2507; x_wconf 82' lang='lat' dir='ltr'><strong><em>conficiunt,</em></strong></span> <span class='ocrx_word' id='word_1_324' title='bbox 777 2473 907 2507; x_wconf 83' lang='lat' dir='ltr'><strong>easque</strong></span> <span class='ocrx_word' id='word_1_325' title='bbox 930 2463 1088 2498; x_wconf 89' lang='lat' dir='ltr'><strong><em>omnibus</em></strong></span> <span class='ocrx_word' id='word_1_326' title='bbox 1109 2464 1152 2498; x_wconf 84' lang='lat' dir='ltr'><strong><em>ad</em></strong></span> <span class='ocrx_word' id='word_1_327' title='bbox 1176 2474 1275 2498; x_wconf 87' lang='lat' dir='ltr'><strong>usum</strong></span> <span class='ocrx_word' id='word_1_328' title='bbox 1293 2464 1483 2500; x_wconf 79' lang='lat' dir='ltr'><strong><em>instruunt.</em></strong></span> <span class='ocrx_word' id='word_1_329' title='bbox 1531 2470 1604 2500; x_wconf 84' lang='lat' dir='ltr'><strong><em>tum</em></strong></span> 
     </span>
     <span class='ocr_line' id='line_1_36' title="bbox 131 2506 1604 2554; baseline 0.003 -13"><span class='ocrx_word' id='word_1_330' title='bbox 131 2517 252 2541; x_wconf 79' lang='lat' dir='ltr'>mense</span> <span class='ocrx_word' id='word_1_331' title='bbox 272 2506 374 2540; x_wconf 90' lang='lat' dir='ltr'><strong><em>Iunio</em></strong></span> <span class='ocrx_word' id='word_1_332' title='bbox 399 2518 462 2552; x_wconf 84' lang='lat' dir='ltr'><strong><em>per</em></strong></span> <span class='ocrx_word' id='word_1_333' title='bbox 483 2507 612 2542; x_wconf 81' lang='lat' dir='ltr'><strong>flumen</strong></span> <span class='ocrx_word' id='word_1_334' title='bbox 631 2509 823 2554; x_wconf 85' lang='lat' dir='ltr'>Danaprim</span> <span class='ocrx_word' id='word_1_335' title='bbox 854 2509 1060 2554; x_wconf 82' lang='lat' dir='ltr'>navigantes</span> <span class='ocrx_word' id='word_1_336' title='bbox 1084 2510 1128 2544; x_wconf 86' lang='lat' dir='ltr'><strong><em>ad</em></strong></span> <span class='ocrx_word' id='word_1_337' title='bbox 1150 2508 1336 2544; x_wconf 78' lang='lat' dir='ltr'><strong>Bitetzebe</strong></span> <span class='ocrx_word' id='word_1_338' title='bbox 1359 2516 1510 2545; x_wconf 85' lang='lat' dir='ltr'><strong>castrum</strong></span> <span class='ocrx_word' id='word_1_339' title='bbox 1534 2510 1604 2546; x_wconf 88' lang='lat' dir='ltr'><strong>sibi</strong></span> 
     </span>
     <span class='ocr_line' id='line_1_37' title="bbox 132 2551 1602 2602; baseline 0.004 -16"><span class='ocrx_word' id='word_1_340' title='bbox 132 2551 354 2587; x_wconf 82' lang='lat' dir='ltr'><strong><em>tributarium</em></strong></span> <span class='ocrx_word' id='word_1_341' title='bbox 379 2553 606 2588; x_wconf 83' lang='lat' dir='ltr'><strong><em>descendunt.</em></strong></span> <span class='ocrx_word' id='word_1_342' title='bbox 642 2554 716 2588; x_wconf 89' lang='lat' dir='ltr'><strong>illic</strong></span> <span class='ocrx_word' id='word_1_343' title='bbox 738 2566 804 2601; x_wconf 86' lang='lat' dir='ltr'><strong><em>per</em></strong></span> <span class='ocrx_word' id='word_1_344' title='bbox 826 2555 914 2589; x_wconf 85' lang='lat' dir='ltr'><strong><em>duos</em></strong></span> <span class='ocrx_word' id='word_1_345' title='bbox 937 2561 1056 2590; x_wconf 78' lang='lat' dir='ltr'>tresve</span> <span class='ocrx_word' id='word_1_346' title='bbox 1077 2555 1153 2591; x_wconf 84' lang='lat' dir='ltr'><strong>dies</strong></span> <span class='ocrx_word' id='word_1_347' title='bbox 1178 2556 1395 2600; x_wconf 83' lang='lat' dir='ltr'><strong><em>congregati,</em></strong></span> <span class='ocrx_word' id='word_1_348' title='bbox 1418 2562 1602 2602; x_wconf 84' lang='lat' dir='ltr'><strong>postquam</strong></span> 
     </span>
     <span class='ocr_line' id='line_1_38' title="bbox 134 2597 1605 2647; baseline 0.004 -15"><span class='ocrx_word' id='word_1_349' title='bbox 134 2597 251 2632; x_wconf 85' lang='lat' dir='ltr'>omnia</span> <span class='ocrx_word' id='word_1_350' title='bbox 274 2597 458 2642; x_wconf 75' lang='lat' dir='ltr'>monoxyla</span> <span class='ocrx_word' id='word_1_351' title='bbox 481 2607 729 2642; x_wconf 82' lang='lat' dir='ltr'><strong><em>convenerunt,</em></strong></span> <span class='ocrx_word' id='word_1_352' title='bbox 753 2607 877 2645; x_wconf 79' lang='lat' dir='ltr'>postea</span> <span class='ocrx_word' id='word_1_353' title='bbox 899 2607 1040 2636; x_wconf 80' lang='lat' dir='ltr'>movent</span> <span class='ocrx_word' id='word_1_354' title='bbox 1061 2613 1103 2636; x_wconf 80' lang='lat' dir='ltr'><strong><em>ac</em></strong></span> <span class='ocrx_word' id='word_1_355' title='bbox 1125 2614 1190 2647; x_wconf 88' lang='lat' dir='ltr'><strong><em>per</em></strong></span> <span class='ocrx_word' id='word_1_356' title='bbox 1213 2610 1433 2637; x_wconf 83' lang='lat' dir='ltr'>memoratum</span> <span class='ocrx_word' id='word_1_357' title='bbox 1459 2603 1605 2638; x_wconf 89' lang='lat' dir='ltr'><strong>fluvium</strong></span> 
     </span>
     <span class='ocr_line' id='line_1_39' title="bbox 133 2643 1605 2696; baseline 0.003 -18"><span class='ocrx_word' id='word_1_358' title='bbox 133 2643 326 2688; x_wconf 82' lang='lat' dir='ltr'><strong><em>Danaprim</em></strong></span> <span class='ocrx_word' id='word_1_359' title='bbox 351 2644 578 2682; x_wconf 80' lang='lat' dir='ltr'><strong><em>descendunt.</em></strong></span> <span class='ocrx_word' id='word_1_360' title='bbox 612 2658 654 2680; x_wconf 92' lang='lat' dir='ltr'><strong><em>ac</em></strong></span> <span class='ocrx_word' id='word_1_361' title='bbox 676 2646 788 2691; x_wconf 88' lang='lat' dir='ltr'>primo</span> <span class='ocrx_word' id='word_1_362' title='bbox 812 2647 950 2691; x_wconf 85' lang='lat' dir='ltr'><strong>quidem</strong></span> <span class='ocrx_word' id='word_1_363' title='bbox 973 2648 1016 2682; x_wconf 88' lang='lat' dir='ltr'><strong><em>ad</em></strong></span> <span class='ocrx_word' id='word_1_364' title='bbox 1039 2648 1186 2693; x_wconf 87' lang='lat' dir='ltr'><strong><em>primum</em></strong></span> <span class='ocrx_word' id='word_1_365' title='bbox 1204 2649 1315 2682; x_wconf 92' lang='lat' dir='ltr'><strong><em>locum</em></strong></span> <span class='ocrx_word' id='word_1_366' title='bbox 1332 2649 1484 2683; x_wconf 85' lang='lat' dir='ltr'><strong><em>fluminis</em></strong></span> <span class='ocrx_word' id='word_1_367' title='bbox 1501 2661 1605 2696; x_wconf 81' lang='lat' dir='ltr'>prae-</span> 
     </span>
     <span class='ocr_line' id='line_1_40' title="bbox 134 2690 1603 2740; baseline 0.005 -17"><span class='ocrx_word' id='word_1_368' title='bbox 134 2695 274 2735; x_wconf 80' lang='lat' dir='ltr'><strong>ruptum</strong></span> <span class='ocrx_word' id='word_1_369' title='bbox 296 2690 462 2733; x_wconf 77' lang='lat' dir='ltr'><strong><em>veniunt,</em></strong></span> <span class='ocrx_word' id='word_1_370' title='bbox 494 2690 555 2735; x_wconf 87' lang='lat' dir='ltr'><strong><em>qui</em></strong></span> <span class='ocrx_word' id='word_1_371' title='bbox 578 2691 718 2737; x_wconf 84' lang='lat' dir='ltr'><strong>Essupe</strong></span> <span class='ocrx_word' id='word_1_372' title='bbox 742 2693 1024 2738; x_wconf 85' lang='lat' dir='ltr'><strong><em>cognominatur,</em></strong></span> <span class='ocrx_word' id='word_1_373' title='bbox 1047 2695 1141 2740; x_wconf 89' lang='lat' dir='ltr'><strong><em>quod</em></strong></span> <span class='ocrx_word' id='word_1_374' title='bbox 1162 2695 1352 2729; x_wconf 86' lang='lat' dir='ltr'><strong><em>Russorum</em></strong></span> <span class='ocrx_word' id='word_1_375' title='bbox 1377 2696 1603 2730; x_wconf 87' lang='lat' dir='ltr'><strong><em>Sclavorum—</em></strong></span> 
     </span>
     <span class='ocr_line' id='line_1_41' title="bbox 134 2733 1603 2786; baseline 0.005 -18"><span class='ocrx_word' id='word_1_376' title='bbox 134 2745 206 2780; x_wconf 82' lang='lat' dir='ltr'><strong><em>que</em></strong></span> <span class='ocrx_word' id='word_1_377' title='bbox 226 2734 344 2780; x_wconf 85' lang='lat' dir='ltr'><strong><em>lingua</em></strong></span> <span class='ocrx_word' id='word_1_378' title='bbox 368 2735 463 2770; x_wconf 83' lang='lat' dir='ltr'>valet</span> <span class='ocrx_word' id='word_1_379' title='bbox 482 2733 574 2771; x_wconf 78' lang='lat' dir='ltr'>“non</span> <span class='ocrx_word' id='word_1_380' title='bbox 593 2735 784 2773; x_wconf 86' lang='lat' dir='ltr'>dormire.”</span> <span class='ocrx_word' id='word_1_381' title='bbox 822 2739 872 2773; x_wconf 81' lang='lat' dir='ltr'><strong><em>ita</em></strong></span> <span class='ocrx_word' id='word_1_382' title='bbox 897 2751 980 2775; x_wconf 82' lang='lat' dir='ltr'>vero</span> <span class='ocrx_word' id='word_1_383' title='bbox 1003 2740 1100 2775; x_wconf 88' lang='lat' dir='ltr'><strong><em>locus</em></strong></span> <span class='ocrx_word' id='word_1_384' title='bbox 1125 2741 1326 2786; x_wconf 81' lang='lat' dir='ltr'><strong><em>praedictus</em></strong></span> <span class='ocrx_word' id='word_1_385' title='bbox 1348 2747 1516 2785; x_wconf 83' lang='lat' dir='ltr'><strong><em>angustus</em></strong></span> <span class='ocrx_word' id='word_1_386' title='bbox 1536 2745 1603 2785; x_wconf 77' lang='lat' dir='ltr'>est,</span> 
     </span>
     <span class='ocr_line' id='line_1_42' title="bbox 134 2781 1604 2833; baseline 0.005 -19"><span class='ocrx_word' id='word_1_387' title='bbox 134 2786 174 2815; x_wconf 83' lang='lat' dir='ltr'><strong><em>ut</em></strong></span> <span class='ocrx_word' id='word_1_388' title='bbox 201 2781 444 2823; x_wconf 81' lang='lat' dir='ltr'><strong><em>tzycanisterii</em></strong></span> <span class='ocrx_word' id='word_1_389' title='bbox 470 2781 687 2818; x_wconf 81' lang='lat' dir='ltr'><strong><em>latitudinem</em></strong></span> <span class='ocrx_word' id='word_1_390' title='bbox 719 2796 789 2818; x_wconf 90' lang='lat' dir='ltr'><strong><em>non</em></strong></span> <span class='ocrx_word' id='word_1_391' title='bbox 811 2790 972 2830; x_wconf 78' lang='lat' dir='ltr'><strong><em>superet3</em></strong></span> <span class='ocrx_word' id='word_1_392' title='bbox 1005 2785 1043 2821; x_wconf 92' lang='lat' dir='ltr'><strong><em>in</em></strong></span> <span class='ocrx_word' id='word_1_393' title='bbox 1072 2787 1186 2821; x_wconf 85' lang='lat' dir='ltr'><strong>medio</strong></span> <span class='ocrx_word' id='word_1_394' title='bbox 1211 2792 1326 2821; x_wconf 81' lang='lat' dir='ltr'><strong>autem</strong></span> <span class='ocrx_word' id='word_1_395' title='bbox 1349 2792 1539 2833; x_wconf 74' lang='lat' dir='ltr'>praerupta</span> <span class='ocrx_word' id='word_1_396' title='bbox 1562 2799 1604 2822; x_wconf 85' lang='lat' dir='ltr'><strong><em>ac</em></strong></span> 
     </span>
     <span class='ocr_line' id='line_1_43' title="bbox 134 2826 1603 2881; baseline 0.005 -20"><span class='ocrx_word' id='word_1_397' title='bbox 134 2826 292 2872; x_wconf 72' lang='lat' dir='ltr'>praealta</span> <span class='ocrx_word' id='word_1_398' title='bbox 311 2839 396 2864; x_wconf 76' lang='lat' dir='ltr'>saxa</span> <span class='ocrx_word' id='word_1_399' title='bbox 416 2834 510 2875; x_wconf 83' lang='lat' dir='ltr'>sunt,</span> <span class='ocrx_word' id='word_1_400' title='bbox 535 2841 626 2876; x_wconf 82' lang='lat' dir='ltr'><strong><em>quae</em></strong></span> <span class='ocrx_word' id='word_1_401' title='bbox 646 2830 779 2866; x_wconf 86' lang='lat' dir='ltr'><strong><em>eminus</em></strong></span> <span class='ocrx_word' id='word_1_402' title='bbox 797 2831 986 2868; x_wconf 82' lang='lat' dir='ltr'><strong><em>insularum</em></strong></span> <span class='ocrx_word' id='word_1_403' title='bbox 1009 2832 1159 2880; x_wconf 79' lang='lat' dir='ltr'><strong><em>speciem</em></strong></span> <span class='ocrx_word' id='word_1_404' title='bbox 1183 2833 1399 2881; x_wconf 82' lang='lat' dir='ltr'>praeferant.</span> <span class='ocrx_word' id='word_1_405' title='bbox 1448 2835 1492 2870; x_wconf 88' lang='lat' dir='ltr'><strong><em>ad</em></strong></span> <span class='ocrx_word' id='word_1_406' title='bbox 1516 2834 1603 2870; x_wconf 83' lang='lat' dir='ltr'><strong><em>haec</em></strong></span> 
     </span>
    </p>
   </div>
  </div>
 </body>
</html>
