1780 3132
1483 114 1563 159 381

277 757 600 818 PETRI
666 749 1407 815 WESSELINGII

406 930 464 973 IN
499 929 828 972 HIEROCLIS
866 923 1288 970 SYNECDEMUM

577 1072 1122 1124 PROLEGOMENA.

721 1219 772 1228 ..-

130 1354 353 1416 Hieroclis
385 1376 657 1427 Synecdemus
686 1377 781 1432 quin
811 1376 979 1433 egregia
1006 1376 1312 1418 ltinenariorum
1340 1373 1387 1427 ενι)
1430 1388 1563 1416 acces·
1574 1396 1606 1430 p.
1623 1383 1689 1418 621

127 1429 189 1471 sio
218 1429 339 1471 fuerit
357 1433 509 1472 nullum
529 1433 688 1474 dubium
706 1439 792 1475 est:
819 1436 963 1482 firmat,
989 1446 1092 1487 quae
1119 1433 1241 1473 dubia
1263 1433 1306 1472 in
1333 1431 1415 1471 illis
1445 1436 1564 1485 atque
1580 1433 1689 1468 Wess.

127 1486 285 1527 incerta
316 1487 578 1540 videbantur,
616 1489 868 1543 indidemque
888 1489 1064 1530 vicissim
1093 1488 1326 1537 adiuvatur3
1367 1487 1568 1528 uberrime

127 1546 352 1593 praeterea,
378 1555 480 1596 quae
507 1542 548 1583 in
561 1544 735 1585 Orientis
751 1545 825 1585 illa
843 1544 1059 1598 provinciis
1083 1543 1391 1597 praeterierant,
1417 1543 1565 1594 explet.

128 1597 256 1647 igitur
295 1597 339 1637 in
367 1597 603 1652 scriptorem
643 1605 763 1653 atque
802 1601 930 1653 ipsam
969 1600 1154 1640 notitiam
1194 1603 1290 1640 ante
1321 1599 1567 1652 inquiramus

131 1663 250 1704 quam
289 1652 332 1693 in
367 1665 454 1693 rem
495 1661 746 1706 praesentem
787 1656 1009 1697 veniamus.
1066 1668 1118 1695 ne
1145 1667 1243 1694 vero
1271 1666 1297 1694 a
1322 1653 1448 1694 limite
1473 1666 1568 1705 pro-

131 1706 264 1759 gressi
300 1707 344 1747 in
384 1709 686 1751 molestissimas
713 1711 896 1751 salebras
923 1710 1163 1760 incidamus,
1195 1710 1295 1749 duce
1324 1709 1568 1762 imperatore.

131 1762 396 1802 constantino
446 1763 792 1818 Porphyrogenito
831 1770 1009 1817 utemur,
1061 1766 1151 1819 qui,
1193 1769 1382 1818 quantum
1418 1764 1568 1804 rescire

130 1816 256 1866 licuit,
282 1817 433 1870 primus
459 1818 501 1858 in
521 1819 780 1861 Thematibus
805 1820 963 1873 imperii
990 1819 1224 1861 ordinandis
1250 1819 1446 1860 Hieroclis
1458 1820 1569 1868 Syn-

131 1871 333 1912 ecdemum
360 1872 403 1913 in
438 1874 650 1914 consilium
681 1876 863 1916 adhibuit
905 1877 934 1917 l.
962 1880 988 1915 2
1016 1876 1135 1916 them.
1168 1879 1205 1915 1.
1260 1877 1480 1926 μαρτυρεῖ,
1506 1874 1569 1913 in-

131 1926 243 1979 quit,
275 1926 333 1980 τῷ
363 1922 476 1981 λόγῳ
520 1928 594 1967 καί
626 1925 830 1981 Ἱεροκλῆς
870 1925 891 1967 ὁ
928 1926 1214 1981 γραμματικὸς
1251 1927 1273 1967 ὁ
1302 1926 1469 1979 γράψας
1498 1925 1569 1966 τὸν

128 1980 406 2033 Συνὲκδημον,
435 1978 480 2020 τὸ
512 1983 596 2022 τῶν
625 1981 842 2035 Δολόγκων
873 1981 993 2030 ἔθνος
1024 1985 1074 2038 τῇ
1104 1983 1246 2038 Θρᾴκῃ
1278 1983 1568 2034 amaya-'heda
1642 1994 1645 1997 '

129 2035 259 2085 λέγων
288 2030 419 2082 οὕτως
450 2034 584 2077 “dciv
624 2034 670 2077 αἱ
712 2038 843 2085 πᾷσαι
879 2038 1080 2090 ἐπαρχιάι
1117 2039 1188 2078 καί
1218 2037 1380 2091 πόλεις,
1410 2035 1452 2078 αἱ
1484 2037 1566 2076 ὑπὸ

127 2085 199 2128 τὸν
221 2089 399 2140 βασιλέα
442 2091 525 2132 τῶν
557 2090 776 2143 Ῥωμαίων
819 2092 1103 2143 διοικούμεναι
1131 2091 1202 2133 τὸν
1227 2093 1271 2133 ἐν
1299 2093 1569 2134 Κωνσταντι-

127 2141 338 2197 visendast,
380 2145 582 2198 ἑπαρχίαι
611 2147 688 2197 μὲν
717 2163 753 2187 κ.
782 2146 843 2190 λ.”
898 2162 920 2190 e
951 2150 1093 2203 quibus
1115 2150 1370 2191 meritissimo
1395 2150 1568 2202 colligas

129 2199 370 2249 Synecdemi
401 2203 639 2256 scriptorem
662 2204 929 2246 Constantino
958 2206 1202 2258 imperatore
1231 2210 1272 2245 et
1298 2206 1434 2245 seculo
1461 2218 1568 2245 nono

129 2266 219 2294 esse
249 2256 450 2308 priorem3
492 2263 612 2312 atque
638 2260 698 2300 ita
726 2260 806 2300 viri
836 2260 1051 2301 clarissimi
1076 2261 1310 2301 Emmanuel
1339 2260 1570 2302 schelstra-

128 2314 270 2362 tmnus,
300 2312 357 2351 lo.
373 2312 468 2353 Alb.
497 2313 707 2356 Fabricius
739 2320 779 2356 et
800 2315 1015 2356 Anselmus
1042 2315 1269 2357 Bandurius
1297 2315 1569 2365 instituerunt,

129 2377 371 2418 qumquam
400 2367 466 2407 hic
502 2368 666 2423 insuper
693 2371 807 2411 addit
833 2371 1028 2411 incertum
1057 2383 1146 2411 esse
1173 2371 1333 2412 omnino
1365 2383 1442 2423 quo
1470 2376 1571 2410 tem-

127 2432 229 2471 pore
259 2420 452 2461 floruerit.
520 2423 693 2464 Carolus
720 2437 746 2464 a
775 2425 820 2465 S.
852 2425 994 2465 Paullo
1035 2426 1146 2467 circa
1175 2427 1472 2467 Saracenorum
1500 2438 1570 2466 ae-

128 2478 252 2514 tatem
291 2475 483 2528 scriptum
522 2478 803 2530 suspicabatur
840 2479 1151 2532 Synecdemum‚
1193 2482 1298 2535 quod
1324 2482 1409 2522 eius
1441 2481 1569 2521 codici

126 2530 265 2581 plures
292 2530 538 2582 provinciae,
566 2545 667 2586 quas
694 2539 791 2587 post
813 2535 1042 2577 Heraclium
1063 2536 1212 2578 Graeci
1240 2537 1471 2587 amiserunt,
1499 2537 1570 2577 de-

128 2670 244 2750 torss,
255 2676 413 2707 veterum
441 2674 687 2719 Romanorum,
715 2688 735 2712 a
760 2677 996 2724 Wesselingio
1020 2679 1294 2716 Amstelaedami
1321 2691 1352 2713 a.
1379 2679 1467 2714 1735
1494 2676 1569 2710 edi-
