1780 3132
495 147 572 189 DE
604 145 961 188 THEMATIBUS
995 143 1099 188 LlB.
1129 143 1165 187 I.
1497 139 1563 184 27

103 262 357 318 ὁομέστικος,
393 257 415 301 ὃ
433 257 510 301 ὕπὸ
529 264 647 314 χεῖρα
671 257 727 300 ὢν
745 262 971 314 στρατηγοῦ
992 258 1058 300 καὶ
1076 256 1148 311 τὴν
1171 257 1286 307 ἀξίαν
1303 253 1563 296 καταδεέστε-

102 348 185 388 ρος.
255 331 328 372 εἶσὶ
361 329 406 370 δὲ
436 327 537 382 ἔθνη
565 326 617 369 τὰ
645 330 983 383 συμπληροῦντα,
1026 330 1182 380 μᾶλλον
1210 325 1253 367 δὲ
1283 321 1564 378 ὑπουργοῦντα

102 403 160 450 εἷς
189 397 262 453 τὴν
293 395 483 451 τοιαύτην
517 396 700 437 δουλείαν
733 400 813 437 τῶν
837 399 1095 452 στρατιωτῶν
1115 396 1182 437 καὶ
1203 394 1328 436 αὐτοῦ
1348 395 1422 433 τοῦ
1439 396 1562 444 βασι-

102 467 201 517 λέως
222 458 423 516 τοσαῦτα,
460 465 632 507 Βιθυνοὶ
662 468 891 520 Ταρσιᾶται
916 464 1054 505 Θυνοί.
1122 461 1393 520 προσάπτεται
1424 461 1466 501 δὲ
1496 461 1562 499 καὶ

70 548 90 583 5
106 538 291 592 Φρυγῶν.
360 533 438 588 ἔχει
461 533 506 574 δὲ
529 530 662 582 πόλεις
679 530 900 586 ἐπισήμους
921 530 1135 583 τοσαύτας,
1163 530 1326 588 πρώτην
1344 529 1417 583 μὲν
1435 532 1564 570 Νικο-

99 602 272 659 μήδειαν
292 602 366 657 τὴν
387 598 648 657 μητρόπολιν,
684 601 874 658 δευτέραν
896 601 939 642 δὲ
952 597 1244 650 Ἑλενούπολιν,
1279 599 1415 656 τρίτην
1427 597 1566 653 Πραί-

100 689 226 724 νετον,
261 669 454 727 τετάρτην
470 667 678 720 Ἀστακόν,
714 669 896 723 πέμπτην
913 667 1267 724 Παρθενούπολιν.
1337 666 1414 723 ῥέει
1448 667 1491 707 δὲ
1523 666 1565 707 ἓν

101 745 161 798 τῷ
179 740 331 794 θέματι
353 742 433 781 τῶν
446 736 704 791 Ὀπτιμάτων
721 737 903 792 ποταμὸς
922 735 942 778 ὅ
965 735 1213 790 καλούμενος
1234 734 1463 791 Σαγγάριος
1477 766 1488 785 ,
1525 734 1566 775 ἐν

103 803 137 866 ᾧ
158 806 304 864 ἓστὶνῆ
325 807 564 858 ἀξιοθέατος
582 807 740 863 γέφυρα
763 805 812 861 ἢν
833 807 1012 860 ἐποίησεν
1029 805 1318 854 >Ῑουστινιανὸς
1336 802 1356 845 ὃ
1376 801 1567 856 βασιλεὺς

49 891 94 926 10
105 878 251 927 ἐκεῖνος
270 875 290 919 ὃ
311 874 612 930 πολυύμνητος,
658 875 883 931 ἐπιγραφὴν
904 873 1052 928 ἔχουσα
1072 873 1275 928 τοιαύτην,
1310 872 1399 927 ἥτις
1423 872 1566 928 γέγρα-

103 962 200 989 πται
219 947 262 989 ἓν
275 949 352 1005 μιᾷ
372 948 452 986 τῶν
474 947 639 985 πλακιῦν
660 941 805 986 οὑτωσὶ
827 944 998 998 λέγουσα
1011 956 1024 967 ·

306 1015 374 1056 καὶ
394 1012 445 1055 σὺ
464 1012 565 1066 μεθ’
587 1010 800 1067 Ἑσπερίην
821 1010 1035 1066 ὗψαυχένα
1058 1011 1123 1053 καὶ
1145 1010 1247 1064 μετὰ
1267 1007 1432 1064 ,ΠΙήδων

378 1080 500 1123 ἔθνεα
523 1082 591 1123 καὶ
615 1084 750 1122 πᾶσαν
769 1080 1028 1138 βαρβαρικὴν
1051 1079 1208 1134 ἀγέλην,

102 1197 107 1200 ,
308 1148 535 1205 Σαγγάριε,
582 1156 815 1205 κρατεραῖσι
839 1149 937 1206 ῥοὰς
961 1147 1081 1202 ἆψΐσι
1101 1147 1295 1201 πεδηθεὶς

49 1233 95 1269 15
380 1216 504 1266 αὐτὸς
523 1215 760 1271 ἓὸουλιόθης
779 1220 984 1272 κοιρανικῇ
1005 1214 1173 1271 παλάμῃ
1185 1228 1197 1239 ·

308 1280 331 1325 ὅ
347 1285 442 1340 πρὶν
458 1283 536 1340 γὰρ
555 1284 796 1340 σκαφέεσσιν
817 1284 1063 1337 ἄνέμβατος,
1099 1281 1120 1325 ὃ
1142 1285 1236 1340 πρὶν
1257 1281 1418 1339 ἀτειρὴς

379 1358 508 1395 κεῖσαι
529 1352 665 1408 λαϊνέῃ
689 1352 881 1409 σφιγκτὸς
902 1351 1166 1407 ἀλυκτοπέδῃ.

106 1420 173 1462 καὶ
196 1421 325 1462 ταῦτα
345 1420 419 1473 μὲν
437 1421 526 1477 περὶ
547 1424 621 1462 τοῦ
639 1421 891 1475 καλουμένου
912 1421 1094 1475 θέματος
1113 1424 1194 1463 τῶν
1210 1416 1482 1472 Ὀπτιμάτων.

370 1511 504 1551 Ἕκτον
533 1512 638 1559 θὲμα
669 1513 713 1550 τὸ
749 1513 981 1560 καλούμενον
1004 1515 1294 1560 Βουκελλοιρίων.

49 1600 96 1636 20
234 1576 411 1633 Ὁμοίως
436 1579 480 1621 δὲ
508 1579 575 1621 καὶ
597 1578 643 1622 τὸ
664 1579 777 1633 θέμα
798 1582 878 1621 τῶν
898 1580 1210 1636 Βουκελλαρίων
1237 1579 1311 1621 οὐκ
1339 1577 1419 1620 ἀπὸ
1445 1576 1570 1621 τόπου

103 1645 212 1698 τινὸς
246 1647 321 1703 τὴν
354 1649 627 1705 προσηγορίαν
668 1646 863 1703 ἐκτήσατο
872 1679 886 1699 ,
936 1646 1027 1690 οὕτε
1059 1647 1142 1703 μὴν
1176 1646 1255 1690 ἀπὸ
1285 1647 1433 1697 ἔθνους
1465 1646 1571 1690 οὕτω

195 1755 218 1789 9
241 1752 340 1790 ἐστὶν
363 1766 416 1790 om
439 1755 470 1789 C
582 1752 606 1799 ’ἡ
632 1755 700 1790 add
722 1755 784 1789 Ac
887 1755 930 1790 13
952 1753 1056 1789 πᾶσα
1080 1751 1238 1800 βαρικήν
1261 1754 1292 1790 C
1387 1754 1428 1790 15
1453 1750 1575 1794 οὕτως

195 1798 415 1845 ἕδουλῶθης
444 1801 644 1845 τυραννικῆ
668 1802 698 1835 C
861 1801 904 1835 16
927 1799 1025 1847 γὰρ]
1061 1799 1101 1836 δὲ
1134 1801 1165 1835 C
1314 1797 1519 1845 οἷναίματος
1543 1801 1574 1834 C

198 1843 338 1892 α’τηρής
359 1847 390 1882 C
529 1848 572 1885 19
595 1843 855 1893 βουκελλιίριος
877 1847 907 1881 C

103 1942 280 1983 strategus
302 1938 511 1984 appellatur,
535 1938 596 1972 sed
619 1938 841 1981 domesticus,
867 1937 1023 1983 praetori
1044 1937 1204 1972 subditus
1229 1942 1265 1972 et
1285 1938 1456 1983 dignitate
1471 1938 1575 1982 longe

103 1984 264 2019 inferior.
312 1991 435 2030 gentes
467 1995 552 2018 vero
587 1996 677 2029 quae
712 1984 902 2029 adimplent
936 1983 993 2018 vel
1026 1985 1142 2029 potius
1174 1984 1401 2018 ministrando
1431 1985 1577 2019 servilia

104 2032 192 2065 haec
215 2031 333 2065 officia
354 2030 523 2064 militibus
547 2035 652 2075 atque
675 2030 744 2075 ipsi
768 2029 971 2075 imperatori
994 2035 1184 2075 praestant,
1219 2036 1300 2065 sunt
1323 2031 1401 2074 hae,
1428 2031 1575 2074 Bithyni

104 2076 294 2111 Tarsiatae
324 2076 464 2121 Thyni3
502 2077 564 2111 sed
600 2082 636 2110 et
665 2075 824 2120 Phryges
855 2076 1043 2120 attingunt.
1093 2076 1224 2110 habent
1246 2082 1361 2111 autem
1386 2078 1488 2111 urbes
1513 2089 1573 2111 ce·
1623 2091 1627 2095 ·

103 2123 220 2158 lebres
243 2124 360 2166 hasce,
393 2123 537 2168 primam
560 2122 697 2167 quidem
722 2122 960 2156 Nicomediam
984 2122 1219 2167 metropolim,
1255 2123 1396 2157 alteram
1420 2123 1575 2157 Heleno-

104 2168 234 2216 polim,
267 2170 406 2204 tertiam
427 2169 656 2212 Praenetum,
692 2174 850 2213 quartam
881 2168 1067 2210 Astacum,
1099 2168 1254 2212 quintam
1276 2169 1571 2216 Parthenopolim.

105 2219 260 2250 ceterum
278 2215 359 2250 fluit
372 2226 436 2260 per
452 2214 667 2260 optimatum
690 2215 807 2248 thema
823 2214 1015 2257 Sangarius
1040 2215 1182 2258 fluvius,
1206 2214 1343 2249 iunctus
1367 2222 1473 2261 ponte
1496 2216 1576 2249 visu

104 2260 328 2305 dignissimo,
360 2272 462 2306 quem
487 2261 615 2295 struxit
635 2260 826 2306 imperator
848 2259 1060 2294 Iustinianus
1084 2259 1142 2294 ille
1173 2272 1344 2305 nunquam
1368 2263 1456 2296 satis
1482 2262 1576 2295 cele-

103 2308 240 2344 bratus.
274 2307 312 2347 in
335 2318 377 2341 eo
401 2306 482 2341 talis
503 2307 687 2352 inscriptio
711 2314 776 2349 est,
803 2305 839 2339 in
860 2305 1014 2350 lapidum
1037 2317 1104 2340 uno
1128 2306 1313 2352 insculpta,
1338 2308 1416 2343 istis
1441 2308 1576 2344 verbis:

241 2358 282 2389 m
305 2363 444 2398 quoque
466 2358 548 2398 post
568 2352 731 2387 tumidam
753 2352 962 2396 Hesperiam
985 2352 1179 2397 Medosque
1201 2354 1339 2389 feroces

325 2398 608 2442 barbaricumque
630 2410 782 2443 gregem,
806 2405 954 2442 quantus
978 2404 1066 2443 erat,
1093 2398 1270 2444 domitum,

244 2444 394 2489 sangari
417 2444 621 2490 praevalida
642 2445 769 2478 fluctus
793 2444 892 2477 modo
914 2443 1050 2479 fornice
1076 2444 1206 2490 vincte,

323 2491 581 2536 induperatoris
601 2490 747 2525 servitio
770 2489 952 2535 premeris.

243 2536 340 2572 iuvie
363 2547 511 2581 namque
532 2536 611 2571 olim
635 2536 781 2580 ratibus,
806 2535 959 2580 nullique
982 2537 1139 2581 subacte,

324 2583 392 2617 iam
415 2582 530 2627 rigida
551 2582 628 2616 saxi
650 2582 816 2627 compede
837 2582 955 2615 vincte
972 2581 1080 2618 iaces.

107 2633 213 2675 atque
235 2627 323 2663 haec
345 2628 483 2675 quidem
507 2629 552 2663 de
573 2629 726 2663 themate
748 2626 976 2673 Optimatum.

448 2707 581 2742 Thema
604 2714 745 2743 sextum
769 2708 902 2742 dictum
921 2707 1239 2742 Buccellariorum.

199 2765 370 2800 Similiter
392 2770 430 2800 et
451 2765 566 2800 thema
589 2765 882 2801 Buccellariorum
916 2777 986 2799 non
1017 2764 1144 2799 a-loco
1169 2764 1287 2808 aliquo
1311 2761 1577 2808 appellationem

108 2811 255 2857 accepit,
281 2823 394 2857 neque
415 2823 437 2847 a
460 2817 565 2857 gente
587 2812 704 2858 aliqua
728 2823 818 2858 quae
842 2812 892 2847 ita
914 2816 1111 2856 vocaretur,
1150 2810 1212 2846 sed
1236 2810 1328 2855 quod
1353 2808 1495 2843 militum
1520 2820 1574 2842 as-
