1780 3132
228 183 300 221 DE
337 177 785 220 ADMINJSTRANDO
829 174 1052 215 lMPERlO
1093 173 1210 213 CAP.
1251 169 1416 223 4243.
1510 168 1601 212 183

158 278 209 322 τὰ
241 280 325 320 τῶν
350 275 578 328 εΡωμαίων
610 276 788 330 φρονῶν,
820 273 1032 326 εὑρίσκετο
1063 272 1108 312 δὲ
1138 270 1297 322 μᾶλλον
1326 269 1376 310 τὰ
1407 270 1487 311 τῶν
1517 273 1606 310 Σα-

159 346 347 399 ρακηνῶν
399 343 630 395 προκρίνων
658 357 699 382 τε
739 341 810 380 καί
856 341 1035 394 φρονῶν.
1106 337 1213 391 πλὴν
1262 336 1512 377 ἀπέστελλεν
1539 335 1609 377 αἐἰ

160 411 302 463 δῶρα,
351 405 456 460 ἅπερ
490 414 576 455 τοῖς
604 409 734 448 ἐκεῖσε
781 403 1011 458 βαρβάροις
1042 406 1159 445 δοκεῖ
1177 405 1306 457 τίμια,
1334 401 1438 455 πρὸς
1465 402 1537 443 τὸν
1565 404 1609 443 ἑν

159 476 404 529 βασιλεῦσιν
431 474 624 526 αόίδιμον
650 474 827 522 Λέοντα,
855 469 926 511 και*
954 469 1239 522 ἀντελάμβανε
1268 470 1438 509 πλείονα
1467 484 1509 509 τε
1540 470 1612 509 καί

126 541 370 594 5κρείττονα
401 537 514 592 παρὰ
556 540 632 579 τοῦ
670 537 869 589 εὐσεβοῦς
899 535 1206 590 βασιλεύοντος,
1238 533 1282 582 ὃς
1312 537 1383 576 καί
1413 534 1611 584 πολλάκις

161 602 284 663 αϋτιῑί
319 606 612 658 προυτρέψατο
652 601 722 645 διὰ
762 601 1017 657 γραμμάτων
1057 599 1162 654 πρὸς
1189 599 1262 654 τήν
1303 600 1613 653 βασιλεύουσαν

161 673 365 714 εἰσελθεῖν
391 669 462 712 τὸν
491 672 668 723 βασιλέα
698 668 942 710 θεάσασθαι
972 671 1043 709 καί
1087 671 1166 709 τῶν
1198 672 1296 720 παρ’
1326 669 1459 708 αὐτοῦ
1489 671 1613 722 φιλο-

163 735 407 792 φρονήσεων
432 739 505 778 καί
530 738 660 788 τιμιόν
684 740 920 787 μετασχεῖν.
978 732 1000 774 ὅ
1032 735 1076 775 δὲ
1098 732 1295 782 δεδοικώς
1312 732 1368 787 μὴ
1403 733 1507 786 πρὸς
1536 732 1614 774 λύ-

162 819 242 857 πην
272 802 343 844 καὶ
368 802 598 844 σκάνδαλον
625 803 698 843 τοῦ
727 802 1003 854 α’μερμουμνῆ
1030 801 1192 854 γένηται
1219 801 1350 853 τοῦτο,
1379 797 1614 855 προφάσεις

109 880 152 914 10
165 869 396 922 ἐπλάττετο,
423 870 493 909 καί
519 865 566 909 τὸ
600 866 659 921 μὴ
691 866 902 907 δύνασθαι
931 864 1087 908 ἑαυτοῦ
1114 863 1257 918 χώραν
1285 863 1438 918 ἔρημον
1470 866 1542 920 τῆς
1571 867 1615 916 ἐξ

165 933 298 976 αὐτοῦ
323 936 523 990 βοηθείας
551 937 811 987 καταλιπεῖν,
839 935 907 974 ἵνα
934 932 991 986 μὴ
1026 930 1105 973 ὑπὸ
1135 933 1387 986 Σαρακηνῶν
1413 934 1618 986 καταληϊ-

164 1001 274 1057 σθῇ,
304 999 441 1055 μάτην
471 999 707 1055 ἐσκήπτετο.
765 998 785 1040 ὁ
818 1001 864 1040 δὲ
894 997 1021 1047 αὐτὸς
1052 994 1198 1052 ἅρχων
1225 1001 1301 1038 τοῦ
1334 996 1483 1052 Ταρών
1512 1016 1618 1051 κρα-

164 1064 294 1120 τήσας
321 1067 365 1108 ἐν
391 1068 556 1124 πολέμῳ
587 1066 687 1107 ποτὲ
713 1067 791 1107 τοῦ
818 1064 1018 1119 Ἀρκάϊκα
1038 1063 1136 1112 τους
1167 1066 1320 1113 παῖδας
1351 1058 1477 1118 ἤγουν
1509 1067 1620 1119 Κρι-

166 1133 309 1187 κορίκη
335 1134 410 1174 τοῦ
438 1134 659 1185 πατρικίου
693 1134 770 1173 τοῦ
797 1130 953 1184 πατρὸς
982 1134 1057 1172 τοῦ
1073 1130 1457 1185 πρωτοσπαθαρίου
1485 1130 1621 1172 Ἀσω-

112 1208 154 1242 15
168 1200 258 1240 τιόυ
299 1198 396 1246 τοὺς
435 1200 716 1254 ἑξαὸέλφους,
745 1194 833 1251 εἶχε
870 1202 969 1251 παρ’
1007 1194 1143 1253 ἑαυτῷ
1171 1194 1379 1249 δεσμίους.
1436 1197 1534 1249 περὶ
1561 1191 1624 1238 οἷν

165 1263 240 1306 καὶ
266 1262 504 1317 Συμβάτιος
535 1264 555 1304 ὁ
586 1263 678 1305 τότε
707 1259 852 1318 ἄρχων
880 1267 960 1305 τῶν
989 1262 1199 1316 ἀρχόντων
1230 1260 1296 1304 τὸν
1327 1262 1456 1304 αὐτὸν
1484 1279 1621 1315 μακα-

167 1331 372 1383 ριώτατον
399 1331 578 1382 βασιλέα
606 1329 675 1371 διά
694 1327 954 1383 γραμμάτων
974 1325 1124 1383 ἠξίωσε
1140 1330 1218 1369 τοῦ
1245 1324 1490 1370 ἀποστεῖλαι
1521 1326 1623 1382 πρὸς

166 1395 242 1438 τὸν
290 1397 531 1450 Ταρωνίτην
577 1397 650 1437 καί
694 1396 985 1448 α’ναλαβὲσθαι
1035 1393 1272 1436 σπουδάσαι
1311 1392 1409 1443 τούς
1448 1394 1625 1443 οἰκείους

168 1460 391 1517 ἀνεψιούς,
433 1462 579 1510 οἵτινες
613 1457 720 1515 ἦσαν
749 1459 836 1502 υἱοί
862 1462 937 1502 τοῦ
973 1462 1192 1516 εἰρημένου
1220 1458 1436 1516 Ἀρκάϊκα,
1465 1462 1532 1502 ἵνα
1563 1460 1621 1515 μή

111 1527 269 1581 Ξθπρὸς
304 1527 376 1569 τὸν
420 1527 722 1582 α’μερμουμνῆν
760 1526 1055 1568 άποσταλῶσι·
1126 1524 1327 1580 συγγενὴς
1355 1526 1436 1580 γάρ
1469 1523 1519 1582 ἦν
1550 1529 1627 1567 τοῦ

170 1596 417 1648 Συμβατίου
459 1595 534 1635 τοῦ
573 1588 775 1647 ἄρχοντος
807 1594 890 1634 τῶν
921 1591 1136 1646 α’ρχόντων
1178 1594 1200 1618 *
1228 1592 1459 1648 Γρηγόριος
1495 1591 1515 1633 ὅ
1546 1610 1626 1633 πα-

169 1663 344 1714 τρίκιος.
423 1658 662 1707 ἐπακούσας
705 1661 750 1700 δὲ
782 1660 854 1712 τῆς
893 1657 1087 1713 τοιαύτης
1122 1661 1196 1699 τοῦ
1221 1661 1468 1711 Συμβατίου
1499 1657 1662 1708 ἀξιῶ-Ρ
1691 1664 1755 1698 115

478 1723 490 1737 t

170 1741 277 1775 σεως
303 1729 430 1769 Λέων
468 1741 489 1766 ο
529 1724 846 1780 μακαριώτατος
883 1725 1083 1778 βασιλεὺς
1122 1723 1194 1766 τὸν
1223 1723 1425 1780 Σινοιὶτην
1472 1727 1624 1766 ἐκεῖνον

270 1859 292 1893 5
318 1857 502 1905 εὗσεβῶςὲ
599 1860 642 1894 12
669 1860 862 1895 ἐσκέπτετο
888 1858 993 1903 vulgo
1093 1858 1136 1892 18
1161 1860 1224 1893 καὶ
1247 1859 1354 1904 vulgo
1381 1870 1437 1892 om

173 1988 304 2029 ciebat,
331 1999 484 2034 cumque
510 2000 562 2022 res
590 1990 761 2022 Romanas
790 2000 911 2022 curare
948 1988 1063 2022 videri
1087 1989 1219 2029 vellet,
1246 1989 1412 2022 inventus
1440 1993 1494 2022 est
1519 1988 1623 2021 Sara-

173 2036 272 2070 cenis
297 2036 407 2079 magis
433 2036 564 2069 favere.
613 2042 771 2070 ceterum
799 2035 893 2069 dona
918 2047 1056 2080 semper
1082 2036 1195 2069 Leoni
1221 2036 1276 2068 illi
1299 2036 1480 2081 praeclaro
1509 2036 1624 2080 impe'-

173 2083 283 2117 ratori
307 2082 500 2124 mittebat,
535 2094 628 2129 quae
651 2083 811 2116 barbaris
837 2083 909 2115 illis
945 2083 1102 2127 pretiosa
1132 2089 1331 2123 censentur,
1358 2082 1622 2128 recipiebatque

173 2129 219 2162 ab
242 2129 368 2163 eodem
394 2131 607 2175 imperatore
640 2136 676 2164 et
701 2131 804 2175 plura
833 2135 868 2163 et
898 2131 1166 2174 praestantiora.
1218 2136 1254 2162 et
1280 2141 1384 2175 saepe
1413 2142 1476 2174 per
1502 2130 1623 2163 literas

123 2199 129 2205 κ
173 2177 346 2210 invitatus
373 2182 413 2210 ut
438 2177 484 2210 ad
511 2177 634 2210 urbem
668 2178 798 2220 regiam
835 2177 975 2210 veniret
1003 2178 1327 2222 imperatoremque
1352 2178 1531 2217 inviseret,
1558 2177 1623 2210 be-

173 2224 437 2264 nevolentiam,
476 2229 514 2257 et
549 2223 723 2257 honorem
762 2229 1028 2268 reportaturus,
1066 2230 1224 2257 metuens
1258 2235 1303 2256 ne
1329 2235 1407 2257 cum
1434 2224 1559 2257 dolore
1587 2230 1624 2257 et

174 2272 308 2304 offensa
333 2281 573 2304 amermumne
599 2271 635 2304 id
662 2271 774 2312 fieret,
801 2282 924 2303 causas
946 2272 1068 2303 inanes
1090 2271 1333 2315 praetexebat,
1361 2283 1435 2304 non
1453 2282 1555 2316 posse
1584 2283 1621 2304 se

173 2322 302 2350 terram
326 2329 423 2350 suam
451 2319 528 2362 opis
568 2330 651 2351 suae
678 2324 842 2361 egentem
877 2318 1078 2363 relinquere
1095 2343 1104 2358 ,
1132 2329 1177 2351 ne
1207 2330 1226 2350 a
1253 2318 1434 2351 Saracenis
1461 2325 1621 2351 vastare-

175 2369 245 2398 tur.
292 2375 445 2409 cumque
473 2365 566 2397 idem
590 2365 740 2398 Taronis
769 2365 934 2410 princeps
961 2365 998 2397 in
1023 2364 1122 2397 bello
1150 2365 1302 2410 cepisset
1325 2365 1418 2398 filios
1443 2366 1621 2404 Arcaicae,

174 2410 356 2444 Cricoricii
396 2412 536 2455 patricii
567 2411 846 2457 protospatharii
884 2412 995 2444 Asotii
1029 2412 1140 2456 patris
1174 2413 1371 2456 patrueles,
1404 2414 1442 2446 in
1469 2413 1621 2445 vinculis

174 2467 235 2491 eos
262 2457 358 2502 apud
381 2469 418 2491 se
450 2457 615 2492 detinuit.
674 2470 738 2503 pro
773 2459 902 2505 quibus
941 2459 1047 2491 etiam
1073 2459 1283 2502 Symbatffls,
1310 2465 1393 2492 tunc
1421 2460 1621 2504 principum

173 2505 350 2549 princeps,
373 2504 617 2538 beatissimum
644 2505 798 2538 eundem
828 2507 1076 2550 imperatorem
1101 2517 1165 2551 per
1189 2507 1308 2539 literas
1336 2507 1471 2551 rogavit
1498 2508 1549 2540 uti
1575 2507 1621 2539 ad

174 2551 384 2585 Taronitem
419 2553 597 2592 mitteret,
633 2553 886 2597 nuntiaretque
929 2553 1086 2598 recipere
1123 2564 1160 2586 se
1183 2554 1277 2586 velle
1310 2554 1490 2598 patrueles
1525 2566 1620 2593 suos,

173 2598 339 2631 Arcaicae
371 2599 557 2632 memorati
591 2599 706 2640 filios,
733 2611 777 2632 ne
802 2599 846 2632 ad
872 2610 1150 2633 amermumnem
1176 2601 1416 2642 mitterentur,
1443 2600 1619 2646 siquidem

175 2644 347 2688 Symbatii
366 2646 566 2690 principum
592 2647 762 2691 principis
788 2647 1010 2691 propinquus
1035 2652 1110 2680 erat
1137 2648 1326 2691 Gregorius
1350 2649 1532 2693 patricius.
1584 2653 1621 2680 et

174 2692 249 2725 Leo
276 2691 424 2737 quidem
449 2693 512 2726 ille
549 2693 776 2726 beatissimus
803 2694 1006 2738 imperator,
1044 2693 1128 2727 huic
1153 2694 1326 2737 Symbatii
1350 2695 1519 2740 petitioni
1544 2706 1620 2728 mo-

175 2749 249 2772 rem
273 2750 410 2784 gerenS,
435 2740 598 2774 Sinutem
623 2740 725 2774 illum
750 2739 966 2783 eunuchum,
992 2741 1054 2787 qui
1078 2747 1162 2775 tunc
1189 2742 1357 2788 temporis
1383 2742 1619 2776 chartularius
