1780 3132
270 171 361 215 350
566 177 817 217 BANDURII
856 176 1348 218 ANlMADVERSIONES

374 298 465 345 145,
504 301 566 336 11.
622 298 681 336 De
709 298 965 337 Diocletianis
1007 302 1046 337 et
1083 311 1215 338 eorum
1242 299 1415 350 regione,
1443 301 1492 340 de
1520 302 1674 342 Terbu-

268 350 399 443 ιιίειῐιίς,
428 352 653 391 Zachlumis
681 357 720 390 et
747 352 921 403 Paganis
946 353 1120 404 loquitur
1162 353 1337 404 pluribus
1374 354 1481 396 infra
1504 357 1673 408 scriptor

269 416 341 443 nos
361 416 420 442 er.

374 466 483 508 Ibid.
515 470 579 508 24.
630 462 842 516 Ῥαστώζα
878 470 1014 509 eadem
1050 470 1234 509 fortassis
1273 481 1373 521 quae
1407 470 1522 511 hodie
1547 472 1672 513 slave

268 519 367 571 flat,
396 522 509 572 regio
537 522 608 560 sub
637 522 790 562 dicione
818 524 876 563 rei
903 524 1084 575 publicae
1111 523 1349 576 Ragusinae.

375 583 482 625 lbid.
539 582 710 636 Moupo'v
736 587 859 628 Slave
886 586 1053 629 Moero.

372 648 479 690 Ibid.
536 650 673 689 Δαλέν
704 653 840 692 eadem
866 653 1049 693 fortassis
1078 666 1177 706 quae
1204 653 1432 694 Dalluntum
1459 652 1671 703 Antonino,

264 703 537 809 pazziicigimpro
566 706 793 746 Dalluntum
830 707 1039 759 legendum
1077 709 1132 748 sit
1158 708 1406 760 Dalmi-nium,
1429 712 1473 748 ut
1501 708 1672 747 ortelius

373 836 465 883 146,
494 835 533 874 5.
591 833 758 873 Μέλετα
783 835 927 875 Latine
952 833 1119 885 Melita,
1148 836 1272 878 slave
1301 835 1444 878 Mliet.

370 896 477 938 Ibid.
533 894 800 950 Κούρκουρα]
838 901 937 940 haec
968 902 1057 953 ipsa
1084 902 1216 942 insula
1251 902 1358 942 infra
1393 915 1426 941 c.
1453 905 1508 942 36
1533 901 1675 941 dicitur

266 952 609 1003 porphyrogenito
638 950 662 1003 ἧ
691 951 903 1006 Κούρκρα,
932 955 1075 995 Latine
1104 954 1306 1009 Corcyra,
1335 956 1459 996 slave
1474 953 1674 1002 Karkar,-

266 1006 508 1045 nostratibus
534 1018 631 1045 vero
662 1004 867 1048 comula
891 1010 1128 1061 appellatur.

373 1068 479 1110 lbid.
536 1066 732 1122 Βάρτζω]
764 1074 898 1113 eadem
925 1074 1056 1114 insula
1094 1074 1213 1125 paulo
1244 1073 1431 1125 'superius
1457 1073 1521 1113 cit.
1546 1072 1575 1112 l.
1604 1084 1673 1112 vo-

266 1127 380 1163 catur
407 1120 429 1160 ὁ
459 1121 645 1175 Βράτζης
670 1126 1026 1179 Porphyrogenito.
1081 1128 1221 1168 Latine
1249 1133 1378 1167 autem
1399 1124 1588 1168 Brachia
1614 1126 1675 1166 di-

265 1178 378 1226 citur‚
407 1177 531 1217 slave
558 1176 690 1220 Brac.

372 1241 480 1282 Ibid.
541 1241 694 1292 Φάρος]
734 1244 837 1284 hanc
871 1245 1040 1286 insulam
1066 1241 1112 1283 τὸ
1157 1241 1280 1293 Φάρα
1313 1243 1676 1297 Porphyrogenitus

267 1300 383 1336 vocat
409 1298 437 1336 l.
470 1297 497 1335 l.
554 1297 695 1337 Latine
718 1299 861 1338 dicitur
890 1298 1047 1350 Phara,
1078 1299 1202 1340 Slave
1229 1297 1365 1340 Huar.

375 1359 483 1400 Ibid.
515 1365 553 1400 9.
610 1358 636 1411 ἧ
664 1357 784 1411 χώρα
813 1361 884 1413 τῆς
904 1361 1170 1414 Χρωβατιάς]
1199 1363 1262 1402 hic
1287 1362 1471 1402 describit
1497 1361 1675 1413 Porphy-

266 1415 470 1466 rogenitus
497 1415 698 1466 regionem
727 1416 986 1465 croatorum,
1029 1417 1093 1469 qui
1121 1417 1162 1456 in
1191 1417 1413 1457 Dalmatiae
1440 1415 1676 1456 occidentali

264 1472 389 1519 parte,
418 1473 500 1508 tam
529 1469 727 1510 maritima
754 1482 868 1522 quam
895 1471 1206 1520 mediterranea,
1235 1471 1366 1511 sedem
1390 1471 1515 1510 fixere
1545 1473 1584 1508 et
1610 1481 1675 1508 re-

261 1523 373 1573 gioni
401 1522 462 1562 illi
499 1522 686 1563 Croatiae
726 1524 811 1563 sive
848 1525 1039 1565 Hruatiae
1078 1537 1296 1576 cognomen
1339 1524 1542 1574 dederunt,
1568 1523 1675 1575 quod

262 1576 471 1615 etiamnum
500 1576 542 1616 in
572 1582 687 1628 parte
715 1578 870 1620 retinet.
925 1579 998 1618 hos
1027 1583 1157 1619 autem
1186 1590 1304 1619 veros
1335 1578 1523 1618 terminos
1550 1576 1675 1617 Croa-

261 1630 342 1669 tiae
370 1630 493 1670 fuisse
518 1632 691 1671 ostendit
720 1633 863 1672 Lucius
889 1633 917 1674 l.
946 1636 984 1671 2.

370 1697 462 1743 147,
482 1697 545 1734 14.
601 1691 645 1733 τὸ
678 1694 723 1733 δὲ
753 1692 927 1747 κάστρον
953 1692 997 1734 τὸ
1020 1692 1250 1742 Ῥαούσιον]
1272 1699 1315 1736 at
1333 1708 1413 1735 non
1436 1696 1558 1748 longe
1586 1699 1676 1746 post

263 1749 598 1800 Porphyrogeniti
626 1754 806 1801 tempora
823 1751 1030 1802 Ragusina
1056 1762 1123 1789 res
1141 1751 1300 1801 publica
1328 1763 1354 1789 a
1372 1750 1541 1790 Serviae
1565 1749 1676 1800 prin-

263 1803 415 1853 cipibus
457 1807 587 1842 terras
630 1808 669 1842 et
697 1805 848 1843 insulas
876 1805 1057 1844 obtinens
1095 1804 1337 1843 territorium
1365 1807 1475 1843 terra
1499 1803 1676 1855 marique

263 1856 459 1905 dilatavit,
487 1861 530 1895 ut
556 1857 694 1896 scribit
714 1859 793 1897 lac.
821 1858 989 1898 Luccari
1014 1858 1056 1897 in
1085 1857 1305 1897 Annalibus
1335 1856 1561 1908 Rugusinis.

373 1923 463 1967 148,
496 1923 533 1960 4.
590 1918 635 1959 τὸ
662 1920 708 1960 δὲ
729 1918 952 1973 Χρωβάτοι
980 1922 1029 1974 τῇ
1055 1921 1136 1960 τῶν
1154 1917 1350 1971 Σκλοίβων
1376 1918 1590 1974 διαλέκτῳ]
1622 1921 1672 1960 cf.

265 1974 409 2014 Lucius
444 1987 476 2015 c.
509 1979 577 2014 11.

376 2038 483 2079 Ibid.
516 2043 579 2079 16.
635 2038 709 2078 τοῦ
746 2039 946 2088 βασιλέως
982 2033 1251 2090 ‘Hpaxiee'ovl
1293 2039 1448 2091 quando
1479 2037 1678 2078 Dalmatia

268 2093 320 2132 ab
347 2094 547 2133 Abaribus
574 2094 640 2133 vel
670 2094 806 2134 Slavis
835 2098 1026 2145 occupata
1054 2094 1185 2141 fuerit,
1215 2094 1392 2145 pluribus
1421 2092 1507 2144 agit
1532 2091 1677 2131 Lucius

264 2151 288 2186 1
317 2151 355 2186 9.
414 2148 463 2186 de
495 2147 690 2199 baptismo
721 2152 850 2188 autem
876 2147 1112 2188 Croatorum
1140 2147 1308 2187 diximus
1336 2147 1527 2186 nonnulla
1554 2156 1676 2197 supra

266 2201 318 2241 ad
346 2214 379 2240 c.
407 2205 473 2251 30,
502 2206 542 2240 et
569 2202 712 2242 Lucius
736 2202 909 2254 loquitur
935 2202 1114 2253 pluribus
1142 2202 1191 2240 de
1220 2201 1355 2240 eodem
1384 2213 1416 2240 c.
1444 2204 1508 2239 11.

377 2267 468 2313 149,
495 2269 534 2306 2.
591 2265 783 2306 Chrobati
803 2266 927 2318 igitur
953 2265 1024 2304 sub
1051 2265 1196 2304 Porino
1228 2265 1337 2315 duce,
1366 2265 1523 2316 Porgae
1549 2265 1677 2314 patre,

266 2318 423 2357 Abares
452 2331 502 2359 ex
530 2320 732 2359 Dalmatia
757 2321 992 2371 expulerunt
1019 2323 1194 2370 tempore
1213 2317 1399 2367 Heraclii,
1429 2322 1473 2357 ut
1498 2315 1677 2367 Porphy-

266 2372 470 2423 rogenitus
506 2373 569 2412 hic
609 2375 730 2426 paulo
759 2373 939 2426 superius
973 2376 1012 2411 et
1047 2373 1176 2424 capite
1218 2371 1471 2425 praecedenti
1511 2373 1676 2410 narrat:

266 2425 408 2466 deinde
458 2426 593 2479 Porga
637 2440 772 2467 eorum
813 2427 911 2467 duce
970 2426 1197 2478 baptizatos
1253 2426 1409 2466 eosdem
1455 2424 1679 2465 Chrobatos

265 2479 388 2520 fuisse
415 2480 483 2520 ait.

377 2532 483 2574 Ibid.
509 2537 575 2574 23.
636 2533 878 2585 Τερπημέρη
913 2532 989 2571 τοῦ
1015 2524 1226 2584 ἄρχοντος]
1270 2534 1319 2572 de
1346 2532 1581 2574 croatorum
1606 2529 1677 2568 du-

266 2588 375 2628 cibus
404 2593 443 2626 et
472 2600 606 2628 eorum
633 2588 757 2639 stirpe
783 2588 962 2640 pluribus
988 2588 1074 2640 agit
1108 2588 1250 2628 Lucius
1275 2591 1303 2627 2
1330 2592 1367 2627 1.

375 2654 467 2704 150,
495 2656 534 2694 3.
590 2651 793 2704 εὐλαβιδν]
830 2652 1025 2694 Meursius
1066 2653 1278 2705 legendum
1315 2651 1372 2691 ait
1414 2646 1608 2699 εὐσεβῶν,
1640 2650 1680 2686 et
