1780 3132
154 176 230 219 DE
262 174 731 219 ADMINISTRANDO
763 172 1003 219 IMPERIO
1039 174 1152 221 CAP.
1191 178 1244 219 10
1269 199 1324 242 -ὴ
1352 177 1420 217 13.
1493 176 1554 220 81

564 285 946 345 Κεφάλαιον
1016 285 1085 342 ιβ’.

365 358 450 405 περὶ
473 360 543 404 τῆς
565 357 711 406 μαύρης
733 361 965 405 Βουλγαρίας
988 361 1051 397 καὶ
1074 361 1277 406 Χαζαρίας.

215 433 306 478 ’Ότι
330 436 396 476 καὶ
422 432 447 490 ἦ
470 434 611 494 μαύρη
634 435 826 491 λεγομένη
854 438 1088 492 Βουλγαριά
1112 436 1279 479 δύναται
1304 442 1387 485 τοῖς
1410 434 1556 487 Xum-

89 521 176 561 ροις
191 507 391 559 πολεμεῖν.
591 517 594 519 ·

53 604 76 640 5
566 591 948 650 Κεφάλαιον
1017 591 1081 649 ιγ’.

339 664 426 710 περὶ
447 665 525 700 τῶν
543 663 822 711 πλησιαζόντων
845 663 971 701 ἐθνῶν
995 667 1076 706 τοῖς
1102 664 1298 708 Τούρκοις.

212 739 304 784 ’Ότι
332 746 417 791 τοῖς
445 738 646 796 Τούρκοις
663 742 715 783 τὰ
736 745 907 783 τοιαῦτα
928 739 1028 795 ἔθνη
1050 738 1337 796 παράκεινται,
1365 740 1467 795 πρὸς
1486 741 1560 794 μὲν

84 807 131 851 τὸ
156 807 421 865 δυτικώτερον
442 809 565 864 με’ρος
587 810 720 852 αὐτῶν
743 808 769 865 ἡ
799 811 985 866 Φραγγιά
997 841 1009 859 ,
1044 809 1148 864 πρὸς
1172 809 1215 850 δὲ
1239 809 1284 849 τὸ
1303 807 1560 864 βορειότερον

86 877 125 919 οἷ
148 879 463 929 Πατζινακΐται,
498 879 564 919 καὶ
592 879 694 933 πρὸς
719 877 765 920 τὸ
795 877 1072 933 μεσημβρινὸν
1093 878 1216 934 μέρος
1237 875 1262 931 ἧ
1282 876 1435 932 μεγάλη
1457 881 1558 920 Mo-

32 951 78 987 10
89 947 215 1002 ραβιά
239 945 329 1001 ἤτοι
355 945 382 999 ἡ
403 945 523 1002 χώρα
551 951 625 988 τοῦ
655 946 993 1004 Σφενδοπλόκου,
1024 945 1113 1001 ἥτις
1137 949 1203 988 καὶ
1224 949 1428 996 παντελῶς
1447 945 1560 1003 ἠφα-

83 1016 209 1069 νίσθη
234 1014 348 1072 παρὰ
375 1019 456 1056 τιῦν
483 1014 676 1057 τοιούτων
707 1014 903 1072 Τούρκων
935 1017 1003 1057 καὶ
1032 1014 1135 1071 παρ’
1164 1014 1297 1057 αὗτιῦν
1319 1016 1558 1070 κατεσχέθη.

85 1083 124 1125 οἱ
146 1083 192 1126 δὲ
213 1081 440 1140 Χρωβάτοι
460 1083 562 1138 πρὸς
581 1084 632 1126 τὰ
654 1083 728 1139 ι’)’ρη
749 1091 833 1134 τοῖς
855 1082 1056 1140 Τούρκοις
1077 1081 1353 1139 παράκεινται.
1583 1094 1613 1127 Ρ
1637 1095 1683 1128 63

210 1150 303 1194 ’Ότι
324 1149 517 1194 δύνανται
538 1154 604 1194 καὶ
626 1153 664 1195 οἱ
681 1155 972 1205 Πατζινακῒται
986 1159 1069 1202 τοῖς
1084 1150 1285 1208 Τούρκοις
1301 1152 1561 1194 ἐπιτίθεσθαι

84 1220 153 1262 καὶ
181 1218 368 1276 μεγάλως
394 1219 624 1276 πραιὸεύειν
650 1222 716 1264 καὶ
747 1219 1050 1277 παραβλάπτειν
1070 1219 1219 1271 αὐτούς
1227 1252 1240 1272 ,
1270 1220 1415 1271 καθὼς
1433 1222 1500 1263 καὶ
1519 1222 1560 1263 ἐν

31 1298 74 1333 15
85 1292 143 1347 τῷ
158 1290 247 1345 περὶ
266 1290 572 1340 Πατζινακιτιῦν
588 1291 795 1347 κεφαλαίῳ
811 1291 1060 1345 προείρηται.

214 1357 475 1412 Ἔπίστησον,
503 1357 588 1409 υἱέ,
618 1359 801 1407 διανοίας
829 1357 944 1412 ὄμμα
973 1361 1045 1412 τῆς
1070 1359 1144 1409 σῆς
1169 1352 1304 1410 λόγοις
1323 1355 1456 1409 ε’μοῖς,
1491 1358 1560 1398 καὶ

81 1428 213 1481 γνῶθι
244 1423 271 1467 ἅ
300 1441 366 1468 σοι
393 1426 648 1480 ἐντέλλομαι,
682 1428 751 1468 καὶ
771 1426 871 1477 ἕξεις
893 1428 935 1469 ἓν
954 1429 1086 1482 καιρῷ
1104 1422 1159 1474 ὥς
1179 1425 1222 1466 ἐκ
1245 1429 1452 1480 πατρικῶν
1476 1429 1561 1479 θη-

83 1497 248 1550 σαυρῶν
286 1494 503 1552 προφέρειν
536 1499 711 1537 πλοῦτον
745 1492 980 1553 φρονήσεως
1010 1496 1077 1536 καὶ
1109 1494 1414 1535 ἐπιδείκνυσθαι
1443 1492 1560 1547 χύμα

82 1562 291 1612 συνέσεως.
359 1562 450 1606 ἴσθι
478 1557 549 1606 οὖν
578 1561 640 1606 ὅτι
671 1569 755 1614 τοῖς
782 1564 958 1620 βορείοις
979 1562 1107 1604 ἅπασι
1128 1561 1255 1617 γένεσι
1278 1560 1401 1618 φύσις
1423 1561 1559 1618 ὥσπερ

26 1630 333 1686 2οκαθὲστηκεν
367 1631 415 1673 τὸ
447 1631 489 1674 ἓν
517 1629 703 1689 χρήμασι
738 1633 874 1687 λίχνον
904 1633 972 1674 καὶ
1003 1630 1208 1684 ἄπληστον
1248 1631 1316 1671 καὶ
1357 1630 1561 1684 μηδέποτε

83 1697 389 1757 κορεννύμενον,
423 1698 521 1742 ὅθεν
552 1699 685 1743 πάντα
715 1702 892 1755 ἐπιζητεῖ
913 1701 981 1742 καὶ
1010 1697 1173 1741 πάντων
1204 1698 1358 1755 ἐφίεται
1389 1699 1456 1740 καὶ
1485 1699 1559 1741 οὐκ

83 1766 162 1822 ἕχει
183 1767 258 1818 τὰς
278 1768 500 1822 ἐπιθυμίας
530 1768 613 1827 ὅρῳ
645 1769 1019 1826 περιγραφομένας,
1055 1766 1147 1809 ἀλλ’
1181 1766 1242 1807 ἀεὶ
1274 1770 1346 1808 τοῦ
1378 1768 1560 1812 πλείονος

83 1837 286 1891 ἐπιθυμεῖ,
316 1839 381 1878 καὶ
403 1837 490 1879 ἀντὶ
510 1841 660 1894 μικρᾶς
679 1837 875 1894 ὠφελείας
890 1836 1046 1893 μεγάλα
1068 1835 1190 1892 κέρδη
1210 1822 1574 1890 προσποριζζεσθιηι

173 1944 198 1979 3
219 1940 243 1989 ἦ
269 1943 375 1989 vulgo
396 1955 450 1978 om

438 2046 495 2080 12.
544 2046 588 2079 de
609 2045 723 2092 nigra
747 2046 932 2090 Bulgaria
956 2050 991 2079 et
1017 2043 1212 2078 Chazarz'a.

172 2101 358 2147 Balgatia,
381 2113 484 2147 quam
505 2101 639 2147 nigram
662 2107 810 2146 vocant,
836 2106 954 2147 potest
976 2101 1156 2136 Chazaros
1179 2100 1271 2134 bello
1295 2099 1478 2134 infestare.

347 2181 404 2217 13.
453 2181 497 2215 de
521 2181 692 2227 gentibus
720 2193 814 2226 quae
842 2181 970 2215 Turcis
984 2181 1165 2225 finitimae
1188 2184 1286 2214 sunt.

174 2237 305 2273 Turcis
339 2237 405 2272 hae
435 2243 559 2283 gentes
589 2238 824 2272 conterminae
853 2243 945 2272 sunt.
994 2236 1038 2270 ad
1062 2235 1276 2270 occidentem
1300 2235 1475 2279 Francia,
1511 2237 1556 2270 ad

80 2284 353 2331 septentrionem
376 2284 636 2328 Patzinacitae,
670 2284 714 2318 ad
739 2284 915 2318 meridiem
940 2293 1065 2326 magna
1087 2281 1249 2316 Moravia
1269 2282 1347 2316 sive
1368 2282 1555 2327 Sphendo-

79 2330 173 2376 ploci
194 2329 307 2375 regio,
330 2341 420 2375 quae
442 2329 580 2364 omnino
604 2341 625 2363 a
649 2330 779 2364 Turcis
802 2334 939 2363 vastata
962 2334 1017 2362 est
1039 2332 1075 2362 et
1097 2329 1141 2362 ab
1166 2327 1252 2372 ipsis
1274 2327 1341 2362 iam
1361 2328 1553 2362 obtinet-ur.

80 2377 255 2412 Chrobati
277 2387 363 2410 vero
387 2376 432 2410 ad
455 2382 589 2410 montes
614 2375 744 2410 Turcis
767 2375 943 2409 adiacent.

171 2423 324 2456 Possunt
345 2426 459 2456 autem
480 2421 722 2456 Patzinacitae
745 2421 881 2455 Turcas
905 2419 997 2454 bello
1021 2418 1212 2464 impetere,
1246 2417 1453 2463 depopulari
1479 2429 1553 2453 ma-

80 2479 253 2513 gnamque
275 2468 441 2514 praedam
463 2479 570 2512 agere
591 2467 759 2512 ipsosque
783 2467 918 2511 ingenti
941 2466 1064 2499 damno
1085 2465 1243 2508 afficere,
1266 2466 1552 2508 quemadmodum

81 2514 119 2548 in
142 2526 185 2549 eo
207 2514 302 2558 quod
324 2512 370 2547 de
390 2513 618 2548 Patzinacitis
643 2513 856 2548 instituimus
881 2511 998 2556 capite
1018 2510 1230 2546 declaratum
1256 2516 1323 2544 est.

171 2559 338 2603 Intende,
376 2571 396 2593 o
419 2559 488 2604 fili,
525 2559 740 2594 sermonibus
764 2559 850 2592 meis
875 2557 992 2592 oculos
1016 2557 1141 2591 mentis
1165 2562 1263 2599 tuae,
1297 2567 1338 2589 ac
1362 2558 1553 2601 praecepta

81 2617 159 2640 mea
193 2605 398 2649 considera,
433 2611 538 2650 atque
570 2611 767 2650 opportune
803 2604 937 2649 poteris
970 2603 1113 2637 divitias
1144 2601 1354 2647 prudentiae
1380 2601 1481 2646 quasi
1509 2612 1553 2635 ex

79 2651 238 2696 paternis
260 2650 437 2685 thesauris
460 2651 619 2696 proferre
641 2661 868 2694 magnamque
891 2648 1109 2695 prudentiam
1135 2648 1317 2682 exhibere.
1364 2647 1454 2680 scito
1480 2648 1550 2681 ita—

81 2708 150 2742 que
178 2697 380 2731 borealibus
413 2696 571 2731 omnibus
602 2697 739 2742 populis
766 2695 867 2740 quasi
889 2706 911 2729 a
932 2701 1057 2729 natura
1079 2695 1219 2728 insitam
1244 2705 1325 2727 esse
1347 2693 1550 2727 divitiarum

81 2742 277 2788 cupidinem
307 2742 557 2787 insatiabilem,
593 2743 815 2788 quamobrem
849 2741 965 2776 omnia
993 2747 1185 2785 quaerunt,
1221 2739 1337 2773 omnia
1366 2744 1550 2782 expetunt,

80 2799 196 2834 neque
227 2788 542 2834 concupiscentiam
574 2789 722 2823 termino
755 2787 824 2822 ullo
856 2786 1150 2831 circumscriptam
1176 2786 1324 2827 habent,
1361 2785 1425 2818 sed
1448 2784 1551 2829 plura

78 2845 218 2880 semper
241 2833 407 2880 cupiunt,
431 2846 473 2870 ac
494 2846 557 2881 pro
580 2834 710 2880 exigua
732 2844 841 2879 opera
864 2833 1042 2868 maximam
1065 2832 1257 2866 mercedem
1279 2829 1408 2865 referri
1425 2834 1550 2875 postu-

136 2885 255 2920 Guust.
284 2886 414 2931 Porph.
1243 2880 1270 2918 6
