1780 3132
341 157 435 207 434
850 167 1191 206 WESSELtNGn

341 276 444 327 apud
479 276 707 327 Procopium
745 275 863 315 Fabr.
902 276 994 315 lust.
1023 278 1050 316 4
1079 278 1104 315 4
1143 288 1282 315 nomen
1319 280 1379 315 est
1410 269 1651 326 Ἀλιστρος;
1688 277 1729 317 in

339 328 501 367 Σκεπῶν
529 335 655 369 autem
685 329 769 367 sive
801 325 1018 366 Σκεύπτων
1046 342 1141 368 voce
1169 330 1294 369 latere
1321 330 1491 370 eiusdem
1518 330 1630 392 Epiri
1663 342 1729 370 ur-

339 383 450 428 bem,
482 395 580 434 quae
610 381 813 431 ..κιδρέων
838 388 878 421 et
906 383 947 422 in
965 383 1193 435 Augustano
1228 383 1361 422 codice
1390 380 1578 421 Σκυὸεών
1604 384 1729 424 eidem

339 436 529 486 Procopio
554 435 674 475 audit.

441 502 532 547 393,
563 502 601 537 7.
657 493 735 534 ὑπὸ
767 494 1066 548 κονσουλάριον]
1099 499 1471 539 consulariDaciam
1497 500 1726 540 mediterra-

335 563 447 590 neam
488 551 666 603 paruisse
692 551 839 591 Notitia
883 553 973 603 imp.
1004 554 1150 592 orient.
1193 566 1226 593 c.
1259 557 1281 592 1
1319 554 1533 599 confirmat.
1599 554 1726 592 estin

333 607 361 645 l.
390 609 416 643 2
448 617 480 644 c.
513 605 665 644 Theod.
690 606 738 643 de
780 605 922 644 inoflic.
954 610 1104 646 testam.
1149 606 1336 646 Claudius
1365 618 1526 658 praeses
1553 607 1724 655 Daciae;

329 671 429 710 quae
456 671 540 698 cum
568 664 607 697 et
634 658 823 698 Sardicae
861 659 1095 709 meminerit,
1132 660 1282 699 diceres
1307 660 1468 700 Daciam
1494 660 1725 700 mediterra-

329 725 441 751 neam
469 714 589 751 fuisse
616 712 888 762 praesidialem
918 714 1187 763 provinciam3
1230 725 1329 764 quae
1359 719 1488 752 tamen
1516 725 1582 752 res
1611 725 1723 752 secus

327 765 456 804 habet·
512 766 701 805 sardicae
730 778 755 805 a
782 766 1038 805 Constantino
1067 768 1119 805 Μ.
1149 779 1196 806 ea
1223 767 1290 806 lex
1318 767 1412 806 data
1439 771 1500 805 est
1531 767 1582 806 ad
1607 778 1722 818 prae-

327 820 449 859 sidem
474 820 647 866 Daciae,
678 818 741 870 qui
779 824 989 870 propterea
1020 821 1166 859 Daciae
1206 821 1517 860 mediterraneae
1560 831 1722 871 praeses

325 885 404 912 non
433 873 517 923 fuit,
546 878 588 911 ut
615 873 644 911 1
675 872 942 912 Gothofredus
969 875 1164 913 censebat.

430 939 536 981 Ibid.
564 945 603 980 8.
659 937 856 990 Σαρδικὴ]
897 942 1044 980 Daciae
1072 942 1305 993 metropolin
1342 941 1464 981 fuisse
1492 941 1721 981 Theodore-

320 999 382 1034 tus
403 995 449 1034 Η.
479 995 524 1033 Ε.
555 999 580 1033 2
609 996 634 1033 4
661 995 786 1033 docet
815 995 1089 1057 ConstantiuS‚
1115 996 1268 1056 inquit,
1291 993 1533 1043 προσέταξεν
1561 1007 1620 1038 εις
1647 991 1721 1044 τὴν

320 1045 525 1097 Σαοὸικὴν
565 1042 787 1108 (Ἰλλυρικὴ
820 1047 863 1085 δὲ
893 1043 995 1109 αὕτη
1030 1046 1167 1096 πόλις,
1195 1047 1268 1086 τοῦ
1294 1048 1441 1086 Δακων
1466 1045 1631 1092 ἔθνους
1626 1061 1720 1098 μη-

315 1098 520 1151 τρόπολις)
561 1114 627 1137 και
669 1112 764 1145 τους
795 1101 866 1150 τῆς
895 1097 996 1152 ἑῴας
1022 1099 1091 1138 καί
1119 1098 1214 1146 τούς
1243 1101 1313 1149 τῆς
1342 1095 1513 1149 ἑσπέρας
1539 1100 1718 1149 συνδρα-

318 1157 413 1205 μεῖν
441 1150 696 1198 ἐπισκόπους.
751 1155 815 1194 ubi
847 1167 897 1193 ne
927 1154 976 1193 ad
1004 1154 1201 1203 Illyricam
1243 1155 1378 1194 urbem
1406 1154 1631 1204 offendaris,
1661 1154 1719 1194 ita
1776 1154 1779 1157 ’

318 1207 395 1247 dici
427 1207 554 1246 obiter
581 1208 768 1256 observa,
810 1209 911 1260 quod
955 1210 1155 1258 praefecto
1192 1208 1382 1259 praetorii
1417 1219 1490 1259 per
1519 1185 1717 1256 Illyricum

315 1262 502 1311 subesset,
534 1273 634 1312 quae
661 1239 768 1300 ratio⁹
795 1268 834 1300 et
858 1262 1090 1301 lornandem
1117 1263 1164 1300 R.
1193 1263 1287 1301 Got.
1319 1274 1351 1300 c.
1371 1263 1424 1300 56
1453 1261 1647 1312 permovit
1673 1265 1718 1300 ut

315 1315 496 1354 Naissum
539 1315 698 1363 Illyrico
745 1316 1022 1355 contribueret
1092 1315 1183 1354 vide
1222 1315 1271 1353 de
1311 1314 1481 1354 Sardica
1507 1314 1598 1354 Ant.
1626 1315 1714 1354 ltin.

315 1382 353 1421 P
425 1419 832 1468 Ιῠίι1.Παν.’τα>ια]
874 1420 1096 1458 Havta71'a
1140 1433 1236 1460 vcro
1282 1422 1437 1461 nomin'e
1464 1420 1560 1472 fuit,
1589 1420 1714 1460 uumis

319 1471 589 1512 OYAHIAC
613 1471 974 1512 HAYTAAIAC
995 1475 1122 1514 titulis
1137 1474 1348 1526 inscriptis,
1374 1478 1413 1514 et
1438 1451 1587 1525 tabulis,
1611 1485 1715 1526 quae

314 1528 530 1566 Peutaliam
557 1530 610 1566 28
637 1527 689 1566 Μ.
719 1528 760 1565 P
803 1527 972 1567 Sardica
1015 1532 1199 1579 separat,
1240 1528 1442 1567 indicibus.
1509 1532 1573 1567 ter
1608 1528 1714 1567 idem

314 1581 556 1620 commissum
585 1585 644 1619 est
669 1585 869 1631 peccatum
901 1581 942 1620 in
970 1581 1317 1632 MalchiExcerpt.
1344 1583 1485 1633 Legat.
1513 1581 1713 1620 Hoesche-

313 1635 358 1673 lii
387 1647 425 1684 p.
441 1638 507 1682 62,
543 1646 641 1696 quae
669 1634 983 1674 accuratissimus
1004 1635 1302 1674 1..1{01steinius
1328 1635 1379 1675 ad
1391 1634 1585 1686 Stephani
1596 1634 1712 1672 Παι-

313 1686 455 1724 ταλίαν
494 1689 637 1738 optime
677 1687 784 1726 eluit.
850 1688 927 1727 sita
966 1693 1053 1728 erat
1092 1701 1171 1727 non
1177 1689 1328 1748 longe
1370 1701 1396 1727 a
1422 1688 1622 1728 Thraciae
1647 1688 1712 1727 in-

312 1740 458 1779 troitu·
486 1738 759 1789 παριηγείλας
774 1753 931 1803 χωραν
971 1741 1047 1802 μὲν
1085 1739 1194 1794 αὐτῷ
1234 1740 1375 1778 δοῦναι
1399 1740 1443 1779 ἐν
1469 1740 1714 1804 Παυταλίᾳ,

311 1794 459 1834 Malchi
487 1795 612 1834 verba
638 1797 740 1844 sunt,
766 1789 793 1844 ἢ
822 1794 891 1844 τῆς
917 1793 992 1842 μὲν
1016 1778 1240 1843 Ἰλλυρικῆς
1266 1792 1414 1844 μοίρας
1441 1792 1552 1831 ἐστιν
1580 1791 1713 1842 ἐπαρ-

311 1847 397 1898 χι’,α
429 1846 481 1884 ov'
509 1844 611 1884 πολυ
639 1845 685 1884 δὲ
713 1845 922 1896 ἀπέχουσα
947 1845 1026 1884 τῶν
1064 1846 1260 1896 εἷοβολων
1291 1847 1362 1896 τῆς
1391 1843 1562 1899 Θράκης.
1615 1847 1713 1886 Pro-

313 1902 426 1953 copio
455 1913 534 1940 non
561 1901 741 1940 dissimili
769 1901 865 1940 vitio
895 1897 1133 1938 Παντάλεια
1171 1900 1300 1940 Aedis.
1329 1902 1421 1940 lust
1453 1903 1479 1940 4
1504 1905 1527 1939 1
1556 1900 1710 1940 dicitur-

416 1968 522 2011 Ibid.
579 1968 618 2007 Γ
615 1965 763 2021 ερμαη]
790 1969 1069 2010 Constantinus
1091 1970 1119 2009 l.
1140 1973 1166 2008 2
1189 1969 1325 2009 Them.
1346 1973 1373 2009 9
1400 1964 1611 2017 Γερμανὸς
1638 1969 1712 2008 ha-

313 2024 391 2063 bet.
446 2036 583 2064 verum
611 2027 670 2062 est
694 2022 733 2060 Γ
730 2035 901 2074 ερμανη,
933 2034 1008 2074 quo
1037 2023 1190 2063 nomine
1217 2023 1428 2074 Procopius
1454 2022 1587 2061 Aedis.-
1613 2023 1709 2062 lust.

312 2081 337 2116 4
367 2081 388 2117 1
422 2077 464 2117 in
491 2078 566 2118 hac
592 2077 717 2116 Dacia
740 2077 851 2117 novit
880 2077 1028 2116 urbem.
1084 2089 1157 2116 nec
1185 2076 1355 2127 diver,sa
1383 2080 1492 2126 puto,
1520 2079 1581 2115 est
1608 2076 1712 2115 Ger-

312 2131 456 2180 mania,
489 2143 603 2183 quam
637 2130 682 2170 Β
710 2131 838 2170 Vand·
868 2134 890 2169 1
922 2134 972 2170 11
1011 2131 1052 2170 in
1088 2131 1229 2169 finibus
1259 2129 1408 2178 lllyrici
1437 2134 1477 2168 et
1501 2129 1709 2179 Thraciae,

314 2183 486 2237 Θρακῶν
514 2196 556 2221 τε
595 2197 662 2220 και
700 2181 908 2246 Ἰλλυςιίων
941 2180 1111 2233 μεταξύ,
1139 2183 1272 2235 ponit,
1313 2183 1498 2223 Belisarii
1525 2182 1708 2234 patriam.

313 2238 403 2277 vide
442 2239 488 2278 N.
518 2238 775 2277 Alemannum
812 2237 855 2276 in
882 2237 1029 2276 Histor.
1059 2237 1203 2276 Arcan.
1251 2249 1283 2276 c.
1314 2240 1352 2287 2,
1380 2243 1419 2276 et
1446 2248 1544 2276 cave
1567 2235 1709 2274 credas

310 2291 349 2329 in
378 2292 642 2331 sanctionibus
673 2290 890 2330 antistitum
917 2291 1184 2339 orientalium,
1212 2291 1316 2342 quod
1342 2268 1443 2330 'inibi
1470 2290 1638 2328 fidenter
1667 2293 1707 2327 et

312 2345 525 2384 ortelianis
556 2345 689 2384 verbis
717 2345 918 2395 asseritur,
944 2344 1180 2395 metropolin
1207 2355 1314 2383 esse:
1345 2344 1466 2396 longe
1482 2342 1582 2382 enim
1609 2342 1709 2382 haec

310 2398 360 2437 ab
394 2411 441 2438 ea
468 2399 662 2450 dignitate
690 2398 801 2439 afuit.

415 2460 520 2502 lbzd.
590 2458 764 2509 Ναισὸς]
802 2466 908 2501 recte
951 2462 1008 2501 ita
1048 2474 1128 2500 mss
1181 2465 1220 2501 et
1260 2460 1552 2501 Constantinus.
1617 2458 1707 2498 vide

309 2515 433 2554 nolst..
463 2516 514 2554 ad
542 2514 730 2567 stephan.
760 2520 799 2555 et
842 2527 941 2568 quae
965 2515 1099 2555 Itiner.
1128 2515 1174 2554 Η.
1203 2527 1241 2567 p.
1269 2516 1351 2554 566
1377 2514 1577 2564 adscripta
1603 2516 1705 2551 sunt.

414 2578 519 2619 Ibid.
535 2584 572 2619 9.
624 2576 882 2627 Ῥεμεσιάνα]
907 2580 955 2618 de
971 2579 1046 2619 hac
1063 2579 1160 2618 urbe
1186 2579 1237 2618 ad
1250 2578 1392 2631 Anton-
1411 2577 1544 2616 ltiner.
1572 2589 1609 2628 p.
1627 2577 1706 2615 135

306 2634 597 2684 disputavimus.
667 2633 707 2672 id
743 2633 962 2674 mirandum
992 2637 1074 2682 est,
1102 2634 1141 2672 in
1184 2632 1292 2672 Actis
1321 2629 1703 2672 Chalcedonensibus
