1780 3132
226 157 289 202 30
489 157 854 201 CONSTANTINI
885 158 1380 202 PORPHYROGENITI

226 270 299 309 εἶσὶ
318 268 362 310 δὲ
383 268 420 309 οἳ
436 265 703 324 Παφλαγόνες
721 267 830 321 γένος
848 266 1089 323 Αἰγύπτιον,
1129 269 1206 310 ἀπὸ
1229 270 1379 319 Φινέως
1401 275 1471 312 τοῦ
1488 268 1646 327 πρώτου

226 335 298 388 τὴν
316 336 608 391 Παφλαγονίαν
630 331 860 387 οἰκήσαντος
866 367 879 387 ,
917 335 961 385 ὃς
989 335 1098 389 ἴσχεν
1125 336 1211 377 υἱὸν
1232 335 1506 392 Παφλαγόνα,
1539 339 1581 388 ἐξ
1601 332 1648 378 οὗ
1770 345 1780 373 1

227 404 291 442 καὶ
315 400 339 455 ἡ
354 401 469 457 χώρα
490 401 562 454 τὴν
581 403 847 456 προσηγορίαν
868 402 1186 458 ἐκληρονόμησεν.
1254 402 1330 456 ἔχει
1351 404 1392 444 δὲ
1413 402 1542 453 πόλεις
1562 405 1647 446 ἔπι-

112 473 141 507 Ρ
166 473 210 507 12
230 466 381 521 σῆμους
404 467 429 522 ἦ
447 469 714 523 Παφλαγονία
742 467 956 519 τοσαύτας,
1003 469 1161 522 πρώτην
1186 470 1257 522 μὲν
1276 468 1518 526 μητρόπολιν
1539 468 1647 525 Γάγ-

227 551 339 589 γραν,
368 535 553 590 δευτέραν
572 535 614 575 δὲ
629 533 867 590 Ἀμάστραν,
888 538 1020 591 τρίτην
1039 535 1193 590 Σώραν,
1217 537 1404 592 τετάρτην
1421 535 1646 592 Λάδιβραν,
1659 542 1680 576 5

226 602 403 654 πέμπτην
424 599 666 651 Ἰωνόπολιν,
701 602 813 655 ἕκτην
832 601 1180 656 Πομπηϊούπολιν’
1224 603 1360 658 πομπὴ
1385 602 1460 660 γάρ
1486 605 1559 646 εἶσι
1583 605 1648 644 καὶ

226 667 373 717 ὄνειδος
389 670 454 709 καὶ
476 668 721 721 ἓξουθένημα
744 673 815 709 τοῦ
837 669 1085 724 ἀνθρωπείου
1103 670 1250 724 γένους.

555 735 714 783 Ὄγδοον
736 739 834 783 θέμα
856 739 898 775 τὸ
923 738 1144 783 καλούμενον
1166 740 1319 774 Χαλδία.

366 788 423 828 Τὸ
444 788 486 828 δὲ
501 789 742 842 καλούμενον
761 792 869 844 θέμα
886 794 1048 832 Χαλδία
1071 793 1136 833 καὶ
1161 790 1186 845 ἡ
1204 790 1446 846 μητρόπολις
1465 790 1649 844 λεγομένη

230 856 458 910 Τραπεζοῦς
482 852 678 910 Ἑλλήνων
706 859 801 899 εἷσὶν
830 858 1026 909 ἀποικίαι,
1070 858 1209 907 καθὼς
1237 860 1300 899 καὶ
1325 856 1517 913 Ξενοφῶν
1537 858 1578 898 ἐν
1601 861 1649 912 τῇ
1664 863 1706 896 10

227 920 418 973 ἀναβάσει
436 920 573 978 Κύρου
602 924 714 978 λέγει.
779 924 830 965 τὰ
851 927 892 965 δὲ
913 925 993 966 ἄνω
1012 928 1078 966 καὶ
1095 923 1286 979 μεσόγαια
1308 929 1378 978 τῆς
1395 928 1540 980 μικρᾶς
1558 923 1652 979 Ἀρ-

227 989 361 1040 μενιάς
376 990 447 1030 εἶσὶ
463 991 663 1043 προοιζιιια.
697 995 812 1032 τοῦτο
835 992 878 1032 δὲ
900 996 1103 1032 πιστοῦται
1124 993 1164 1041 ἐξ
1185 992 1314 1033 αὐτῶν
1330 996 1406 1034 τῶν
1428 989 1652 1044 ὀνομάτων·

227 1054 255 1107 ἥ
283 1072 323 1096 τε
350 1055 426 1110 γὰρ
455 1057 651 1111 Κελτζηνὴ
683 1058 903 1111 καλουμένη
933 1060 997 1099 καὶ
1031 1056 1050 1098 ὃ
1074 1059 1258 1112 Συιρίτης
1286 1059 1349 1098 καὶ
1383 1058 1427 1099 τὸ
1452 1059 1491 1097 Γ
1489 1055 1653 1108 οιζάνον.

227 1128 426 1176 μαρτυρεῖ
451 1123 494 1163 δὲ
519 1125 584 1164 καὶ
615 1126 701 1179 περὶ
734 1123 882 1166 τούτων
913 1123 937 1178 ἦ
968 1127 1060 1166 θεία
1091 1125 1226 1180 γραφὴ
1257 1126 1296 1166 ἓν
1324 1128 1373 1179 τῇ
1391 1122 1556 1178 τετάρτῃ
1575 1127 1655 1163 τῶν

227 1193 438 1241 βασιλειῶν
453 1202 465 1212 ·
509 1190 602 1239 τοὺς
627 1187 703 1246 γὰρ
731 1195 1010 1239 κατοικοῦντας
1038 1191 1108 1244 τὴν
1127 1189 1357 1245 Σαμάρειαν
1379 1187 1654 1242 αι’χμαλώτους
1668 1197 1707 1230 15
1735 1204 1738 1207 ·

230 1254 417 1307 λαβόντες
446 1255 646 1311 Ἀσσύριοι
682 1256 905 1313 κατῴκισαν
939 1257 1082 1305 αὐτοὺς
1117 1258 1156 1297 ἓν
1188 1260 1245 1311 τῷ
1269 1260 1433 1312 ποταμῷ
1466 1257 1503 1295 Γ
1501 1253 1654 1311 οιζάιῗῳ.

229 1321 346 1374 ἔλαβε
366 1323 408 1363 δὲ
425 1323 495 1375 τὴν
515 1325 791 1379 προσωνυμίαν
810 1328 881 1364 τοῦ
897 1327 1106 1364 καλεῖσθαι
1124 1325 1286 1363 Χαλδία
1302 1324 1344 1363 ἐκ
1360 1326 1430 1375 τῆς
1446 1326 1525 1363 τῶν
1542 1324 1655 1377 Περ-

230 1394 310 1430 σῶν
339 1391 604 1444 προσηγορίας
634 1392 698 1431 καὶ
729 1395 800 1443 τῆς
821 1390 950 1432 αὐτῶν
970 1388 1227 1444 ἀρχαιογόνου
1249 1390 1438 1444 πατρίδος
1457 1389 1655 1439 Χαλδιάς,

230 1456 326 1497 ὅθεν
347 1458 412 1498 καὶ
431 1458 632 1499 Χαλδαῖοι
656 1456 1030 1512 προσονομάζονται.

643 1525 808 1563 ’Ένατον
832 1526 929 1571 θὲμα
952 1526 1229 1569 Μεσοποταμία.
1666 1529 1711 1564 20

363 1579 422 1620 Τό
442 1579 486 1620 δὲ
503 1581 611 1632 θὲμα
632 1586 701 1634 τῆς
720 1580 1036 1631 ,Πίῖεσοποταμιάς
1064 1579 1109 1619 οὗ
1136 1574 1393 1632 πολυχρόνιόν
1414 1578 1530 1626 ἔστιν,
1566 1576 1656 1618 οὐδὲ

229 1646 330 1700 μέγα
359 1663 396 1687 τι
424 1640 472 1699 ἦν
503 1650 569 1687 καὶ
598 1646 842 1703 περιβόητον,
887 1646 990 1687 ἀλλὰ
1023 1643 1232 1699 κλεισούρα
1263 1661 1323 1693 τις
1355 1644 1561 1696 dmm-,uoq
1590 1646 1658 1685 καὶ

322 1734 339 1764 1
365 1727 500 1772 φήνεος
523 1730 551 1763 C
709 1731 731 1764 4
753 1728 891 1773 γοὶγραν
920 1725 1144 1770 μητρόπολιν
1174 1727 1203 1760 C
1359 1726 1381 1761 5
1407 1725 1606 1772 Δάδυβραν
1627 1729 1658 1760 V

319 1776 340 1808 8
366 1772 635 1817 ὀνομαζόμενον
658 1775 686 1807 C
787 1775 830 1808 13
852 1773 994 1814 καλτζὶν
1017 1773 1064 1805 A·
1146 1769 1346 1814 καλουμένη
1370 1772 1436 1805 add
1457 1772 1487 1805 A
1585 1773 1660 1806 Συ-

320 1820 501 1863 σπειρίτης
529 1819 721 1854 Bandurius
752 1830 825 1853 cum
857 1820 888 1852 V
1070 1817 1113 1851 16
1145 1816 1308 1861 Γοζιανῷ
1342 1816 1393 1860 V,
1423 1813 1598 1860 γοιζοὶνων
1629 1817 1659 1850 C

321 1867 362 1899 19
385 1862 624 1907 ὀνομάζονται
646 1865 675 1898 C

231 1936 308 1965 sunt
325 1937 435 1964 autem
451 1931 689 1974 Paphlagones
704 1930 869 1974 Aegyptii
883 1939 1021 1973 genere,
1047 1940 1067 1962 a
1080 1928 1224 1971 Phineo,
1251 1927 1310 1972 qui
1325 1927 1451 1973 primus
1465 1927 1659 1972 Paphlago-

232 1978 320 2009 niam
342 1977 528 2016 habitavit3
551 1976 609 2019 qui
628 1975 761 2019 quidem
785 1975 888 2008 filium
906 1973 1024 2008 habuit
1037 1974 1306 2017 Paphlagonem3
1330 1984 1350 2006 a
1365 1983 1431 2016 quo
1448 1972 1548 2006 etiam
1562 1973 1658 2016 regio

231 2021 491 2066 appellationem
519 2020 664 2064 accepit.
711 2020 817 2054 habet
835 2031 918 2052 vero
940 2020 1042 2052 urbes
1065 2018 1213 2052 illustres
1236 2017 1468 2061 Paphlagonia
1490 2017 1562 2059 has,
1586 2018 1659 2063 pri-7

231 2078 314 2100 mam
340 2066 475 2110 quidem
499 2065 708 2109 metropolim
733 2067 926 2108 Gangram,
969 2063 1107 2097 alteram
1130 2065 1335 2105 Amastrum,
1371 2061 1505 2096 tertiam
1526 2063 1659 2106 Soram,

231 2117 382 2156 quartam
406 2110 600 2148 Dadibram,
625 2109 774 2153 quintam
796 2108 994 2153 Ionopofim,
1019 2115 1147 2142 sextam
1170 2106 1447 2151 Pompeiopolim.
1470 2114 1550 2141 sunt
1571 2109 1660 2142 enim

230 2154 370 2199 πομπή,
392 2155 428 2189 id
451 2161 506 2189 est
526 2155 716 2198 ludibrium,
743 2156 902 2199 probrum
926 2160 961 2187 et
983 2152 1186 2197 vituperium
1209 2152 1344 2196 generis
1367 2152 1516 2186 humani.

621 2210 751 2243 Thema
778 2216 936 2244 octavum
960 2210 1089 2243 dictum
1115 2209 1274 2243 Chaldia.

320 2255 453 2289 Thema
475 2266 558 2288 vero
583 2255 728 2288 Chaldia
752 2262 976 2299 nuncupatum
990 2280 999 2297 ‚
1036 2260 1070 2288 et
1092 2253 1288 2298 metropolis
1309 2264 1398 2297 quae
1420 2253 1545 2287 dicitur
1566 2253 1660 2287 Tra-

231 2313 347 2346 pezus,
375 2302 583 2334 Graecorum
604 2306 683 2333 sunt
703 2300 868 2343 coloniae,
889 2299 1161 2344 quemadmodum
1186 2304 1222 2331 et
1242 2298 1433 2343 Xenophon
1459 2299 1494 2331 in
1519 2298 1661 2343 expedi-

230 2348 325 2381 tione
349 2345 434 2388 Cyri
457 2345 574 2379 tradit.
621 2345 782 2378 ulteriora
812 2357 896 2378 vero
926 2357 966 2378 ac
994 2343 1243 2377 mediterranea
1271 2350 1351 2376 sunt
1378 2343 1518 2377 minoris
1540 2344 1660 2377 Arme-

232 2393 308 2425 niae
339 2389 544 2435 primordia3
586 2390 682 2424 cuius
705 2390 839 2433 quidem
865 2389 916 2423 rei
939 2390 1038 2423 fidem
1061 2388 1191 2422 faciunt
1212 2388 1288 2432 ipsa
1311 2388 1465 2431 nomina,
1499 2388 1662 2422 Celtzene

231 2436 363 2471 scilicet
386 2441 421 2468 et
443 2434 641 2479 Sysperites
665 2442 700 2467 et
718 2436 931 2475 Goezanum3
962 2434 1005 2468 de
1028 2434 1149 2478 quibus
1173 2433 1273 2466 etiam
1295 2444 1392 2466 sacra
1413 2433 1584 2478 scriptura
1605 2438 1661 2467 te—

231 2487 353 2523 statur,
371 2486 493 2524 quarto
517 2491 633 2523 regum
657 2478 765 2512 libret
791 2480 926 2522 Assyrii
949 2480 1036 2512 enim
1059 2489 1131 2511 cum
1156 2477 1332 2511 Samariae
1354 2478 1482 2511 incolas
1507 2477 1661 2523 captivos

230 2526 474 2567 abduxissent,
506 2525 549 2557 ad
572 2523 711 2557 fluvium
737 2525 932 2557 Goezanum
958 2535 1016 2557 eos
1036 2523 1294 2557 transtulerunt.
1340 2523 1431 2567 quod
1451 2533 1534 2556 vero
1556 2522 1662 2556 Chal-

230 2571 288 2605 dia
310 2571 402 2604 dicta
425 2569 489 2610 sit,
525 2580 546 2602 a
570 2569 748 2602 Persarum
769 2569 997 2612 appellatione
1019 2568 1118 2602 fluxit
1141 2574 1176 2601 et
1198 2579 1218 2600 a
1240 2567 1352 2612 patria
1375 2567 1541 2612 Chaldia,
1571 2568 1662 2601 unde

231 2616 373 2662 primam
398 2613 563 2658 originem
587 2614 736 2654 ducuut3
767 2615 857 2647 unde
883 2620 916 2648 et
941 2613 1102 2647 Chaldaei
1129 2612 1356 2656 cognominati
1377 2618 1470 2647 sunt.

652 2669 781 2702 Thema
802 2680 952 2711 nonum,
979 2669 1241 2712 Μεεοροΐιιηιὶα.

321 2716 453 2749 Thema
482 2726 566 2748 vero
594 2714 863 2758 Mesopotamiae
893 2719 1063 2748 vetustum
1094 2725 1160 2746 non
1192 2718 1264 2756 est,
1298 2724 1409 2756 neque
1430 2710 1487 2745 vel
1508 2721 1663 2755 magnum

232 2760 286 2795 vel
310 2761 445 2796 celebre
467 2758 641 2805 quidpiam
663 2764 748 2803 erat,
772 2760 832 2794 sed
855 2761 1033 2794 obscurum
1056 2758 1235 2803 quoddam,
1259 2757 1404 2792 nominis
1426 2763 1527 2802 atque
1543 2756 1663 2802 appel-

778 2902 788 2919 C
