1780 3132
308 140 403 190 542
834 150 1178 190 wasssscmcn

306 259 487 299 custodes
513 259 598 300 sive
624 258 906 311 praesidiarios
932 259 1088 309 milites,
1119 259 1186 312 qui
1209 259 1382 312 Aegypti
1406 261 1536 303 aditus
1563 267 1704 307 contra

307 315 474 353 hostium
501 313 745 353 incursiones
762 317 978 354 tuerentur.
1034 317 1122 353 erat
1147 313 1341 354 Gerrhum
1363 316 1449 355 loco
1475 319 1704 358 commodis-

307 369 403 408 simo
434 367 613 419 positum,
641 372 759 419 atque
787 367 839 406 ad
864 368 1016 407 initium
1045 367 1198 420 quidem
1214 368 1496 410 Barathrorum
1521 371 1606 414 sive
1632 385 1704 412 vo-

306 422 499 474 raginum,
528 432 631 472 quae
657 421 851 461 Pelusium
879 433 1018 461 versus
1056 422 1388 473 porrigebantur,
1418 424 1520 476 quod
1545 426 1580 466 si
1605 437 1705 479 ergo

307 488 394 514 cum
420 486 519 514 cura
546 479 799 525 servaretur,
828 475 880 516 ad
905 476 1080 515 claustra
1107 475 1282 528 Aegypti
1312 475 1442 517 aditus
1470 481 1558 519 erat
1581 478 1706 520 bosti-

307 530 379 569 bus
407 529 654 570 interclusus.
673 529 723 568 de
733 529 942 570 Barathris
968 529 1048 569 illis
1064 529 1260 571 Diodorus
1270 533 1322 570 16
1346 543 1386 583 Ρ.
1402 533 1483 571 444
1509 536 1550 573 et
1559 532 1705 575 Strabo

414 613 508 685 399,
540 639 603 676 13.
660 634 826 688 Σκέννα]
859 633 989 686 Σέλα,
1018 636 1127 677 cuius
1154 637 1359 690 episcopus
1389 635 1558 690 Alypius
1581 637 1708 702 Σέλης

307 687 509 740 ἐπαρχίας
535 687 901 741 Αὕγουσταμνικῆς
931 690 972 730 in
978 666 1181 743 'Ephesino
1209 692 1374 732 concilio
1390 705 1429 745 Ρ
1443 694 1527 733 478
1552 691 1708 734 (licitur-

307 744 398 784 vide
424 744 512 783 ltin.
539 744 631 784 Ant.
657 758 695 796 p.
715 748 806 784 171.

413 795 820 849 1ῠὶι1.Σεθραῖ’της]
849 796 1039 838 Straboni
1065 797 1107 837 in
1131 810 1212 838 mss
1224 795 1458 849 Σεθρωῖτης
1482 803 1535 840 17
1563 812 1604 852 Ρ.
1615 802 1709 842 804.

308 852 378 890 scd
405 855 542 891 nostro
580 852 732 891 accedit
762 852 1020 892 Ptolemaeus.
1087 852 1194 891 cuius
1220 853 1324 892 nomi
1357 854 1586 916 metropolis
1611 854 1712 894 Her-

308 905 409 945 culis
437 916 565 957 parva
600 906 695 945 urbs
726 910 826 946 crat.
891 917 1017 958 neque
1044 905 1127 946 alia
1162 906 1225 944 hic
1252 906 1507 959 intelligitur:
1549 919 1642 948 nam
1667 909 1711 949 in

307 959 472 999 concilio
505 959 703 1010 Ephesino
733 960 848 999 modo
869 960 1020 1010 Theon,
1047 963 1092 999 ut
1118 972 1157 1011 p.
1179 962 1270 1010 472,
1298 961 1462 1000 antistes
1479 959 1713 1012 Σεθροῖῒου,

306 1014 422 1053 modo
445 1008 696 1063 Ἡρακλέους
721 1013 792 1052 τοῦ
821 1011 1067 1064 Σεθροΐτου,
1097 1014 1419 1065 quemadmodum
1441 1027 1480 1067 p.
1497 1017 1591 1067 531,
1616 1015 1714 1057 dici-

307 1072 389 1107 tur
443 1067 599 1106 Pelusio
626 1067 715 1107 ltin.
745 1067 890 1107 Anton.
919 1068 972 1107 Μ.
1003 1068 1045 1109 P.
1067 1071 1120 1106 22
1148 1073 1321 1119 separat.

414 1125 835 1181 1ῠιά.Ἥφαιστος]
874 1133 1042 1172 Ioannes
1075 1127 1307 1183 Ἡφαίστου
1344 1103 1738 1185 Αυγονσταμνικῆς.

308 1185 541 1237 subscripsit
571 1185 769 1236 Ephesino
799 1187 966 1226 concilio
997 1200 1036 1238 p.
1055 1189 1149 1227 471.

415 1247 522 1290 Ibid.
578 1249 865 1298 Πανίθυσος]
865 1251 1089 1302 ’adscripsit
1116 1251 1160 1290 L.
1189 1250 1430 1290 Holsteinius
1457 1249 1715 1301 Πανίφυσος,

311 1301 580 1354 Πανείφυσος
616 1308 655 1342 et
687 1303 972 1355 Παναιᾘφυσος
1038 1306 1262 1345 Ptolemaeo
1299 1305 1442 1345 dicitur
1471 1304 1718 1355 Πανέφυσις

311 1358 542 1422 metropolis
585 1357 829 1409 nomiNeut,
860 1358 1061 1410 Ephesino
1092 1359 1258 1399 concilio
1297 1372 1338 1410 Ρ.
1357 1361 1437 1398 478
1464 1357 1717 1408 Πανέφυσος

310 1408 513 1459 ἐπαρχίας
543 1389 930 1462 Αὕγουσταμνικῆς,
959 1417 998 1452 et
1024 1426 1061 1465 p.
1075 1414 1154 1452 440
1192 1411 1449 1463 Πανέφεσος.
1505 1411 1718 1453 Cassianus

308 1465 456 1504 Coliat.
485 1468 535 1504 11
565 1478 597 1503 c.
627 1468 654 1504 3
683 1465 866 1516 oppidum
882 1466 1122 1518 Panephisin
1142 1467 1332 1519 appellat,
1360 1470 1400 1505 et
1428 1465 1527 1505 satis
1552 1465 1718 1505 misera-

309 1519 381 1558 bili
409 1518 532 1557 fuisse
559 1519 784 1558 conditione
814 1520 960 1570 prodit.

416 1581 522 1623 Ibid.
544 1586 606 1623 14
667 1578 841 1646 Ha'vvtc]
869 1585 927 1624 ita
956 1597 1049 1625 mss
1081 1584 1149 1623 sed
1179 1596 1314 1624 verum
1347 1579 1493 1627 Τάννις
1519 1582 1606 1623 sive
1637 1577 1719 1619 Τά-

309 1648 370 1680 νις
397 1641 468 1675 est
524 1638 751 1688 Harpocras
783 1633 946 1683 Τάνεως
986 1638 1183 1678 Gennadii
1221 1638 1445 1686 synodicae
1474 1637 1576 1688 apud
1601 1637 1720 1676 Lam-

309 1690 460 1731 becium
487 1690 591 1730 Bibl.
623 1691 737 1730 Caes
751 1693 778 1730 8
803 1704 842 1742 Ρ.
860 1694 939 1732 423
956 1692 1177 1732 subscribit.
1232 1692 1324 1731 vide
1350 1691 1438 1731 ltin.
1456 1690 1548 1730 Ant.
1576 1703 1614 1742 p.
1626 1691 1719 1729 153.

420 1753 527 1795 Ibid.
586 1751 768 1805 Θμουης]
811 1752 980 1802 Θμοῦϊς.
1038 1757 1232 1796 Pindarus
1274 1755 1378 1808 apud
1407 1755 1643 1796 Strabonem
1669 1756 1720 1792 17

311 1823 349 1862 Ρ.
368 1813 448 1850 802
479 1809 699 1848 Mendetem
725 1809 826 1848 mari
846 1810 1026 1870 apponit,
1054 1811 1193 1850 merito
1216 1811 1434 1862 castigatus
1461 1809 1512 1849 ab
1545 1807 1722 1847 Aristide

312 1870 405 1904 tom.
439 1867 464 1903 3
491 1877 528 1915 Ρ.
545 1867 648 1903 610:
680 1875 799 1926 φησι
807 1859 884 1910 γὰρ
916 1863 1146 1928 Αἰγυπτίαν
1179 1863 1376 1914 Μένδητα
1402 1860 1513 1911 παρὰ
1546 1858 1722 1923 κρημνὸν

312 1913 551 1968 θαλάσσης·
608 1916 736 1954 καίτοι
759 1928 850 1954 ουτε
878 1914 1054 1966 κρημνός
1084 1917 1191 1955 ἐστιν
1228 1915 1363 1960 ου’δεις
1396 1914 1488 1964 ἐκεῖ,
1517 1927 1611 1952 ουτε
1624 1909 1722 1979 t:9122-

313 1974 439 2009 λαττα
470 1974 678 2021 προσηχεῖ,
714 1962 803 2006 ἀλλ’
831 1970 873 2008 ἐν
911 1970 1035 2007 mom
1064 1971 1270 2034 κεχυμέναι
1299 1965 1318 2006 ὃ
1351 1965 1586 2019 Μενδήσιος
1614 1963 1722 2012 ἅπας

314 2021 436 2074 νομὸς
462 2023 643 2074 οἰκεῖται,
673 2036 739 2060 και
770 2018 792 2073 ἢ
824 2020 939 2068 πόλις
968 2009 1116 2075 anina»,
1147 2019 1194 2073 ἠν
1223 1984 1494 2071 ὀνομάζουσιν
1523 2020 1692 2070 Θμοῦιν.

422 2087 528 2129 Ibid·
560 2090 624 2128 15.
679 2081 921 2137 Αυγούστα]
949 2086 1330 2137 Αιῖγουσταμνικῆς.
1393 2091 1482 2139 post
1508 2086 1723 2127 Theodosii

314 2143 476 2182 secundi
504 2147 682 2204 tempora
705 2141 804 2181 haec
831 2143 986 2181 videtur
1013 2142 1218 2193 provincia
1247 2144 1366 2181 facta.
1421 2153 1540 2180 unam
1570 2145 1723 2180 tantum

315 2197 665 2248 Augustamnicam
692 2197 842 2236 Notitia
871 2197 962 2248 imp.
992 2197 1140 2235 orient.
1169 2196 1291 2243 novit,
1317 2208 1431 2235 unam
1459 2196 1574 2235 etiam
1592 2194 1723 2243 Cyril-

315 2228 403 2291 lus&
405 2251 446 2289 in
477 2251 591 2301 epist
623 2251 675 2290 ad
692 2250 860 2289 Atticum
883 2264 918 2301 p.
940 2252 1030 2290 205.
1088 2249 1307 2301 praesidem
1336 2243 1538 2290 habuisse
1549 2248 1722 2288 merocli

314 2305 522 2344 credimus.
579 2308 639 2343 est
666 2304 1000 2355 Augustamnicae
1027 2316 1187 2354 praeses
1213 2304 1253 2342 in
1282 2305 1310 2343 l.
1328 2307 1382 2343 34
1410 2316 1446 2342 c
1476 2303 1550 2342 Th.
1578 2303 1626 2341 de
1646 2303 1723 2341 De-

316 2358 465 2397 curiou.
495 2362 534 2396 et
561 2359 662 2409 apud
694 2359 953 2398 Athanasium
985 2358 1099 2408 Apol.
1138 2362 1278 2397 contra
1305 2359 1440 2399 Arian.
1469 2370 1507 2408 Ρ.
1530 2359 1628 2404 174;
1656 2355 1723 2408 qui

317 2412 751 2462 totiAugustamnicae,
779 2413 948 2452 nondum
978 2412 1018 2451 in
1044 2412 1141 2450 duas
1170 2412 1410 2460 distractae,
1439 2411 1510 2450 sub
1528 2410 1724 2450 Constan-

316 2466 372 2505 tio
401 2466 620 2516 imperavit.
679 2470 768 2517 post
797 2466 888 2505 dein
918 2466 988 2505 sub
1018 2466 1188 2505 Arcadio
1217 2466 1352 2504 eadem
1381 2469 1654 2513 correctorem,
1681 2468 1724 2502 ut

317 2532 370 2559 ex
397 2519 548 2558 Isidoro
579 2521 833 2567 ostendimus,
862 2519 1009 2560 habuit.
1077 2519 1142 2558 ubi
1174 2531 1269 2558 vero
1301 2532 1352 2559 ex
1381 2531 1458 2558 una
1487 2519 1602 2557 binae
1631 2521 1722 2556 sunt

317 2578 477 2613 creatae
499 2574 845 2624 Augustamnicae,
874 2574 1000 2625 prima
1015 2577 1297 2621 correctorem,
1326 2572 1509 2622 secunda,
1535 2571 1591 2646 uti
1618 2570 1723 2617 olim,

318 2627 549 2679 praesidem,
579 2628 640 2666 cui
666 2633 836 2678 pan-‚eret
867 2632 985 2668 nacta
1017 2633 1088 2668 cst.
