1780 3132
326 130 419 178 452
851 144 1190 185 wassmmGn

327 261 363 299 p.
382 251 463 288 312
489 248 742 301 Crassopolin
770 249 866 290 Abr.
895 252 1080 302 Ortelius‚
1114 266 1163 294 ea
1188 255 1454 298 diversissima
1479 260 1551 304 est,
1576 261 1620 297 ut
1644 269 1718 298 suo

324 304 412 342 loco
440 303 654 342 ostendam.

368 403 376 415 Ι
431 359 522 404 394,
539 359 614 415 12..
656 353 844 404 Λοῦνὸα]
873 361 1019 398 rectum
1046 360 1119 399 hoc
1147 373 1234 400 esse
1246 361 1487 413 Nicephorus
1513 363 1718 416 episcopus

325 409 477 451 πολεως
520 407 720 446 Λουνὸων
757 409 797 448 in
832 410 943 451 Actis
979 413 1139 453 Nicaeni
1179 415 1335 454 secundi
1373 428 1411 466 p.
1433 418 1525 466 5⁷4,
1562 418 1720 458 tametsi

325 474 361 512 p.
383 464 463 500 357
492 460 686 499 on'l'dwv
705 464 859 503 feratur
885 465 1055 516 praesul,
1083 468 1281 518 patefacit.
1309 468 1581 511 Nicetasinter
1592 471 1718 520 Phry-

325 515 416 565 giae
453 514 559 554 circa
587 515 842 556 Maeandrum
870 519 987 558 urbes
1022 517 1071 556 τὰ
1111 520 1264 568 Λοῦμα
1303 521 1446 561 Annal.
1483 522 1654 564 Mauuel.
1691 527 1719 563 6

324 580 360 618 p.
381 571 434 606 97
461 573 664 617 recenset3
693 582 792 621 qnae
819 570 853 610 si
879 571 978 611 baec
1007 573 1168 622 suerint,
1206 575 1255 613 de
1281 575 1361 614 situ
1386 587 1464 615 non
1491 577 1622 619 omnia
1644 577 1718 616 ob-

324 633 443 660 scura
473 626 598 661 erunt.
654 627 848 675 utcunque
887 625 1122 678 ceciderint,
1150 641 1228 667 non
1256 628 1390 681 utique
1417 628 1620 681 indignum
1648 642 1718 682 op-

324 674 456 767 vidus?
485 676 585 727 quod
615 675 910 729 Geographiam
938 679 1102 721 Sacram
1133 681 1268 721 Caroli
1304 694 1330 722 a
1358 682 1401 722 S.
1430 681 1569 722 Paullo
1593 695 1717 724 orna-

322 731 385 767 ret
443 733 554 768 uerat.

432 780 538 823 Ihm.
594 777 761 832 Μόλπη]
800 796 880 823 mss
908 782 1081 835 Μὸλτη,
1125 787 1225 839 qnod
1255 788 1289 827 si
1317 800 1454 840 pamm
1481 788 1639 840 iuveris,
1667 789 1720 830 ad

323 847 459 875 verum
486 847 559 875 nos
586 836 712 875 ducet.
733 837 891 875 Πέλται
918 843 1020 887 sunt,
1048 851 1147 891 quas
1176 842 1393 893 Xenophon
1423 842 1593 894 (Exped.
1625 842 1719 892 cyr.

323 894 348 929 1
379 902 417 941 p.
447 888 544 938 196)
573 893 624 928 10
652 891 775 929 ferme
801 893 1039 943 parasangis
1063 893 1243 933 Celaenis
1272 900 1459 935 semovet.
1513 907 1720 948 perperam

325 943 457 995 itaque
487 943 598 982 Pella
626 943 666 982 in
695 944 851 983 Tabula
879 950 917 984 et
931 945 1127 997 Georgius
1156 948 1359 999 episcopus
1381 949 1554 987 Πέπλων
1579 950 1718 990 concil.

325 997 563 1037 Chalcedon.
582 1009 619 1047 p.
636 999 727 1037 574.
755 998 900 1037 rectius
932 1012 970 1050 p.
982 1003 1062 1039 356
1089 1006 1128 1039 et
1144 1001 1440 1055 Constantinop.
1457 1002 1576 1043 tertio
1589 1005 1722 1055 peu

324 1050 511 1098 Πέμπων
539 1050 816 1099 Πακατιανῆς.
1435 1069 1437 1072 ⁴

428 1102 534 1144 Ibid.
565 1107 628 1142 13.
693 1100 888 1152 Εὖμενιά]
920 1106 1075 1157 scriptis
1113 1107 1309 1147 codicibus
1347 1105 1565 1159 Εὔμὲνεια,
1592 1120 1742 1162 neque,

323 1157 442 1197 aliter
467 1157 577 1196 Actis
605 1157 766 1197 Nicaeni
800 1159 958 1198 secundi
985 1160 1152 1200 concilii.
1216 1162 1421 1212 vulgatum
1445 1161 1602 1203 Tabula
1627 1163 1719 1202 Pto-

323 1212 495 1251 lemaeus
521 1215 561 1250 et
589 1211 735 1251 Strabo
774 1217 903 1252 ratum
939 1213 1095 1252 habent.
1164 1215 1268 1254 numi
1295 1213 1510 1263 Εὕμενέων
1535 1216 1721 1256 sacerdo-

322 1270 402 1304 tum
431 1265 649 1304 nominibus
683 1266 768 1304 fere
810 1265 986 1317 inscripti
1016 1271 1130 1314 snnt;
1174 1279 1252 1319 quo
1290 1269 1331 1308 in
1358 1279 1505 1320 genere
1531 1271 1722 1322 egregius

323 1323 384 1357 est
397 1319 518 1358 Thes.
540 1318 689 1358 Britan.
716 1322 806 1358 tom.
827 1324 864 1358 2.
894 1333 931 1371 p.
947 1323 1035 1370 186,
1064 1321 1128 1360 ubi
1145 1319 1360 1369 Εὕμενέων
1385 1318 1550 1367 Ἰούλιος
1577 1322 1722 1361 Κλέων

322 1368 543 1421 α’ρχιερεὺς
565 1369 717 1416 Ἀσιάς.
772 1373 928 1413 videtur
955 1375 1076 1414 lulius
1095 1374 1230 1423 Cleon,
1259 1380 1302 1414 ut
1317 1375 1446 1414 obiter
1465 1376 1548 1415 eius
1575 1374 1721 1429 digna-

322 1426 469 1464 tionem
498 1425 703 1475 illustrem,
732 1425 850 1466 Asiae
881 1431 920 1465 et
945 1428 1100 1478 patriae
1129 1428 1237 1467 urbis
1256 1428 1378 1468 fuisse
1399 1429 1585 1469 sacerdos
1614 1441 1721 1469 sum-

320 1491 427 1527 mns3
455 1491 530 1531 quo
557 1479 671 1517 modo
701 1479 741 1518 in
758 1480 1003 1529 Thyatirena
1028 1481 1282 1532 inscriptione
1300 1481 1440 1548 Sponii
1467 1482 1556 1522 ltin.
1583 1486 1676 1523 tom.
1696 1487 1719 1522 1

320 1546 359 1584 p.
375 1535 455 1572 394
482 1533 534 1571 Μ.
551 1532 734 1572 Aurelius
747 1534 970 1573 Diadochus
996 1531 1213 1583 ἀρχιερεύς
1242 1533 1311 1584 τῆς
1339 1535 1474 1579 Ασιάς
1501 1533 1611 1574 ναῶν
1638 1536 1720 1574 τῶν

321 1587 364 1623 ἐν
396 1581 605 1638 Περγάμῳ
642 1584 712 1623 καί
738 1583 956 1636 ἀρχιερεύς
984 1584 1083 1625 κατὰ
1124 1585 1192 1624 τὸν
1219 1585 1347 1626 αὐτὸν
1376 1584 1519 1637 καιρὸν
1545 1587 1617 1639 τῆς
1643 1603 1723 1627 πα-

319 1635 483 1688 τρίδος,
526 1644 564 1677 et
592 1639 644 1679 M.
684 1640 820 1691 Ulpius
860 1641 1052 1692 Appuliuvs
1099 1641 1138 1680 in
1176 1641 1474 1693 Aphrodisiensi
1512 1654 1720 1690 marmore,

322 1692 430 1731 cuius
459 1697 611 1744 partem
643 1693 851 1745 exscripsit
878 1696 933 1734 10.
954 1695 1113 1734 Masson
1142 1695 1220 1735 Vit.
1250 1695 1436 1735 Aristidis
1462 1708 1499 1736 a.
1529 1708 1567 1735 v.
1593 1708 1627 1735 c.
1640 1700 1723 1736 918

322 1750 397 1793 12,
426 1742 645 1796 ἀρχιερεύς
678 1743 820 1791 Ἀσίας
856 1745 964 1784 ναῶν
999 1744 1069 1784 καί
1097 1747 1176 1784 τῶν
1210 1748 1254 1786 ἐν
1282 1747 1447 1802 Σμύρνῃ
1474 1745 1516 1786 τὸ
1546 1749 1575 1799 β
1600 1750 1722 1790 fuisse

321 1799 505 1838 traditur.
560 1800 681 1839 Asiae
705 1800 967 1840 sacerdotium
997 1801 1118 1840 multo
1147 1806 1233 1841 erat
1259 1802 1535 1854 amplissimum
1561 1815 1610 1842 ac
1635 1816 1724 1843 ma..-

323 1853 414 1905 gnis
442 1853 580 1904 opibus
609 1855 860 1905 praestabat:
901 1853 1101 1905 στέφανος
1137 1853 1181 1893 δὲ
1214 1848 1332 1900 οὗτος
1373 1852 1594 1900 πολὺς-καί
1617 1851 1721 1906 ὖπὲρ

317 1906 483 1944 πολλῶν
510 1905 745 1958 χρημάτων,
773 1908 898 1960 inquit
925 1909 965 1948 in
989 1908 1224 1960 Scopeliano
1256 1909 1528 1949 Philostratus.
1582 1909 1722 1960 Sacra,

323 1960 559 2000 cerimonias
587 1962 799 2013 ludosque,
827 1962 931 2001 unde
959 1963 1000 2001 in
1028 1962 1327 2013 Aphrodisiensi
1366 1974 1562 2002 marmore
1587 1963 1722 2015 Appu-

323 2014 399 2053 lius
427 2026 476 2053 ea
512 2015 675 2054 mandat
716 2027 816 2067 quae
847 2016 962 2055 ludos
989 2020 1191 2067 spectant,
1223 2017 1438 2063 curabant3
1467 2017 1570 2068 quod
1587 2017 1723 2069 -ipsum

323 2068 475 2106 urbium
504 2079 656 2119 quoque
699 2069 967 2108 sacerdotibus
1005 2074 1092 2108 erat
1120 2070 1342 2109 iniunctum.
1399 2071 1448 2109 de
1470 2071 1724 2122 Pergamenis

323 2134 419 2160 sane
445 2134 470 2160 a
497 2122 650 2161 Galeno
667 2122 878 2161 Comment.
909 2122 1002 2171 περί
1027 2121 1208 2172 ἀγμῶν3
1234 2125 1366 2176 p.565
1384 2123 1578 2173 docemur,
1606 2128 1723 2176 quot-

324 2175 440 2213 annis
479 2187 640 2215 munera
675 2176 918 2227 gladiatoria
947 2177 1063 2216 edere
1090 2177 1247 2217 solitos:
1286 2175 1357 2214 καί
1377 2173 1553 2225 μάλιστα
1582 2176 1626 2215 ἐν
1652 2176 1723 2214 θέ-

326 2241 411 2275 ρει,
440 2228 536 2266 καθ’
565 2224 608 2266 ὃν
638 2225 781 2276 καιρὸν
816 2227 883 2266 αἐἰ
911 2228 1003 2278 παρ’
1039 2224 1136 2279 ἡμῖν
1163 2229 1205 2268 ὲν
1240 2227 1450 2284 Περγάμῳ
1477 2230 1557 2268 ufir
1582 2227 1725 2280 α’ρχιε-

325 2281 430 2328 ρὲων
455 2278 527 2326 τὰς
556 2282 806 2329 καλουμένας
832 2281 1084 2332 μονομαχίας
1111 2281 1417 2323 sumundum:
1451 2283 1517 2336 qui
1545 2284 1725 2336 quamvis

324 2335 583 2375 multitudinis
622 2340 756 2375 utatur
791 2348 969 2386 numero,
995 2337 1108 2376 unius
1150 2341 1281 2377 tamen
1317 2337 1552 2389 Pergameni
1588 2337 1723 2378 eodem

323 2394 501 2439 tempore
543 2389 681 2429 summi
720 2391 914 2441 praesulis
948 2390 1194 2442 dispositioni
1229 2403 1346 2431 sacra
1384 2391 1585 2431 suberant.
1638 2391 1723 2430 bini

325 2441 494 2492 singulis
522 2443 657 2492 annis,
685 2444 788 2483 alter
825 2444 896 2483 sub
931 2444 1125 2494 autumni,
1170 2445 1243 2484 sub
1281 2445 1388 2485 veris
1427 2446 1532 2484 alter
1557 2444 1722 2493 initium,

326 2495 576 2544 creabantur,
604 2497 716 2536 sicuti
743 2497 844 2537 idem
874 2497 970 2548 περὶ
996 2511 1178 2547 φαρμακ.
1207 2495 1310 2536 κατὰ
1340 2497 1432 2548 γένη
1450 2502 1477 2538 2
1506 2511 1543 2550 p.
1561 2501 1644 2538 350
1669 2497 1725 2537 si-

325 2549 499 2600 gnificat.
555 2550 657 2601 quod
698 2563 794 2590 vero
821 2551 927 2588 ναῶν
963 2551 1043 2588 τῶν
1069 2550 1111 2590 ἐν
1150 2546 1316 2604 Σμύρνῃ
1353 2557 1394 2591 et
1426 2551 1533 2589 ναῶν
1568 2550 1647 2589 τῶν
1679 2550 1724 2588 ἐν

327 2601 537 2655 Περγάμῳ
562 2603 644 2643 iuis
672 2617 766 2645 cura
795 2605 1057 2658 committitur,
1084 2606 1187 2646 sorte
1216 2618 1266 2647 ex
1284 2618 1332 2646 ea
1359 2618 1499 2646 caussa
1527 2609 1599 2655 est,
1628 2616 1724 2658 quo-
