1780 3132
343 156 398 197 IN
435 154 798 197 SYNECDEMUM
837 153 1276 197 COMMENTARIUS.
1427 148 1522 197 417

99 269 201 310 idem
232 268 338 308 velle
367 268 520 309 diceres
548 270 754 322 Apuleium
774 271 1037 323 Metamorph.
1058 275 1079 310 1
1111 284 1149 323 p.
1171 273 1272 311 104:
1299 275 1519 325 comperto

97 326 240 378 itaque
268 321 477 377 Hypatae,
522 338 630 379 quae
657 327 815 366 civitas
841 330 1024 366 cunctae
1058 324 1368 367 Thessaloniae
1395 330 1519 367 ante-

97 377 254 432 ponet,
297 390 397 419 esse
435 391 608 421 caseum
651 384 878 421 recentem.
933 381 1003 421 sed
1026 393 1092 420 res
1121 393 1235 420 secus
1260 381 1406 422 habet:
1441 383 1522 422 La·

97 434 204 474 rissa
230 434 386 474 urbium
408 435 647 476 Thessaliae
675 439 763 476 erat
790 438 922 488 caput.
979 436 1126 475 rectius
1154 435 1290 489 itaque
1315 434 1525 487 μητρόπο-

98 489 162 532 λις
189 489 234 528 in
262 488 516 529 Constantini
555 491 587 529 1.
621 493 649 530 2
679 491 818 531 Them.
846 495 874 530 2
920 490 971 530 ab
1011 491 1086 531 hac
1129 491 1411 542 distinguitur3
1452 504 1525 531 nec

99 542 209 583 aliud
238 544 365 584 voluit
390 544 609 595 Hierocles,
629 549 674 585 ut
691 557 742 586 ex
757 546 914 586 urbium
941 546 1132 598 catalogo
1150 546 1383 598 provinciae
1410 559 1528 599 prae-

97 598 248 651 scripto
281 604 464 651 apparet.

209 673 305 719 391,
333 674 399 710 23.
444 665 728 721 Μητρόπολις]
757 670 996 711 Thessaliae
1024 671 1129 711 hanc
1157 671 1294 712 urbem
1323 684 1375 713 ex
1401 673 1533 725 pluri-

97 723 173 764 bus
202 724 358 777 oppidis
386 724 597 765 conflatam
617 730 668 767 ‘et
698 726 867 767 Triccae
896 731 935 766 et
961 727 1154 779 Gomphis
1182 727 1353 766 vicinam
1382 741 1530 767 memo-

95 784 164 818 rat
188 779 338 820 Strabo
366 780 393 819 1.
424 785 453 820 9
480 794 517 832 p.
546 783 639 820 437.
694 781 771 820 huc
796 782 997 833 pertinent
1023 779 1404 822 MHTPOHOAI
1410 779 1531 822 ΤΩΝ

97 834 227 883 numi,
256 846 356 887 equo
387 835 623 875 Thessalico
649 835 829 888 insignes
864 837 970 888 apud
1004 836 1221 876 Goltzium.
1282 836 1358 876 fuit
1386 841 1532 889 autem,

97 889 202 941 quod
232 889 390 943 negligi
416 890 562 940 nolim,
592 894 732 942 postea
761 892 964 931 Novarum
1003 892 1216 931 Patrarum
1259 891 1350 931 urbi
1377 904 1530 946 cogno-

95 955 207 984 men:
242 944 529 985 Constantinus
570 940 838 996 Μητρόπολις
878 941 923 983 αἱ
953 945 1027 984 νῦν
1059 944 1169 983 Νὲαι
1200 941 1386 996 Πάτραι.
1442 948 1534 987 huic

97 1009 197 1051 crgo
228 999 436 1052 episcopus
471 1000 547 1039 fuit
577 999 812 1050 Euthymius
849 1000 929 1039 ταῖν
957 999 1078 1040 Νέων
1107 999 1293 1050 Πατρῶν
1320 1002 1426 1053 apud
1457 1003 1528 1042 Ni-

95 1058 225 1094 cetam
255 1053 479 1095 Choniaten
504 1054 607 1095 Ann.
647 1055 824 1096 Andron.
856 1055 1044 1096 Comnen.
1077 1059 1104 1094 2
1146 1068 1184 1107 p.
1216 1057 1308 1107 165,
1337 1057 1387 1096 de
1416 1057 1527 1098 cuius

97 1107 192 1148 sede
220 1109 353 1150 omnia
399 1109 554 1149 incerta
579 1110 676 1151 Abr.
709 1110 863 1150 0rte1i0
893 1110 1146 1150 videbantur.

207 1171 317 1215 Ibid.
387 1173 554 1226 Τρίκκη]
600 1175 658 1215 sic
684 1176 882 1228 oportuit,
909 1180 953 1215 ut
993 1176 1058 1215 vel
1101 1188 1153 1216 ex
1183 1175 1356 1216 Homero
1394 1181 1534 1217 notum

96 1232 169 1270 est.
243 1230 460 1282 Procopius
490 1230 620 1270 Aedis.
666 1231 761 1270 lust.
803 1233 829 1270 4
863 1234 892 1270 3
935 1226 1184 1281 Τρικάττους
1226 1232 1434 1284 appellat,
1460 1233 1533 1272 sed

95 1284 267 1324 aliorum
293 1289 480 1336 peccato:
510 1285 741 1336 scripserat,
773 1285 914 1339 credo,
946 1281 1017 1322 καὶ
1043 1278 1179 1322 ἄλλων
1206 1285 1289 1324 τῶν
1319 1282 1390 1323 ἐπὶ
1417 1285 1531 1325 Θεσ-

93 1337 240 1382 σαλίας
270 1335 426 1376 πόλεων
463 1336 661 1391 ἁπασῶν,
691 1337 735 1377 ἐν
777 1340 843 1384 αἱς
866 1339 1110 1391 Δηιιιητριάς
1138 1338 1185 1377 τέ
1211 1338 1297 1377 ἐστι
1327 1339 1399 1379 καί
1424 1341 1530 1392 Μη-

93 1387 287 1443 τρόπολις
315 1386 441 1444 ὄνομα
470 1391 539 1431 καί
552 1393 592 1431 Γ
591 1389 719 1446 όμφοι
748 1395 817 1432 καί
841 1394 1006 1446 Tolum,
1036 1389 1135 1439 τούς
1156 1390 1402 1446 περιβόλους
1422 1394 1529 1433 α’να-

94 1443 364 1497 νεωσὰμενος.
419 1448 550 1488 serior
588 1454 702 1490 aetas
730 1450 895 1489 Tricala
922 1449 1158 1501 appellavit.
1215 1451 1429 1502 catalogus
1460 1463 1528 1490 ur-

94 1502 200 1544 bium
229 1515 331 1555 quae
358 1515 500 1543 nomen
527 1508 744 1555 mutarunt,
774 1504 927 1544 Codino
952 1517 977 1544 a
1005 1505 1082 1544 lac.
1106 1504 1244 1545 Goaro
1274 1518 1313 1556 p.
1344 1508 1424 1544 404
1456 1507 1530 1545 ad-

94 1558 212 1608 ditus,
245 1557 395 1608 Τρίκκη
425 1554 477 1596 τὰ
510 1557 584 1596 νῦν
609 1558 805 1610 Τρίκαλα.
860 1572 935 1599 nec
963 1559 1045 1598 alio
1073 1560 1232 1600 nomine
1261 1560 1404 1600 Annae
1433 1561 1530 1600 Ale-

92 1612 201 1652 xiad.
227 1615 256 1652 5
284 1626 323 1665 p.
339 1616 419 1654 138
445 1617 541 1653 nota
572 1617 660 1663 est3
691 1618 730 1653 et
761 1615 941 1655 Tzetzae
969 1613 1142 1655 Chiliad.
1174 1619 1203 1655 9
1242 1618 1347 1655 28οε
1383 1611 1529 1666 χώραν

91 1662 165 1716 τὴν
194 1664 422 1706 Θετταλίαν
453 1666 499 1705 δὲ
526 1664 767 1719 συνεκτικὴν
794 1682 866 1718 μοι
895 1666 992 1719 νόει,
1025 1668 1163 1713 Φθίας
1185 1668 1257 1707 καί
1284 1668 1531 1719 Φαρσαλίοις

93 1719 153 1769 δέ,
187 1720 407 1772 Λαρίσσης
433 1722 504 1760 καί
534 1722 768 1773 Τρικάλων,
797 1721 1102 1774 Δημητριάδος,
1129 1722 1291 1761 Ίώλκου
1319 1722 1392 1761 καί
1417 1723 1529 1762 saa·

94 1773 240 1826 φυρῶν
269 1772 340 1814 καί
369 1776 535 1827 Φοίβης.
604 1778 645 1817 ὶη
674 1778 814 1830 quibus
850 1774 894 1815 τὸ
933 1776 1090 1827 Φοίβης
1116 1779 1335 1818 absurdum
1366 1782 1439 1827 est,
1471 1792 1524 1821 ex

93 1829 250 1880 Βοίβης
290 1834 447 1881 natum,
475 1832 590 1872 sicuti
623 1832 737 1872 Iliad.
778 1833 811 1872 B
841 1835 923 1871 712
961 1832 1159 1872 docemur.
1233 1832 1370 1886 itaque
1398 1834 1526 1886 longo

93 1888 292 1925 terrarum
327 1890 460 1926 tractu
499 1899 524 1927 a
552 1899 650 1928 vero
695 1887 860 1927 aberrat
888 1886 1093 1939 Cangius‚
1122 1899 1208 1927 cum
1236 1888 1327 1928 Not.
1359 1889 1402 1928 in
1429 1888 1525 1929 Ale-

92 1939 203 1980 xiad.
231 1953 271 1992 p.
295 1944 376 1981 100
403 1942 571 1982 Tricala
598 1942 736 1982 urbem
767 1942 819 1983 ad
849 1941 1104 1991 Strymonem
1131 1941 1294 1982 fluvium
1321 1954 1410 1983 esse
1450 1944 1523 1984 de-

92 1994 234 2034 cernit.

202 2057 312 2102 lbid.
369 2055 627 2111 Καισάρεια]
657 2061 828 2102 Pulchre
855 2062 915 2102 ita
932 2060 1231 2102 Constantinus.
1287 2061 1411 2103 habet
1439 2075 1527 2104 eam

92 2113 332 2210 giliezsagliae
375 2116 514 2158 urbem
529 2148 540 2167 ,
580 2130 607 2158 a
633 2118 853 2158 Iustiniana
892 2117 1169 2167 instauratam,
1199 2117 1417 2170 Procopius
1445 2119 1525 2160 Fa-

199 2233 308 2277 lbid.
364 2234 798 2289 Διοκλητιανούηολις]
821 2237 1007 2290 apposita
1026 2241 1116 2278 erat
1132 2237 1271 2290 paludi
1286 2236 1523 2289 Castoriac;

93 2302 212 2344 quam
239 2291 332 2331 dein
373 2303 400 2331 a
425 2292 611 2332 barbaris
648 2292 821 2332 dirutam
859 2292 1038 2345 egregiis
1063 2293 1251 2345 operibus
1281 2294 1523 2334 Iustinianus

90 2347 259 2386 munivit
287 2347 481 2399 Procopio
509 2347 606 2387 Fab.
637 2348 732 2387 lust.
762 2350 788 2387 4
817 2350 842 2387 4
871 2352 1047 2388 auctore.
1124 2349 1300 2388 fortasse
1328 2360 1407 2388 non
1439 2350 1521 2389 alia

92 2405 154 2440 est
182 2413 230 2441 ac
261 2401 461 2451 Castoria,
492 2402 601 2442 cuius
632 2402 750 2442 Anna
778 2403 819 2442 in
845 2402 921 2442 hac
948 2402 1097 2442 vicinia
1112 2401 1298 2443 Alexiad.
1330 2405 1358 2443 5
1385 2418 1423 2456 p.
1441 2407 1521 2443 152

92 2460 134 2495 et
159 2456 278 2498 Gauf.
311 2457 535 2497 Malaterra
576 2457 677 2498 Hist.
706 2457 830 2498 Sicul.
859 2461 888 2498 3
916 2460 972 2498 29
1013 2461 1133 2510 atque
1161 2458 1232 2499 alii
1261 2458 1345 2499 eius
1372 2460 1521 2500 aetatis

91 2511 363 2552 meminerunt.

199 2574 308 2618 Ibid.
378 2571 617 2630 Φάρσαλος]
650 2575 726 2616 hoc
769 2590 822 2618 ex
848 2576 1112 2619 Constantino
1135 2582 1329 2631 praestat.
1376 2582 1451 2617 ,est
1475 2578 1518 2619 in

91 2631 292 2684 Ephesino
319 2645 428 2672 conc.
459 2645 496 2684 p.
523 2634 604 2672 436
632 2632 870 2682 Περρέβιος
904 2631 1136 2684 Φαρμάλου
1166 2646 1240 2685 pro
1275 2630 1517 2682 Φαρσάλου.

91 2687 195 2740 quod
238 2699 335 2727 vero
368 2699 467 2739 prae
504 2688 642 2740 primis
682 2699 829 2740 operae
866 2688 1036 2742 pretium
1075 2689 1197 2729 fuerit
1226 2689 1384 2740 notari,
1414 2688 1519 2729 idem

184 2769 300 2802 Come.
326 2767 455 2813 Porph.
1209 2769 1251 2804 27
