1780 3132
286 149 378 194 308
625 156 879 195 BANDURll
919 154 1409 196 ANIMADVERSIONES

337 315 355 324 ·
387 266 452 326 ⁷5²⁷
482 267 547 304 22.
620 260 706 325 glad
740 260 783 301 τὸ
814 258 1003 315 mim-9021]
1048 265 1106 304 sic
1146 265 1263 306 etiam
1300 267 1340 306 in
1387 278 1447 306 ms
1488 278 1559 318 pro
1601 265 1682 306 ἀπὸ

280 328 350 354 του
380 330 556 368 καστρου
587 330 670 367 της.

389 371 494 410 Ibid.
562 369 836 422 Czernichoga
873 371 1055 422 oppidum
1093 371 1134 410 in
1174 372 1314 411 finibus
1349 372 1514 413 Russiae
1549 378 1589 413 et
1617 374 1681 414 Li-

281 424 466 464 thuaniae
494 425 671 472 celebre3
713 437 814 476 quae
853 426 1007 476 quidem
1039 424 1088 464 ab
1129 425 1268 464 incolis
1297 424 1551 467 Czernichow
1581 441 1681 467 nuu-

279 484 455 529 cupatur.

387 534 451 579 75,
482 535 516 568 1.
572 526 613 566 τὸ
652 529 826 579 Κιοάβα]
868 536 907 570 et
945 533 1065 583 paulo
1105 533 1212 571 iufra
1250 532 1352 571 hanc
1386 532 1513 583 ipsam
1546 533 1681 573 urbem

279 579 416 631 Κιόβα
434 588 472 622 et
486 580 641 632 Κῖαβος
662 585 725 622 vel
740 583 896 632 Κίαβον
913 587 1103 637 appellat,
1134 597 1234 637 quae
1254 585 1404 637 quidem
1421 587 1512 626 aliis
1530 586 1682 635 Κιοβία

278 637 429 685 dicitur,
448 638 628 676 nimirum
647 638 814 688 Kiowia,
835 639 1001 678 Russiae
1022 641 1112 678 olim
1132 639 1372 690 metropolis,
1393 639 1445 679 ad
1461 639 1680 688 Borysthe-

275 703 363 728 nem
380 722 390 739 ,
420 692 527 730 cuius
567 692 780 742 amplitudo
818 693 996 743 pluribus
1040 694 1274 733 describitur
1301 705 1348 732 ac
1375 693 1628 744 praedicatur
1655 706 1682 733 a

274 745 451 783 Ditmaro
479 746 504 783 l.
535 748 561 783 7
602 750 790 793 extremo,
814 746 965 786 Adamo
997 746 1199 787 Bremensi
1242 759 1275 785 c.
1303 751 1376 796 66,
1405 746 1574 786 Matthia
1601 746 1681 787 Mi·-

274 798 474 837 choviensi
505 799 531 837 l.
562 802 588 837 2
613 811 645 836 c.
673 801 736 848 18,
765 799 881 839 Alex.
900 800 1086 852 Gagnino
1115 805 1155 840 et
1180 800 1283 841 aliis.
1339 804 1511 840 ceterum
1538 801 1680 852 legen-

273 851 362 890 dum
391 850 447 894 εἰς
477 847 521 888 τὸ
551 847 736 902 κάστρον,
764 857 807 892 ut
835 854 876 892 in
903 866 974 894 ms,

382 903 487 944 Ibid.
543 906 737 944 Meursius
775 906 1002 944 πακτιῶται
1033 905 1248 958 foederati
1276 907 1574 968 interpretatur,
1599 907 1681 947 Du-

272 959 436 1010 cangius
466 957 694 998 tributarii.
761 959 817 998 sic
855 960 964 1001 infra
1010 960 1081 998 καί
1111 960 1262 998 λοιπῶν
1291 959 1509 1010 Σκλαβων,
1537 959 1682 1005 οἵτινές

272 1010 351 1048 εἰσι
380 1010 604 1048 πακτιοῖται
635 1012 712 1049 τῶν
729 1008 849 1056 ‘Pam

377 1064 481 1104 Ibid.
512 1068 549 1104 4.
605 1064 680 1102 τοῦ
706 1067 850 1114 καιροῦ
876 1063 1155 1116 ἀνοιγομένου]
1185 1065 1384 1106 veteribus
1411 1066 1539 1107 hieme
1553 1066 1681 1107 maria

269 1119 575 1168 claudebantur,
603 1131 696 1158 vere
728 1120 1019 1170 aperiebantur.
1087 1121 1361 1160 Theodoretus
1392 1120 1441 1159 de
1467 1120 1681 1172 providen-

267 1173 321 1211 tia
350 1185 465 1211 serm.
499 1177 542 1212 1:
580 1172 652 1210 τοῦ
678 1171 752 1220 μὲν
793 1171 869 1224 γάρ
899 1173 1100 1223 χειμῶνος
1140 1171 1328 1223 λήγοντος
1366 1170 1437 1211 καί
1462 1173 1536 1212 τοῦ
1561 1170 1682 1223 ἔαρος

268 1222 599 1274 ὑπολάμποντος,
640 1223 756 1274 ἡνίκα
794 1224 958 1272 πλείους
1004 1227 1087 1264 ταῖν
1136 1222 1365 1277 ἀνθρώπων
1404 1222 1443 1263 οἱ
1480 1226 1577 1277 περὶ
1609 1222 1682 1277 τὴν

269 1276 463 1327 ἐργασίαν
493 1275 619 1327 πόνοι,
645 1277 876 1328 &somonam
903 1292 947 1317 τε
987 1278 1058 1318 καὶ
1083 1279 1271 1330 ἐκδημιάι
1299 1277 1370 1317 κάἱ
1397 1277 1476 1318 dno
1506 1279 1680 1330 λιμένων

270 1329 488 1382 ἀναγωγαί,
517 1331 587 1369 καί
612 1333 793 1370 θάλαττα
812 1331 1079 1384 ἑστορεσμὲνη
1108 1332 1177 1372 καί
1197 1333 1266 1383 τῆς
1290 1331 1523 1384 χειμερινῆς
1550 1332 1682 1383 ἀπηλ-

270 1385 446 1434 λαγμὲνη
478 1382 737 1436 τραχύτητος.
766 1387 1024 1435 Hieronymus
1063 1388 1104 1427 in
1133 1388 1302 1439 epistola
1329 1387 1379 1427 ad
1407 1387 1681 1427 Eustochium:

272 1438 516 1492 tandemque
546 1444 708 1479 exacta
734 1439 877 1491 hieme,
905 1444 1055 1492 aperto
1085 1443 1205 1492 mari,
1231 1439 1501 1481 redeuntibus
1528 1441 1584 1482 ad
1611 1450 1682 1480 ec-

272 1492 434 1533 clesias
461 1505 565 1533 suas
595 1496 824 1546 episeopis,
853 1498 896 1534 et
925 1497 1024 1546 ipsa
1049 1499 1145 1534 voto
1172 1506 1265 1533 cum
1295 1496 1360 1534 eis
1386 1506 1440 1534 ac
1472 1493 1684 1535 desiderio

271 1548 492 1598 naviyavit.
559 1548 845 1587 claudebantur
889 1560 985 1588 vero
1011 1549 1137 1588 maria
1179 1549 1283 1599 apud
1324 1548 1501 1588 Graecos
1531 1548 1685 1600 quidem

271 1602 343 1640 sub
372 1613 552 1639 occasum
580 1602 801 1641 Pleiadum:
834 1602 892 1641 ita
918 1602 1112 1640 Hesiodus
1152 1602 1196 1640 0.
1230 1605 1268 1640 et
1298 1602 1348 1640 D.
1378 1606 1470 1641 620.
1525 1601 1685 1641 diceba-

271 1659 412 1706 turque
442 1655 573 1693 nautis
600 1655 640 1693 id
665 1659 818 1706 tempus
844 1652 1064 1692 πανδυσιά.
1120 1655 1283 1694 Proclus
1312 1655 1364 1694 ad
1389 1656 1499 1694 illum
1529 1656 1685 1694 locum:

272 1707 342 1744 καί
384 1705 425 1743 οἳ
457 1720 499 1755 γε
541 1708 723 1744 ναυτικοί
765 1707 993 1745 πανδυσιάν
1033 1708 1202 1745 καλοῦσι
1239 1709 1378 1745 τοῦτον
1419 1707 1490 1745 τὸν
1529 1703 1685 1756 καιρόν.

273 1760 627 1812 aperiebanturque
645 1761 969 1801 Bacchanalibus.
1014 1765 1124 1812 patet
1151 1774 1202 1801 ex
1220 1761 1497 1813 Theophrasto
1520 1762 1563 1801 in
1593 1761 1687 1800 clia-

273 1818 429 1867 ractere
461 1812 726 1862 α’ὃολεσχιάςς
758 1813 827 1851 καί
857 1812 926 1863 τὴν
956 1809 1166 1852 θάλατταν
1198 1814 1242 1852 ἐκ
1272 1814 1476 1853 Λιουσίων
1505 1809 1689 1860 πλώϊμον

275 1869 391 1905 εἰναι.
412 1871 451 1906 et
468 1872 560 1906 tunc
579 1869 730 1907 Dianae
751 1869 977 1907 sacerdotes
994 1868 1130 1907 rudem
1148 1868 1320 1908 carinam
1340 1869 1438 1907 deae
1454 1867 1689 1907 dedicabant

276 1926 316 1959 et
336 1926 572 1960 commeatus
595 1922 788 1972 primitias
806 1923 997 1961 libabant.
1022 1922 1209 1972 Apuleius
1223 1922 1350 1960 Miles.
1375 1926 1424 1960 11
1448 1933 1498 1962 ex
1514 1932 1687 1972 persona

275 1975 450 2014 Dianae:
493 1975 619 2022 diem,
663 1978 732 2028 qut
771 1975 863 2015 dies
901 1987 959 2014 ecc
985 1977 1073 2015 ista
1110 1978 1234 2014 nocte
1258 1978 1484 2023 nascetur,
1511 1978 1687 2014 aeterna

275 2027 375 2068 mihi
406 2030 662 2080 nuncupavit
689 2028 867 2080 reliyio‚·
894 2040 974 2081 quo
1004 2028 1168 2068 sedatis
1207 2027 1394 2068 hibernis
1422 2029 1687 2080 tempestati-

277 2080 354 2121 bus
383 2085 426 2122 et
463 2081 607 2122 lenitis
644 2085 778 2122 maris
815 2082 1073 2134 procellosis
1103 2080 1323 2132 fluctibus,
1349 2081 1576 2134 navigabili
1603 2083 1689 2120 iam

277 2134 452 2188 pelayo,
479 2135 625 2176 rudem
661 2136 907 2176 dedicantes
954 2138 1144 2175 carinam
1176 2137 1391 2186 primitias
1433 2138 1689 2175 commeatus

280 2187 413 2229 libant
440 2191 521 2228 mei
546 2190 810 2230 sacerdotes.
877 2190 979 2241 apud
1012 2191 1210 2228 Romanos
1251 2190 1536 2229 claudebantur
1563 2192 1603 2228 3.
1631 2188 1689 2226 ld.

279 2244 377 2281 Nov.
411 2247 450 2281 et
478 2245 757 2294 aperiebantur
783 2249 820 2283 6.
847 2244 904 2282 ld.
943 2244 1084 2282 Mart-2
1115 2243 1227 2280 testis
1254 2243 1442 2294 Vegetius
1472 2243 1522 2282 de
1547 2254 1593 2281 re
1618 2241 1691 2280 mi-

279 2296 338 2334 lit.
367 2299 393 2335 4
420 2300 485 2337 39.
558 2302 596 2335 et
639 2298 721 2336 dies
766 2297 967 2348 aperiendi
1009 2296 1143 2335 itidem
1169 2298 1291 2334 festus
1319 2302 1433 2345 erat,
1461 2295 1691 2347 solemnique

280 2350 494 2389 certamine
521 2354 559 2389 et
588 2352 741 2401 publico
771 2352 994 2402 spectaculo
1022 2350 1217 2389 celebrari
1244 2350 1409 2400 solebat,
1435 2354 1479 2389 ut
1505 2350 1690 2389 discimus

280 2415 331 2443 ex
357 2404 490 2442 eodem
516 2405 682 2455 Vegetio
712 2406 866 2443 ibidem.
896 2405 1046 2443 Mnuns.

388 2455 494 2496 Ibid.
526 2461 589 2496 11.
645 2458 772 2494 πέλλα
800 2458 904 2497 iuter
932 2458 1188 2496 instrumenta
1221 2457 1383 2497 navalia
1405 2456 1468 2495 hic
1508 2467 1691 2495 recense-

281 2513 360 2549 tur.
417 2510 601 2550 videntur
623 2510 795 2563 intelligi
824 2510 962 2563 palae,
989 2510 1115 2561 inquit
1131 2511 1370 2563 Ducangius,
1398 2510 1535 2562 quibus
1562 2509 1691 2548 undae

283 2575 334 2625 eit
384 2564 557 2616 navigiis
601 2564 766 2604 subinde
819 2565 1036 2604 eiiciuntur.
1111 2576 1184 2603 nos
1223 2566 1430 2604 etiamnum
1472 2561 1595 2615 pelas
1632 2561 1691 2601 di-

284 2629 416 2657 cimus.
