1780 3132
237 178 299 225 68
501 179 870 223 CONSTANTINI
902 179 1396 223 PORPHYROGENITI

234 288 379 331 ἅπασιν
411 288 507 331 εἶναι
537 289 656 331 καλὸν
683 293 762 331 τῶν
787 287 1106 345 ὑποτεταγμένων
1126 291 1197 345 τὴν
1215 289 1417 345 μάθησιν,
1449 290 1661 348 διαφερόν-

232 372 309 404 τως
329 357 370 397 δὲ
393 358 453 398 σοὶ
477 360 532 412 τῷ
551 355 647 411 ὑπὲρ
671 361 741 409 τῆς
764 354 922 398 πάντων
949 359 1144 412 σωτηρίας
1174 357 1367 413 ὀφείλοντι
1399 361 1660 414 διαμεριμνᾶν

231 424 295 462 καὶ
325 423 396 475 τὴν
424 422 614 475 κοσμικὴν
647 420 798 464 ὁλκάδα
827 426 1104 476 πηδαλιουχεῖν
1128 441 1168 465 τε
1193 426 1258 465 καὶ
1284 429 1488 480 κυβερνᾶν.
1557 428 1591 466 εἶ
1616 426 1660 467 δὲ

233 495 357 543 σαφεῖ
389 491 454 529 καὶ
493 490 820 546 κατημαξευμένα)
853 489 955 546 λόγῳ
991 493 1056 532 καὶ
1088 489 1171 532 οἷον
1203 493 1287 546 εἰκῇ
1313 491 1436 546 ῥέοντι
1463 493 1564 547 πεζῷ
1594 493 1658 532 καὶ

232 553 406 610 ἁπλοϊκῶ
437 555 535 610 πρὸς
564 555 634 609 τὴν
662 560 741 598 τῶν
770 553 1031 612 προκειμένων
1058 557 1286 611 ἐχρησάμην
1313 556 1483 611 δήλωσιν
1491 589 1503 608 ,
1537 558 1690 611 μηδὲν5

230 620 448 677 θαυμάσῃς
472 622 553 663 υἷέ·
590 622 634 663 οὗ
663 623 738 678 γὰρ
768 624 948 673 ἐπίδειξιν
978 626 1264 680 καλλιγραφίας
1291 623 1315 677 ’ἢ
1342 622 1526 680 φράσεως
1549 625 1659 678 ἦττι-

231 690 414 742 κισμένης
437 691 502 729 καὶ
525 688 568 730 τὸ
593 690 801 744 διηρμένον
822 688 1053 744 δίογκούσης
1073 693 1137 732 καὶ
1157 689 1319 744 ὑψηλοῦ
1338 695 1499 745 ποιῆσαι
1517 690 1660 732 ἐσπού-

232 757 357 804 δασα,
396 756 499 796 ἀλλὰ
529 760 681 808 μᾶλλον
716 756 781 797 διὰ
811 761 942 811 κοινῆς
971 759 1037 798 καὶ
1068 758 1400 811 καθωμιλημὲνης
1425 759 1660 812 ἀπαγγελίας

231 821 388 871 διδάξαι
409 838 452 864 σε
474 822 644 864 ἴσπευσα
666 822 764 878 ἅπερ
786 823 921 876 οἴομαι
943 825 1024 865 δεῖν
1047 841 1088 865 σε
1109 824 1165 877 μὴ
1189 824 1361 878 ἀγνοεῖν,
1391 826 1457 865 καὶ
1478 823 1505 866 ἃ
1524 824 1595 878 τὴν
1616 825 1658 866 ἐκ

229 894 386 943 μακρᾶς
416 891 617 945 ἐμπειρίας
647 888 800 932 σύνεσίν
829 907 870 931 τε
895 892 960 931 καὶ
989 888 1179 946 φρόνησιν
1207 891 1388 945 εὐμαρῶς
1406 908 1469 932 σοι
1491 889 1656 932 δύναται
1670 900 1712 934 10

228 959 438 1010 προξενεῖν.
503 955 774 1008 ὑπολαμβάνω
805 956 881 1011 γὰρ
912 957 1012 998 κατὰ
1041 957 1140 997 πολὺ
1169 958 1383 1012 συμφέρειν
1411 959 1470 999 ἀεὶ
1498 961 1556 1013 τῷ
1579 962 1658 1010 βα-

228 1026 333 1063 σιλεῖ
347 1021 552 1075 Ῥωμαίων
575 1021 730 1078 εἰρήνην
751 1023 901 1064 ἐθέλειν
921 1022 1020 1076 ἔχειν
1039 1023 1139 1076 μετὰ
1159 1028 1230 1065 τοῦ
1249 1024 1390 1073 ἔθνους
1408 1029 1486 1066 τῶν
1503 1026 1658 1075 Πατζι-

228 1094 420 1139 νακιτῶν,
460 1091 526 1130 καὶ
559 1090 719 1144 φιλικὰς
751 1089 851 1143 πρὸς
880 1090 1025 1139 αὐτοὺς
1052 1094 1254 1131 ποιεῖσθαι
1282 1088 1490 1143 συνθήκας
1520 1107 1562 1132 τε
1591 1092 1658 1131 καὶ

229 1154 426 1205 σπονδάς,
470 1157 536 1196 καὶ
573 1156 823 1198 ἀποστέλλειν
853 1156 954 1197 καθ’
991 1158 1152 1198 ἕκαστον
1177 1155 1322 1210 χρόνον
1351 1158 1532 1199 ἐντεῦθεν
1559 1156 1659 1213 πρὸς

228 1223 373 1271 αὐτοὺς
400 1221 698 1278 ἀποκρισιάριον
721 1223 820 1274 μετὰ
847 1224 978 1272 ξενίων
1004 1221 1255 1278 ἁρμοζόντων
1276 1225 1342 1264 καὶ
1360 1223 1459 1279 πρὸς
1475 1223 1520 1264 τὸ
1539 1222 1656 1273 ἔθνος
1669 1233 1711 1268 15

227 1289 465 1342 ἐπιτηδείων,
495 1291 559 1330 καὶ
582 1287 937 1341 ἀναλαμβάνεσθαι
957 1290 1105 1330 ἐκεῖθεν
1125 1288 1300 1345 ὁμήρους
1320 1289 1407 1343 ἤτοι
1427 1289 1574 1343 ὄψιδας
1592 1292 1658 1331 καὶ

228 1355 548 1411 ἄποκρισιάριον,
579 1357 714 1404 οἵτινες
740 1357 780 1397 ἐν
810 1360 859 1410 τῇ
892 1354 1155 1412 θεοφυλάκτῳ
1184 1355 1308 1411 ταύτῃ
1331 1355 1441 1398 πόλει
1462 1355 1562 1408 μετὰ
1585 1361 1657 1398 τοῦ

225 1426 599 1476 καθυπουργοῦντος
620 1425 674 1471 εἷς
694 1427 820 1463 ταῦτα
841 1420 1158 1472 συνελεύσονται,
1189 1425 1253 1464 καὶ
1272 1426 1488 1475 βασιλικῶν
1506 1423 1658 1478 εὐεργε-

227 1492 322 1530 σιῶν
350 1491 414 1529 καὶ
445 1493 678 1544 φιλοτιμιῶν
705 1493 783 1530 τῶν
809 1490 976 1538 ἐπαξίων
995 1488 1151 1530 πάντων
1169 1494 1239 1531 τοῦ
1258 1488 1535 1541 βασιλεύοντος
1555 1489 1656 1531 ἄπο-

226 1552 439 1596 λαύσουσιν
449 1586 460 1605 ,
494 1553 553 1596 ὅτι
575 1554 773 1609 γειτνιάζει
792 1555 836 1596 τὸ
858 1560 1035 1597 τοιοῦτον
1056 1556 1174 1605 ἔθνος
1192 1561 1269 1598 τῶν
1285 1558 1582 1607 Πατζινακιτῶν
1600 1561 1656 1612 τῷ
1665 1559 1710 1593 20

224 1622 333 1676 μέρει
355 1626 425 1675 τῆς
442 1624 675 1677 Χερσῶνος,
711 1624 775 1662 καὶ
798 1625 831 1663 εἴ
850 1622 907 1675 μὴ
929 1623 1068 1678 φιλίως
1087 1621 1218 1676 ἐβςουσι
1235 1622 1334 1676 πρὸς
1350 1621 1477 1677 ἡμᾶς,
1513 1620 1655 1665 δύναν-

223 1704 290 1728 ται
320 1688 421 1729 κατὰ
447 1694 517 1740 τῆς
543 1691 755 1743 Χερσῶνος
778 1689 1007 1742 ἐξέρχεσθαι
1031 1691 1097 1730 καὶ
1119 1688 1344 1745 κουρσεύειν
1364 1692 1430 1731 καὶ
1450 1691 1657 1744 ληίζεσθαι

226 1752 348 1807 αὗτήν
371 1772 411 1796 τε
432 1755 502 1807 τὴν
522 1757 719 1810 λέρσῶνα
741 1757 803 1795 καὶ
827 1755 875 1796 τὰ
899 1754 1087 1809 λεγόμενα
1106 1757 1290 1808 κλίματα.

314 1891 335 1925 7
358 1888 574 1935 διῃρημένον
596 1891 633 1924 Μ
722 1889 868 1934 ’ὑψηλὸν
888 1892 967 1926 BP:
992 1903 1069 1926 corr
1089 1892 1260 1926 Meursius
1360 1894 1402 1928 17
1421 1891 1656 1937 θεοφυλάκτῃ

312 1935 414 1979 vulgo
551 1937 595 1971 23
618 1932 782 1978 κλήματα
805 1936 907 1980 vulgo

223 2055 376 2090 omnibus
415 2062 638 2100 opportunam
677 2069 754 2091 esse
791 2057 966 2091 scientiam
1003 2057 1099 2101 dico,
1142 2056 1326 2102 praecipue
1357 2068 1440 2090 vero
1470 2057 1557 2100 tibi,
1596 2058 1656 2102 qui

225 2100 370 2134 omnium
404 2102 506 2134 saluti
537 2102 734 2146 prospicere
758 2113 798 2135 ac
821 2103 934 2136 mundi
957 2113 1076 2136 navem
1101 2113 1222 2145 regere
1245 2107 1279 2135 et
1300 2103 1492 2146 gubernare
1515 2103 1654 2140 debeas.

223 2145 347 2190 quodsi
370 2147 549 2190 perspicuo
572 2148 654 2180 trito
679 2153 781 2191 atque
803 2154 840 2181 ut
863 2158 925 2191 pur
948 2152 1000 2180 est
1022 2147 1148 2189 fluido,
1183 2147 1336 2190 pedestri
1363 2158 1404 2180 ac
1432 2147 1578 2192 simplici
1604 2147 1655 2180 lo-

224 2190 349 2234 quendi
383 2202 510 2234 genere
544 2197 621 2224 utar
653 2192 695 2225 ad
727 2204 768 2226 ea
799 2203 887 2237 quae
910 2192 1074 2236 proposui
1096 2191 1320 2234 declaranda,
1349 2203 1392 2225 ne
1415 2191 1559 2234 mirere,
1590 2192 1654 2225 fili.

223 2246 291 2268 non
327 2235 414 2268 enim
444 2240 537 2268 recte
567 2236 742 2269 scribendi
773 2248 884 2280 neque
914 2237 1049 2271 Atticae
1078 2235 1237 2269 dictionis
1260 2236 1416 2279 turgidae
1441 2248 1481 2270 ac
1502 2236 1655 2280 sublimis

224 2278 396 2324 specimen
430 2280 533 2312 edere
563 2280 599 2312 in
628 2282 737 2313 animo
771 2282 893 2324 habui,
927 2282 988 2315 sed
1012 2281 1125 2326 potius
1149 2281 1314 2314 communi
1337 2292 1376 2314 ac
1398 2281 1558 2314 familiari
1580 2292 1655 2315 ser-

223 2335 322 2358 mone
347 2335 386 2358 ea
414 2324 591 2358 enuntiare
614 2326 805 2369 destinavi,
839 2337 926 2370 quae
959 2337 1024 2359 non
1052 2326 1168 2369 ignota
1191 2325 1256 2358 tibi
1279 2337 1354 2358 esse
1377 2326 1502 2360 debere
1525 2325 1656 2370 putavi,

224 2380 379 2412 quaeque
411 2369 570 2402 diuturno
604 2381 667 2403 usu
694 2376 728 2404 et
751 2371 981 2416 experimento
1013 2370 1269 2413 intelligentiam
1291 2370 1355 2403 tibi
1379 2381 1419 2403 ac
1443 2369 1656 2414 prudentiam

223 2413 323 2447 facile
358 2413 539 2446 conciliare
575 2415 719 2457 possint.
766 2416 915 2449 arbitror
942 2421 1052 2449 autem
1083 2427 1102 2448 e
1127 2426 1166 2447 re
1188 2415 1405 2459 imperatoris
1427 2415 1654 2449 Romanorum

225 2469 320 2500 esse,
355 2464 392 2491 ut
415 2469 489 2491 cum
512 2458 734 2492 Patzinacitis
755 2471 872 2504 pacem
895 2471 1030 2505 semper
1052 2464 1149 2503 agat,
1180 2460 1286 2493 amice
1310 2470 1383 2492 cum
1406 2459 1474 2493 illis
1500 2459 1653 2505 pacisca-

224 2509 280 2537 tur
305 2507 339 2536 et
360 2503 501 2536 foedera
522 2503 635 2545 ineat,
669 2504 809 2547 singulis
831 2506 928 2539 annis
952 2505 1206 2550 apocrisiarium
1228 2515 1302 2537 cum
1325 2505 1423 2538 donis
1444 2505 1539 2548 genti
1561 2515 1654 2538 com-

223 2547 417 2592 petentibus
449 2548 489 2580 ad
522 2548 598 2581 illos
628 2548 758 2591 mittat,
792 2550 872 2582 inde
903 2561 983 2583 vero
1012 2549 1149 2583 obsides
1172 2548 1318 2592 recipiat
1340 2554 1376 2582 et
1397 2549 1653 2593 apocrisiarium

226 2591 285 2636 qui
310 2592 345 2625 in
367 2593 483 2625 urbem
507 2593 594 2625 hanc
617 2604 637 2625 a
658 2593 722 2625 deo
745 2600 914 2627 servatam
939 2605 1012 2627 cum
1034 2594 1231 2627 administro
1255 2593 1477 2636 convenient,
1506 2605 1546 2628 ac
1568 2605 1652 2627 con-

225 2637 339 2681 dignis
370 2637 523 2670 omnibus
554 2637 731 2671 beneficiis
754 2638 1007 2682 honoribusque
1029 2639 1070 2672 ab
1091 2638 1298 2681 imperatore
1320 2637 1522 2675 afficientur.
1568 2639 1654 2672 haec

226 2682 355 2726 quippe
383 2681 667 2715 Patzinacitarum
698 2693 782 2725 gens
806 2683 893 2727 parti
919 2682 1103 2717 Chersonis
1125 2682 1268 2716 finitima
1293 2687 1365 2724 est,
1401 2688 1435 2717 et
1457 2682 1523 2716 nisi
1545 2683 1653 2716 amice

226 2726 401 2760 nobiscum
420 2726 567 2769 sentiat,
588 2727 624 2759 in
645 2726 852 2760 Ohersonem
874 2728 1128 2772 impressionem
1152 2732 1187 2760 et
1209 2727 1428 2761 excursiones
1450 2728 1566 2762 facere
1588 2738 1651 2761 va-

225 2770 293 2816 let,
321 2770 494 2815 ipsamque
517 2771 724 2805 Chersonem
748 2777 782 2805 et
806 2772 965 2816 regiones
986 2773 1151 2807 infestare
1173 2783 1214 2806 ac
1235 2771 1449 2816 depopulari.
