1780 3132
215 173 305 216 180
487 173 835 214 CONSTANTlNl
874 167 1342 210 PORPHYROGENITI

206 273 291 324 μοῦ
310 273 382 312 τοῦ
413 268 665 323 Δανάπρεώς
691 270 771 308 εἰσι
797 265 848 307 τά
881 264 1060 319 Ἀδαρά,
1101 265 1171 304 καί
1197 265 1325 304 ἐκεῖσε
1353 261 1498 311 κόλπος
1525 263 1615 304 ἐστὶ

206 338 333 387 μέγας
361 334 380 373 ὃ
404 332 612 386 λεγόμενος
639 332 690 372 τὰ
719 330 979 384 Νεκρόπυλα,
1008 332 1051 370 ἐν
1075 323 1108 385 ᾧ
1127 344 1188 376 τις
1217 329 1396 368 διελθεῖν
1419 328 1619 368 α’δυνατεῖ

206 400 420 446 παντελῶς.
487 397 557 438 καὶ
604 392 684 436 dud
727 397 803 447 μὲν
847 396 922 435 τοῦ
966 392 1217 446 Δανάπρεως
1262 393 1448 444 ποταμοῦ
1486 391 1614 444 μέχρι

208 462 429 513 Χερσῶνός
467 462 546 502 εἰσι
574 461 693 511 μίλια
723 460 788 513 τ’,,
811 460 853 499 ἐν
889 460 945 514 τῷ
971 462 1081 512 μέσῳ
1122 458 1166 498 δὲ
1193 459 1332 508 λιμναι
1359 457 1429 496 καὶ
1454 456 1613 507 λιμένες

206 528 324 578 εἰσίν,
350 527 392 567 ἐν
422 521 487 572 αἷς
516 527 773 577 Χερσωνῖται
800 520 846 564 τὸ
875 521 978 570 ἅλας
1016 518 1265 574 ἐργάζονται.
1318 518 1398 560 α’πό
1421 521 1467 560 δὲ
1498 521 1645 571 xeo-⁵

205 593 355 637 σῶντος
381 592 504 641 μέχρι
521 587 741 641 Βοσπόρου
767 589 847 628 εἰσί
873 585 922 626 τὰ
958 586 1111 636 κάστρα
1137 588 1215 625 τῶν
1240 582 1456 637 κλιμάτων,
1483 581 1530 624 τὸ
1565 582 1611 624 δὲ

206 653 412 707 διάστημα
446 653 563 704 μίλια
590 650 635 692 τ’.
702 650 772 690 καί
816 649 894 691 α’πὸ
929 648 1144 703 Βοσπόρου
1184 648 1229 688 τὸ
1271 651 1341 701 τῆς
1367 645 1614 695 Μαιώτιδος

205 722 345 773 λίμνης
370 715 531 767 στόμιόν
559 717 681 766 ἐστιν,
711 712 800 767 ἥτις
827 716 898 755 καί
924 713 1113 754 θάλασσα
1143 712 1211 753 διὰ
1242 711 1286 753 τὸ
1301 714 1474 765 μέγεθος
1501 709 1613 764 παρὰ

204 783 365 823 πάντων
395 781 651 831 ὀνομάζεται.
721 781 778 826 εἰς
807 781 851 819 δὲ
890 777 963 831 τὴν
991 777 1117 830 αὐτὴν
1147 775 1375 818 ,Μαιώτιδα
1401 775 1614 817 θάλασσαν

202 848 406 898 εἰσρέουσι
432 843 607 894 ποταμοὶ
633 843 775 883 πολλοί
800 841 871 882 καί
895 839 1076 895 μεγάλοι.
1117 839 1220 893 πρὸς
1247 838 1292 881 τὸ
1323 841 1508 893 ἅρκτῶον
1538 839 1610 879 αὖ·
1625 845 1668 877 10

201 911 270 962 τῆς
296 912 419 961 μέρος
458 908 478 947 ὃ
510 907 720 959 Δάναπρις
747 907 949 958 ποταμός,
980 908 1022 954 ἐξ
1053 900 1103 945 οὗ
1132 906 1200 945 καί
1227 904 1263 945 οἱ
1289 905 1400 952 ‘Pa39
1428 906 1614 956 διέρχον-

201 990 271 1014 ται
298 973 395 1026 πρός
425 987 468 1013 τε
508 971 580 1024 τὴν
620 969 782 1023 μαύρην
810 971 1068 1021 Βουλγαριάν
1096 971 1165 1009 καί
1191 971 1408 1022 Χαζαρίαν
1434 970 1504 1008 κατ’
1529 971 1613 1008 Συ..

203 1039 308 1090 ρίαν.
378 1035 398 1078 ὃ
438 1038 482 1077 δὲ
514 1035 641 1083 αυ’τὸς
682 1034 828 1082 κόλπος
864 1036 932 1087 τῆς
958 1033 1202 1081 ΙΡΙαιώτιδος
1243 1031 1406 1085 ἔρχεται
1446 1030 1610 1084 ἅντικρύ

202 1103 283 1142 τῶν
311 1100 589 1155 Νεκροπύλων
628 1101 708 1140 τῶν
740 1095 866 1140 ὄντων
909 1100 1076 1150 πλησίον
1105 1099 1180 1137 τοῦ
1210 1096 1462 1150 Δανάπρεως
1488 1110 1615 1136 ποτα-

202 1168 285 1217 μοῦ
321 1165 377 1214 ὥς
423 1162 503 1204 α’πὸ
534 1165 682 1215 μιλίων
709 1163 757 1214 δ’,
805 1162 875 1203 καί
901 1165 1110 1217 μίσγεται,
1155 1163 1198 1203 ἐν
1225 1157 1258 1218 ᾧ
1303 1161 1373 1202 καί
1398 1159 1550 1202 σούδαν
1577 1157 1670 1201 οἶ15

203 1229 374 1270 παλαιοί
411 1229 676 1283 ποιησάμενοι
716 1230 955 1278 διεβίβασαν
993 1226 1064 1279 τήν
1104 1225 1332 1277 θάλασσαν,
1361 1227 1484 1277 μέσον
1512 1227 1617 1265 α’πο-

205 1298 432 1341 κλείσαντες
478 1294 613 1333 πᾶσαν
655 1291 729 1343 τὴν
759 1293 976 1343 Χερσαῖνος
1003 1293 1076 1343 γῆν
1102 1292 1171 1330 καί
1199 1292 1279 1330 τῶν
1315 1287 1520 1341 κλιμάτων
1548 1288 1619 1329 καὶ

204 1357 276 1411 τὴν
305 1356 520 1409 Βοσπόρου
561 1359 634 1410 γῆν
664 1358 894 1409 κρατοῦσαν
937 1356 1060 1407 μέχρι
1089 1352 1123 1394 α’
1154 1354 1300 1407 μιλίων
1328 1351 1354 1406 ἦ
1384 1353 1454 1394 καί
1482 1351 1618 1394 πλειό..

205 1438 284 1463 νων
327 1425 466 1462 τινῶν·
531 1424 575 1462 ἐκ
617 1423 661 1462 δὲ
704 1423 784 1460 τῶν
829 1422 987 1459 πολλῶν
1029 1422 1129 1460 ἑτῶν
1166 1418 1408 1473 κατεχώσθη
1448 1418 1472 1470 ἢ
1510 1416 1614 1469 αὐτὴ

205 1484 337 1527 σούδα
365 1489 435 1526 καί
469 1487 526 1532 εἰς
562 1483 683 1531 δάσος
718 1486 872 1536 ἐγένετο
915 1484 1032 1524 πολύ.
1106 1482 1176 1524 καί
1208 1484 1280 1523 οὐκ
1309 1485 1411 1523 εἰσιν
1437 1483 1480 1523 ἐν
1509 1483 1674 1537 αὕτιξῖἳθ

208 1549 315 1603 πλήν
358 1549 432 1590 δύο
459 1547 570 1602 ὁδοί,
611 1551 654 1589 ἐν
684 1543 749 1595 αἷς
781 1547 816 1588 οὶ
846 1549 1145 1597 Πατζινακῖται
1187 1549 1420 1600 διέρχονται
1449 1545 1549 1598 πρός
1573 1561 1618 1586 τε

210 1617 413 1666 Χερσῶνα
442 1616 513 1654 καί
535 1612 748 1665 Βόσπορον
778 1615 847 1653 καί
871 1610 921 1652 τοὶ
951 1611 1137 1664 κλίματα.
1192 1614 1250 1659 εἰς
1284 1613 1328 1652 δὲ
1356 1611 1401 1653 ’τὸ
1431 1613 1619 1652 α’νατολι-

210 1677 381 1733 κώτερον
404 1680 528 1731 μέρος
558 1679 629 1731 τῆς
660 1677 901 1724 Μαιώτιδος
937 1677 1081 1731 λίμνης
1114 1677 1367 1731 εἰσέρχονται
1392 1676 1539 1717 πολλοί
1558 1690 1619 1716 τι-

302 1818 324 1852 8
350 1818 523 1852 θάλασσα
546 1837 590 1843 -
614 1817 810 1852 Mammida
837 1818 905 1851 add
936 1819 959 1851 B

214 1945 280 1971 tur.
327 1938 371 1970 ab
406 1939 495 1971 ostio
528 1939 680 1971 fluminis
719 1940 918 1984 Dan-‘ipreos
955 1940 1065 1972 Adara
1099 1945 1302 1979 occurrunt,
1331 1939 1453 1983 ibique
1480 1950 1622 1983 magnus

215 1987 310 2017 sinus
335 1990 410 2024 est,
435 1985 494 2028 qui
522 1985 716 2029 Recropyla
742 1991 981 2031 nuncupatur-3
1006 1997 1109 2030 quem
1130 1987 1232 2029 plane
1257 1987 1401 2018 transire
1429 1996 1530 2018 nemo
1557 1996 1623 2029 po-

215 2036 295 2062 test.
345 2035 380 2062 et
415 2041 434 2061 a
461 2031 612 2074 Danapri
636 2031 845 2063 Cher-sonem
881 2042 990 2075 usque
1025 2032 1174 2064 miliaria
1199 2036 1280 2064 sunt
1318 2036 1494 2070 trecenta,
1526 2031 1625 2063 etin

216 2075 332 2108 medio
360 2075 506 2119 paludes
537 2087 576 2108 ac
602 2083 734 2119 portus,
758 2077 794 2109 in
818 2077 944 2120 quibus
979 2078 1084 2110 salem
1109 2077 1335 2109 chersonitae
1360 2077 1558 2109 conficiunt.
1605 2087 1626 2108 a

218 2121 394 2154 Chersone
417 2121 462 2153 ad
487 2123 676 2165 Bosporum
705 2123 880 2155 climatum
913 2122 1015 2154 urbes
1039 2129 1131 2163 sunt,
1156 2123 1357 2166 distantque
1382 2122 1530 2155 miliaria
1553 2127 1643 2155 tre--⁴

219 2172 342 2207 centa3
380 2173 415 2198 et
449 2179 467 2198 a
497 2169 649 2211 Bosporo
674 2168 810 2212 paludis
838 2169 1024 2200 Maeotidis
1050 2170 1175 2201 ostium
1207 2174 1268 2207 est,
1294 2179 1382 2212 quae
1408 2173 1443 2200 et
1464 2178 1558 2200 mare
1582 2166 1626 2200 ab

221 2212 381 2244 omnibus
405 2219 547 2256 propter
570 2213 845 2256 magnitudinem
869 2219 1108 2258 nuncupatur3
1134 2214 1353 2257 inssuuntque
1379 2215 1414 2246 in
1441 2214 1539 2247 iilam
1560 2212 1628 2246 flu-

219 2258 268 2291 vii
294 2258 395 2290 multi
422 2259 618 2301 magnique.
677 2258 722 2291 ad
746 2260 1017 2303 septentrionem
1051 2260 1157 2292 habet
1183 2260 1369 2303 Danaprim
1394 2260 1560 2300 fluvium,
1585 2269 1628 2291 ex

222 2314 293 2348 quo
329 2304 424 2335 Russi
465 2305 728 2347 proficiscuntur
757 2306 793 2337 iu
826 2307 957 2349 nigram
980 2306 1171 2348 Bulgariam
1197 2305 1399 2337 chuzan-iam
1424 2310 1460 2337 et
1483 2305 1627 2347 Syriam.

225 2354 330 2393 atque
356 2348 416 2381 ille
443 2350 516 2392 ipse
541 2350 728 2384 Maeotidis
750 2353 845 2383 sinus
870 2351 1037 2395 pertIngit
1067 2363 1084 2383 e
1110 2351 1251 2394 regione
1275 2351 1547 2394 Necropylarum
1569 2360 1629 2382 us·-

225 2406 308 2439 que,
331 2405 422 2437 quae
448 2406 466 2426 a
491 2396 642 2439 Danapri
672 2397 799 2430 absunt
821 2398 971 2429 miliaria
1002 2398 1140 2429 circiter
1163 2402 1340 2441 quattuor,
1363 2397 1480 2440 ibique
1505 2396 1631 2428 misce-

226 2446 294 2478 tur,
320 2440 378 2471 ubi
404 2446 539 2473 veteres
563 2453 656 2475 mare
672 2442 896 2475 traiiciebant
918 2442 1020 2475 ducta
1045 2443 1134 2475 fossa
1158 2453 1220 2486 per
1239 2442 1387 2475 mediam
1412 2442 1633 2480 Cher-sonem,

228 2486 385 2528 regiones
412 2491 446 2518 et
472 2487 613 2530 Bospori
651 2493 789 2527 terram,
813 2499 903 2532 quae
929 2489 1025 2521 mille
1049 2493 1110 2521 aut
1135 2488 1283 2532 amplius
1307 2488 1455 2520 miliaria
1484 2497 1634 2530 occupa-

227 2532 311 2563 bat:
344 2530 405 2563 sed
440 2534 606 2575 temporis
637 2538 749 2566 tractu
785 2544 826 2566 ea
861 2534 985 2567 obruta
1010 2534 1048 2566 in
1070 2534 1190 2566 silvam
1215 2534 1356 2566 densam
1382 2543 1545 2565 conversa
1569 2537 1634 2573 est,

230 2582 266 2609 et
289 2575 374 2609 duas
398 2582 531 2609 tantum
556 2578 628 2611 vias
653 2578 779 2619 habet,
802 2590 865 2623 per
890 2589 977 2624 quas
1007 2580 1044 2612 in
1070 2579 1281 2612 Cher-sonem
1304 2581 1492 2623 Bosporum
1518 2583 1554 2610 et
1580 2587 1634 2609 re-

231 2623 351 2666 giones
389 2623 616 2657 Patzinacitae
650 2625 926 2669 proficiscuntur.
990 2625 1034 2658 ad
1057 2626 1314 2658 orientaliorem
1341 2634 1422 2658 vero
1449 2623 1635 2656 Maeotidis

233 2667 371 2713 paindis
394 2674 526 2712 partem
554 2669 651 2704 fluvii
682 2671 928 2717 quamplurimi
967 2682 1042 2704 eam
1069 2671 1323 2715 ingrediuntur,
1347 2676 1386 2704 ut
1412 2670 1552 2709 Tanais,
1575 2669 1638 2715 qui
