1780 3132
323 147 378 186 ιΝ
417 144 779 186 SYNECDFMUM
821 143 1259 186 COMMENTAmUS.
1406 139 1499 188 467

68 262 221 327 perium
248 257 452 300 habemus.
526 258 740 299 Amachius
778 253 922 308 ἅρχων
946 257 1018 309 τῆς
1049 254 1256 308 ἐπαρχίας
1284 256 1357 310 τῆς
1387 258 1506 311 Φρυ-

70 314 175 366 2e'ac,
204 314 270 366 qui
299 314 390 353 dein
418 309 583 364 ἦμμων
612 326 778 366 praeses
804 314 963 354 iteratis
992 313 1174 364 vicibus,
1204 317 1266 353 est
1293 315 1411 380 apud
1428 315 1506 357 So·

66 375 218 410 cratem
245 369 291 409 Η.
309 369 356 408 Ε.
375 373 403 409 3
432 371 497 410 15.
528 369 678 409 Suidas
707 381 794 409 rem
823 369 989 408 eandem
1019 370 1202 408 referens
1230 368 1272 409 in
1288 365 1508 432 -ssfflagaog

63 436 218 477 parvae
239 424 352 464 urbis
367 423 477 473 Phry
478 423 572 477 giae
588 424 813 476 praesidem
833 424 944 475 facit,
974 417 1156 472 ἄρχοντα
1174 421 1330 474 μικρᾶς
1347 420 1508 472 πόλεως

66 478 273 530 Φρυγίας,
298 479 402 519 satis
430 478 615 531 imperite
645 479 857 543 exscriptis
885 478 1036 519 Malchi
1076 483 1147 518 aut
1191 479 1297 519 alius
1325 482 1504 521 auctoris

64 533 213 575 verbis.
235 534 418 586 suspicor
445 534 692 598 scriptorem,
718 535 941 587 quicunque
960 533 1093 583 fuerit,
1124 530 1198 583 τῆς
1216 533 1369 582 μικρᾶς
1388 534 1506 585 Φρυ-

62 587 155 639 γίας
179 589 352 638 dedisse,
380 589 511 642 idque,
544 602 632 629 cum
661 589 703 629 in
731 601 862 641 parva
890 589 989 629 urbe
1014 565 1128 629 Meio
1153 600 1221 628 res
1249 589 1372 629 fuerit
1399 595 1505 641 acta,

64 642 223 689 πόλεως
269 621 406 684 add'ito
448 644 647 684 vocabulo
687 649 859 684 auctum.
930 656 1097 696 parvam
1123 647 1256 683 autem
1287 644 1508 698 Phrygiam

64 698 170 739 hauc
195 697 323 738 fuisse
349 699 497 739 dictam
525 711 576 739 ex
607 699 814 751 Stephano
845 699 886 739 in
917 697 1140 749 Εόκαρπία
1171 703 1343 739 constat.

174 766 271 812 395,
300 767 339 806 4.
398 761 635 814 Εὕκαρπία]
665 777 795 827 pagus
829 765 904 804 fuit
932 763 1160 817 Phrygiae,
1192 764 1243 804 ab
1274 765 1397 805 ubere
1421 768 1510 806 frua

66 831 162 872 gum
191 819 355 872 vinique
380 823 580 871 proventu
601 818 642 858 id
673 819 844 860 nominis
874 820 1052 870 sortitus,
1081 819 1361 871 Metrophane,
1390 834 1507 874 quem

65 874 215 915 Suidas
242 874 446 926 Eucarpia
475 878 604 914 ortum
647 875 860 920 adfirmat,
903 875 1010 927 apud
1038 874 1289 927 Stephanum
1328 882 1506 918 auctore.

65 929 171 983 quod
197 941 297 970 vero
327 930 455 982 primo
488 931 576 969 loco
603 930 777 982 ponitur,
802 930 843 969 id
879 930 1120 982 metropolin
1149 930 1273 970 fuisse
1302 931 1508 984 Phrygiae

65 985 283 1034 Salutaris,
310 985 369 1024 uti
402 986 446 1025 h.
478 985 722 1024 llolsteinius
751 985 792 1024 in
823 985 1055 1038 Geograph.
1086 985 1132 1026 S.
1167 986 1413 1035 autumabat,
1437 1000 1507 1028 ar-

67 1044 258 1093 gumento
300 1052 382 1080 non
423 1046 502 1080 est:
534 1052 625 1079 nam
666 1046 706 1079 et
737 1041 822 1080 alia
849 1046 942 1080 sunt
969 1041 1008 1079 in
1042 1039 1294 1089 Synecdemo
1322 1044 1507 1094 exempla

66 1094 247 1145 urbium,
287 1094 355 1147 qui
382 1095 602 1147 principem
638 1095 768 1135 locum
795 1095 837 1135 in
878 1096 1070 1147 catalogo
1100 1100 1297 1147 occupant
1324 1108 1398 1136 nec
1425 1110 1509 1138 me-

65 1151 246 1203 tropoles
282 1151 473 1199 fuerunt;
515 1154 556 1190 et
584 1150 857 1199 Synecdemus
895 1150 1027 1191 civilis
1057 1154 1145 1199 est,
1189 1163 1319 1204 neque
1347 1152 1399 1191 ad
1427 1165 1511 1193 me-

66 1206 247 1258 tropoles
284 1217 443 1257 semper
486 1205 670 1246 attendit.
739 1205 936 1255 Synnada
975 1206 1210 1258 provinciae
1237 1211 1358 1259 caput
1385 1209 1512 1248 fuisse

66 1273 139 1301 suo
164 1261 256 1300 loco
287 1261 454 1300 dicetur.

178 1325 288 1367 Ibid.
340 1321 586 1376 Ἱεράπολις]
628 1327 826 1367 celebrem
856 1327 932 1367 hoc
961 1327 1120 1367 nomine
1148 1327 1287 1367 urbem
1316 1328 1357 1368 in
1384 1329 1511 1370 Paca-

67 1381 181 1422 tiana
209 1381 405 1430 vidimus;
436 1381 669 1435 diceresque
695 1395 747 1422 ex
776 1395 824 1422 ea
850 1383 1062 1434 provincia
1088 1383 1348 1424 librariorum
1373 1397 1511 1426 socor-

68 1437 138 1477 dia
164 1437 206 1477 in
235 1436 468 1478 Salutarem
509 1436 728 1490 Phrygiam
757 1438 980 1490 migrasse,
1016 1437 1094 1477 nisi
1124 1438 1336 1479 concilium
1362 1439 1512 1480 Nicae-

68 1504 162 1532 num
189 1492 404 1532 secundum
436 1492 614 1532 Hieroeli
643 1493 986 1545 adstipularetur:
1026 1506 1114 1533 cum
1145 1494 1249 1533 enim
1277 1507 1316 1546 p.
1332 1497 1416 1536 346
1443 1496 1514 1535 Ni-

67 1548 207 1588 colaus
249 1547 512 1599 Hierapoleos
555 1547 804 1589 Pacatianae
844 1548 1175 1601 subscripsisset,
1215 1561 1360 1589 nomeu
1401 1563 1516 1590 suum

68 1601 176 1643 inter
205 1601 411 1644 Salutaris
450 1602 654 1655 Phrygiae
686 1603 897 1667 praesules
938 1617 976 1656 p.
998 1605 1081 1644 357
1115 1603 1292 1644 Michael
1330 1601 1516 1655 Ἱεραπό-

69 1657 173 1702 λεως
189 1658 427 1711 profitetur,·
457 1662 563 1697 etue
582 1658 632 1696 de
657 1658 755 1698 vitio
783 1658 951 1722 cogites,
978 1671 1018 1711 p.
1034 1661 1117 1698 597
1146 1663 1267 1712 atque
1294 1659 1392 1699 alibi
1421 1672 1519 1700 eun·

71 1711 162 1751 dem
206 1713 397 1765 reperies.
465 1713 601 1764 itaque
643 1714 743 1753 duas
781 1713 1011 1765 Phrygiae,
1059 1714 1231 1754 alteram
1271 1714 1517 1754 Pacatianae

68 1767 240 1807 alteram
267 1766 473 1808 Salutaris
489 1798 500 1818 ‚
531 1767 767 1820 Hierapoles
796 1780 1077 1820 agnoscamus,
1108 1772 1149 1807 et
1177 1768 1255 1809 hac
1284 1768 1438 1822 Geogr.
1468 1769 1516 1810 8.

69 1833 268 1863 ornemus.

180 1886 289 1929 Ibz'd
332 1879 550 1939 Ὄστρους]
569 1878 736 1938 Ὄτρος,
777 1888 887 1928 euius
930 1889 1142 1942 episcopus
1185 1883 1345 1933 πόλεως
1362 1879 1517 1940 ’Ότρου

67 1943 111 1984 in
137 1941 380 1984 Chalcedon.
400 1957 440 1996 p.
460 1947 565 1994 673,
593 1943 635 1982 iu
650 1943 826 1983 Nicaeno
854 1945 1027 1984 secundo
1055 1944 1130 1981 τοῦ
1159 1940 1314 2009 θρόνου
1334 1935 1518 1993 Ὄστρου

70 2011 110 2062 Ρ.
131 2000 215 2039 358
245 1999 401 2040 dicitur.
458 1998 701 2039 Plutarchus
729 1994 804 2043 τὰς
833 1998 1055 2048 λεγομένας
1083 1998 1129 2038 ἐν
1151 1994 1317 2052 Φρυγία
1348 1995 1520 2049 Ὀτρύας

68 2053 111 2094 in
143 2054 312 2094 Lucullo
342 2066 381 2106 p.
403 2056 484 2094 497
512 2054 723 2106 appellare
764 2053 937 2094 videtur.

177 2118 286 2161 Ibid.
343 2116 575 2171 Σεκτόριον]
606 2119 696 2170 hoc,
721 2123 860 2172 utpote
880 2119 1063 2172 proxime
1083 2119 1136 2159 ad
1150 2111 1409 2169 Στεκτόριον,
1438 2131 1516 2172 quo

69 2185 168 2214 vero
196 2173 355 2214 nomine
393 2175 497 2227 fuit,
529 2175 748 2226 accedens,
800 2187 822 2213 e
850 2187 931 2214 mss
969 2174 1223 2227 arripuimus.
1279 2173 1511 2214 Ptolemaeo

70 2229 196 2282 vulgo
223 2224 478 2280 Ἰστρόριον,
511 2230 583 2270 sed
608 2234 723 2270 vetus
751 2230 954 2282 interpres
991 2229 1235 2270 Stectorium
1264 2227 1380 2281 legit,
1409 2229 1516 2282 quod

70 2288 112 2323 et
147 2296 230 2324 mss
270 2261 543 2325 Coislinia'nus
582 2289 622 2324 et
660 2284 933 2334 BarberiuuS,
971 2285 1022 2324 de
1061 2297 1138 2338 quo
1178 2283 1427 2324 Holsteinius
1464 2283 1518 2323 ad

63 2339 306 2404 Geograph.
339 2339 386 2380 8.
400 2371 411 2391 ,
456 2341 706 2392 praeferunt.
775 2341 950 2380 loannes
994 2340 1209 2392 presbyter
1251 2337 1330 2376 τοῦ
1356 2333 1516 2388 θρόνου

63 2390 294 2487 ’ἕκτορειου
323 2395 500 2435 Nicaeuo
532 2395 707 2436 secundo
735 2408 775 2448 Ρ
795 2397 877 2436 357
905 2407 1051 2436 nomen
1079 2394 1309 2447 adscripsit,
1337 2397 1378 2433 et
1406 2407 1446 2446 p.
1459 2396 1517 2434 53

109 2460 288 2499 κτοριου.

179 2512 288 2555 lbid.
342 2511 547 2566 Βρούξος]
594 2528 733 2556 verum
774 2520 836 2555 est
866 2512 1077 2565 Βρούζος,
1104 2515 1211 2556 unde
1239 2514 1350 2555 numi
1376 2514 1518 2566 Βρου-

71 2567 207 2619 ζηνων
233 2575 274 2609 et
303 2569 575 2622 Βρουζίνων,
607 2576 651 2611 ut
677 2572 718 2611 in
747 2572 869 2612 Thes.
911 2570 1066 2613 Britan.
1099 2576 1194 2612 tom.
1226 2575 1253 2611 2
1280 2584 1319 2622 Ρ.
1341 2573 1436 2619 234,
1464 2570 1517 2608 de

69 2623 213 2676 quibus
247 2625 414 2678 egregie
429 2625 659 2666 Harduinus
690 2626 733 2667 in
759 2627 872 2667 Num.
905 2626 994 2669 urb.
1023 2627 1218 2669 illustrat.
1247 2627 1514 2674 Ptolemaeus,

71 2679 134 2719 cui
163 2679 368 2733 Δροῦζον,
400 2680 493 2722 hinc
521 2682 713 2724 auxilium
742 2682 900 2734 accipit.
