1780 3132
277 163 339 207 36
551 163 913 206 CONSTANTINI
948 164 1436 207 PORPHYROGENITI

279 277 444 329 Ταρσοῦ
466 271 679 329 προϊόντων
701 275 956 327 Σαρακηνιῦν,
991 273 1057 315 διὰ
1075 274 1119 316 τὸ
1141 273 1237 316 εἶναι
1256 275 1324 316 τὸν
1341 273 1459 316 τόπον
1475 273 1698 331 δυσπρόσο-

277 343 367 381 δον·
413 339 433 382 ὁ
466 341 510 381 δὲ
538 343 648 394 κῦρις
676 338 897 392 Ῥωμανός,
943 338 963 381 ὁ
999 339 1118 390 καλός
1146 358 1187 382 τε
1221 343 1286 382 καὶ
1319 341 1473 395 ἀγαθὸς
1499 341 1697 394 βασιλεύς,

276 406 407 462 (ὅσπερ
437 404 584 454 πλάτος
612 404 738 458 μῆκός
764 423 805 447 τε
832 409 895 447 καὶ
920 408 1089 461 μέγεθος
1117 408 1305 457 ἐπιτιθεὶς
1326 412 1376 463 τῇ
1398 413 1477 450 τῶν
1493 406 1695 462 Ῥωμαίων

274 473 397 527 ἀρχῇ,
445 473 684 526 στρατηγίδα
715 472 837 526 αὐτὴν
867 473 1080 515 ἀπετέλεσε.
1148 474 1193 515 τὸ
1222 475 1265 515 δὲ
1295 478 1365 527 τῆς
1393 472 1544 524 πόλεως
1571 474 1696 528 ὄνομα

273 542 337 579 καὶ
359 540 402 580 τὸ
426 542 636 579 καλεῖσθαι
656 538 862 580 Σελεύκεια
883 539 960 581 ἀπὸ
980 545 1051 581 τοῦ
1069 541 1225 582 κτίστου
1247 539 1440 582 Σελεύκου
1461 546 1533 582 τοῦ
1549 545 1694 583 καλου,
1707 550 1727 583 5

271 607 391 657 με’νου
413 603 635 657 Νικάνορος
653 604 723 658 τὴν
740 608 1017 660 προσωνυμίαν
1034 605 1258 660 ἐπλούτησε.
1324 607 1374 649 τὰ
1395 608 1438 648 δὲ
1454 606 1534 649 ἄνω
1554 610 1696 649 Σελευ-

271 673 376 719 κείας
411 673 476 711 καὶ
515 670 709 725 μεσόγαια
747 677 920 714 καλεῖται
956 672 1204 724 Δεκάπολις,
1251 675 1316 715 καὶ
1347 674 1428 715 ἔστι
1463 672 1598 729 πρώτη
1626 675 1698 726 μὲν

272 736 651 792 Γερμανικούπολις,
688 740 850 793 δευτέρα
869 741 913 780 δὲ
935 738 1208 791 Τιτιοῦπολις,
1242 732 1351 795 τρίτη
1372 739 1697 793 Δομετιούπολις,

271 803 434 858 τετάρτη
466 803 729 856 Ζηνούηολις,
785 806 940 858 πέμπτη
968 804 1190 856 Νεάπολις,
1245 807 1335 860 ἕκτη
1366 806 1696 856 Κλαυδιούηολις,

272 869 421 923 ἑβδόμη
442 868 746 926 Εἶρηνοῦπολις,
790 870 909 925 ὀγδόη
940 872 1178 928 Καισάρεια,
1221 872 1336 927 ἐνάτη
1357 872 1596 924 Λαῦζαὸος,
1630 875 1694 914 δε-
1707 882 1751 916 10

271 936 368 989 κοίτη
390 936 666 986 Δαλισανδός,
709 939 749 979 ἓν
765 932 791 992 ᾗ
809 938 853 978 τὸ
873 938 1106 993 σκοπτάριον
1127 944 1198 981 τοῦ
1219 938 1330 994 ἆγιόυ
1350 938 1700 995 μεγαλομάρτυρος

274 1003 487 1058 Θεοδώρου
518 1004 559 1043 ἓν
598 1008 655 1059 τῷ
688 1003 865 1060 τρούλλῳ
898 1010 970 1046 τοῦ
1005 1010 1103 1047 ναοῦ
1136 1007 1258 1048 αὐτοῦ
1288 1006 1568 1062 ἀποκρέμαται.
1634 1008 1699 1046 καὶ

269 1074 393 1111 ταῦτα
415 1070 486 1122 μὲν
509 1071 595 1126 περὶ
621 1072 861 1120 Σελευκείας.

583 1152 626 1185 ιδ’
651 1151 751 1194 θὲμα
774 1152 817 1186 τὸ
841 1151 1065 1195 καλούμενον
1088 1152 1385 1197 Κιβυρραιωταῗν.

407 1202 464 1243 To
488 1202 532 1243 δὲ
551 1203 660 1255 θέμα
687 1208 764 1243 τῶν
785 1206 1099 1258 Κιβυρραιωτῶν
1123 1204 1341 1259 ἀπάρχεται
1367 1203 1440 1256 μὲν
1470 1202 1544 1244 o'm'
1575 1202 1697 1257 αὐτῆς
1709 1211 1750 1247 15

271 1273 341 1321 τῆς
361 1270 589 1317 Σελευκείας
610 1269 660 1310 τὰ
681 1270 780 1324 πρὸς
797 1269 1009 1311 θάλασσαν
1030 1275 1099 1323 τῆς
1119 1270 1312 1322 ἀνατολῆς
1336 1270 1530 1323 κειμένης,
1574 1287 1699 1311 κατα-

270 1335 374 1389 λήγει
398 1336 440 1375 δὲ
472 1335 572 1390 πρὸς
598 1340 724 1388 μῆκος
750 1336 811 1376 ἐπὶ
840 1336 995 1388 δυσμὰς
1020 1336 1092 1385 ἕως
1114 1336 1235 1389 αὐτῆς
1251 1335 1438 1390 Μιλήτου
1459 1340 1530 1390 τῆς
1550 1335 1698 1385 πόλεως

270 1404 335 1443 καὶ
359 1406 430 1455 τῆς
448 1401 590 1442 Ἰασοῦ
614 1405 679 1442 καὶ
704 1406 775 1443 τοῦ
796 1406 1077 1456 ,Βαργυλιακοῦ
1100 1401 1246 1444 κόλπου
1268 1402 1389 1456 ἤγουν
1407 1407 1485 1444 τῶν
1502 1404 1698 1455 καλουμέ-

269 1485 346 1509 νων
361 1470 585 1518 Ἀνδανίων,
621 1470 661 1509 ἓν
679 1463 711 1524 ᾧ
733 1474 856 1510 κεῖται
875 1468 900 1521 ἥ
920 1486 961 1510 τε
980 1467 1187 1511 Μύλασσα
1198 1500 1210 1518 ,
1244 1469 1356 1518 πόλις
1373 1468 1575 1525 ὄιάφημος
1584 1501 1597 1520 ,
1631 1471 1697 1511 καὶ

272 1536 373 1576 αὐτὰ
396 1536 446 1576 τὰ
467 1534 672 1590 Βαργύλιοι
700 1534 724 1588 ’ἥ
750 1553 789 1577 τε
807 1535 976 1584 ΖΡΙύνδος
992 1538 1056 1576 καὶ
1078 1535 1102 1589 ἡ
1125 1537 1342 1589 καλουμένη
1361 1536 1590 1592 Στρόβηλος
1610 1534 1636 1590 ἥ
1657 1552 1697 1578 τε
1709 1547 1753 1579 20

359 1629 381 1662 3
404 1623 494 1660 ὥστε
520 1628 549 1659 C
661 1629 683 1661 7
705 1628 896 1669 μεσογαίας
919 1629 950 1659 V
1045 1625 1108 1670 μὲν
1133 1641 1184 1662 om
1209 1629 1238 1662 C
1329 1629 1371 1662 10
1392 1626 1649 1671 Διοκαισάρεια
1668 1628 1701 1660 V

362 1674 400 1705 11
425 1666 451 1714 ᾖ
471 1668 494 1713 ή
519 1669 628 1710 οἷσπὶς
650 1668 765 1714 ἤγουν
787 1671 828 1705 τὸ
854 1672 912 1705 AC
1005 1675 1046 1707 12
1069 1670 1283 1716 οἷπηώρηται
1307 1672 1365 1706 Ac
1457 1673 1500 1708 14
1522 1671 1700 1715 ὀνομαζό-

358 1727 467 1758 μενον
490 1717 518 1749 C
613 1718 652 1750 15
676 1714 871 1758 ἀπέρχεται
889 1718 918 1750 C
1012 1719 1052 1750 16
1076 1716 1167 1759 πρὸς
1191 1716 1380 1750 θάλασσαν
1403 1716 1498 1759 πρὸς
1519 1716 1701 1758 ἀνατολὴν

359 1759 521 1803 κειμένην
545 1761 606 1793 ΑΟ
699 1764 739 1797 17
764 1759 842 1803 ἐπὶ]
871 1759 921 1800 ὠς
944 1762 986 1803 V,
1010 1759 1060 1799 αἱς
1083 1760 1142 1794 ἐπὶ
1164 1762 1331 1797 AMorelli
1423 1763 1464 1796 18
1487 1759 1631 1796 Ἰασσοῦ
1657 1763 1700 1804 V,

357 1803 476 1838 Ἰσσοῦ
494 1805 658 1838 AMorelli
750 1808 790 1840 19
806 1803 992 1839 Ἀντωνίων
1010 1807 1039 1838 V
1056 1812 1091 1839 et
1105 1807 1165 1839 AC
1238 1803 1264 1849 ἤ
1280 1808 1332 1849 τε]
1351 1804 1397 1839 τὰ
1419 1808 1448 1840 C
1538 1810 1582 1842 ΞΟ
1598 1809 1701 1848 Μαρ-

358 1849 464 1938 ἷὲᾝὶἑιςκ
484 1850 539 1927 XC
624 1848 771 1888 Μένδος
795 1851 835 1894 V,
861 1851 1003 1890 Μίνδος
1026 1851 1056 1885 Α
1163 1847 1183 1885 ὁ
1206 1850 1428 1894 καλούμενος
1450 1852 1480 1885 C
1586 1850 1702 1913 Στρό-

270 1971 437 2014 quoddam
471 1975 546 2004 erat
576 1976 612 2004 et
644 1971 783 2015 specula
815 1973 857 2005 ob
882 1971 1127 2006 Saracenorum
1161 1985 1181 2006 e
1203 1973 1314 2006 Tarso
1338 1972 1577 2016 excursiones,
1611 1972 1700 2015 quod

271 2017 425 2049 nimirum
456 2017 563 2049 arduo
596 2021 631 2049 et
661 2016 836 2050 difficilem
864 2017 989 2050 aditum
1024 2018 1167 2051 habente
1197 2018 1271 2051 loco
1303 2018 1370 2051 sita
1402 2022 1506 2051 esset.
1554 2018 1702 2062 optimus

270 2072 353 2094 vero
378 2061 562 2105 imperator
585 2061 739 2094 dominus
763 2062 954 2103 Romanus,
990 2063 1049 2106 qui
1073 2063 1284 2096 latitudinem
1306 2061 1548 2106 quodammodo
1571 2068 1606 2096 et
1627 2062 1702 2096 lon-

268 2105 455 2148 gitudinem
487 2105 818 2150 magnitudinemque
848 2107 990 2150 imperio
1015 2107 1165 2140 Romano
1188 2107 1332 2150 adiecit,
1368 2112 1558 2151 praeturam
1589 2118 1632 2140 ex
1663 2118 1703 2140 ea

270 2151 368 2183 fecit.
413 2161 534 2182 nomen
556 2161 638 2182 vero
662 2151 774 2193 urbis,
810 2156 846 2184 et
865 2152 954 2195 quod
979 2158 1100 2185 vocata
1121 2152 1167 2185 sit
1190 2152 1359 2194 Seleucia,
1394 2163 1414 2185 a
1437 2151 1613 2185 conditore
1635 2152 1703 2185 Se-

271 2196 378 2237 leuco,
403 2194 462 2238 qui
486 2199 698 2237 nuncupatus
720 2195 884 2239 Nicanor,
912 2196 1023 2230 fluxit.
1055 2197 1217 2230 ulteriora
1239 2203 1350 2230 autem
1372 2196 1552 2229 Seleuciae
1574 2201 1609 2230 et
1631 2208 1702 2230 me-

271 2240 467 2272 diterranea
490 2245 655 2272 vocantur
674 2240 869 2284 DecapoHs,
895 2240 928 2273 id
955 2246 1006 2273 est
1029 2241 1142 2274 decem
1165 2243 1286 2281 urbes3
1311 2251 1451 2285 quarum
1473 2241 1607 2283 quidem
1631 2241 1703 2284 pri-

272 2294 325 2316 ma
356 2290 408 2316 est
430 2283 745 2327 Germanicopolis,
779 2285 888 2319 altera
918 2285 1121 2330 Titiopolis,
1157 2286 1261 2319 tertia
1283 2285 1548 2330 Dometiopolis,
1581 2291 1703 2330 quarta

273 2328 476 2372 Zenopolis,
522 2328 641 2371 quinta
672 2329 859 2373 Neapolis,
899 2335 996 2364 sexta
1025 2330 1278 2374 Claudiopolis,
1323 2331 1468 2374 septima
1500 2329 1703 2375 Irenopolis,

273 2379 393 2406 octava
417 2373 597 2416 Caesarea,
625 2384 713 2407 nona
735 2375 926 2416 Lauzadus,
950 2374 1079 2408 decima
1102 2375 1315 2416 musandum,
1341 2375 1375 2408 in
1399 2386 1467 2419 qua
1490 2374 1619 2420 clipeus
1641 2386 1703 2408 seu

272 2423 402 2450 scutum
425 2417 534 2460 magni
558 2417 646 2450 illius
670 2420 828 2460 martyris
852 2419 962 2452 sancti
977 2419 1153 2453 Theodori
1176 2420 1210 2453 in
1232 2419 1331 2453 trullo
1355 2419 1472 2464 templi
1493 2419 1601 2464 ipsius
1619 2431 1703 2465 peu-

273 2462 343 2494 det.
391 2467 494 2505 atque
521 2461 605 2494 haec
626 2463 760 2506 quidem
785 2464 827 2496 de
849 2464 1020 2498 Seleucia.

491 2527 621 2560 Thema
640 2529 806 2562 decimum
823 2536 999 2574 quartum,
1024 2530 1152 2563 dictum
1179 2530 1491 2572 cibyrraeotarum.

362 2571 494 2605 Thema
517 2585 599 2606 vero
624 2573 922 2617 Cibyrraeotarum
955 2577 997 2609 ab
1026 2575 1102 2620 ipsa
1123 2574 1279 2608 Seleucia
1302 2575 1434 2608 initium
1458 2574 1580 2616 sumit,
1615 2585 1703 2618 quae

271 2617 313 2649 ad
335 2627 426 2650 mare
450 2617 592 2651 orientis
616 2617 683 2651 sita
707 2624 771 2654 est.
830 2620 957 2653 desinit
979 2626 1091 2654 autem
1113 2619 1149 2652 in
1172 2619 1384 2663 longitudine
1407 2630 1559 2653 occasum
1582 2630 1704 2652 versus

270 2662 311 2693 ad
335 2661 442 2705 ipsam
466 2672 572 2705 usque
595 2663 713 2695 urbem
736 2663 887 2697 Miletum
912 2671 946 2698 et
970 2666 1092 2707 lasum,
1117 2669 1152 2696 et
1174 2664 1214 2697 ad
1239 2664 1347 2698 sinum
1370 2664 1605 2708 Bargyliacum
1627 2663 1704 2696 sive

270 2717 328 2738 eos
352 2706 409 2749 qui
434 2706 580 2740 Andanii
603 2715 853 2751 nuncupantur,
876 2709 932 2742 ubi
957 2710 1022 2743 sita
1043 2714 1096 2742 est
1116 2709 1266 2751 Mylassa
1287 2710 1366 2742 urbs
1388 2709 1545 2753 celebris,
1570 2713 1606 2742 et
1627 2708 1705 2753 ipsa

269 2749 432 2794 Bargylia
463 2757 496 2784 et
523 2752 671 2796 Myndus
697 2759 730 2786 et
754 2764 840 2797 quae
863 2754 988 2787 dicitur
1010 2753 1188 2788 Strobelus
1214 2759 1250 2789 et
1271 2753 1554 2798 Halicarnassus,
1589 2753 1703 2787 Hero-
