1780 3132
304 151 396 196 336
607 150 863 197 BANDURII
913 157 1399 201 ANIMADVERSIONES

304 266 389 314 nis,
420 269 459 305 et
488 266 553 306 hic
590 266 706 306 etiam
733 267 783 306 de
808 267 1001 307 Dalmatis
1038 272 1204 320 apparet
1241 282 1291 310 ex
1318 270 1366 310 iis
1393 283 1493 323 quae
1519 274 1603 312 toto
1626 272 1702 313 boc

303 321 430 372 capite
458 325 498 360 et
525 322 702 372 sequenti
727 321 866 361 scribit
899 322 1272 374 Porphyrogenitus.

408 386 499 433 125,
539 388 604 423 22.
673 385 732 423 De
758 385 925 437 Spalato
968 387 1074 436 sive,
1107 391 1150 426 ιιι
1182 387 1540 440 Porpbyrogenitus
1571 381 1702 440 habet,

301 437 518 531 Αεριιιίιιιιιὲ)
562 438 741 489 pluribus
783 441 958 492 loquitur
1000 441 1102 481 idem
1142 440 1312 493 scriptor
1347 441 1423 481 hoc
1461 442 1547 502 ipso
1573 444 1702 496 capite

300 503 378 542 pau
397 504 419 530 o
447 504 486 530 ιιι
506 503 564 530 ra.

410 560 500 607 126,
530 559 567 596 4.
635 552 846 610 Διόκλεια]
889 559 979 598 vide
1014 570 1115 612 quae
1157 560 1205 599 de
1230 559 1330 600 urbe
1355 559 1517 600 nioclea
1543 563 1584 600 et
1607 560 1702 601 Dio-

300 610 479 649 cletianis
507 610 626 651 habet
652 611 760 651 infra
789 624 822 652 c.
850 615 905 653 35
932 613 1102 665 scriptor
1129 617 1276 665 noster,
1303 618 1343 653 et
1370 617 1528 654 nostras
1557 614 1702 655 ibidem

299 667 427 703 notas.

405 715 513 758 Ibid.
555 722 594 758 8.
664 719 723 758 De
765 719 840 760 hac
867 724 997 761 autem
1032 721 1281 773 expeditione
1315 721 1601 772 Romanorum,
1637 721 1702 774 qni

298 770 536 812 Dalmatiam
564 773 812 824 incolebant,
839 775 880 814 in
907 775 1137 826 Sclavinos‚
1164 787 1262 827 quos
1291 775 1354 815 hic
1381 775 1702 827 Porphyrogeni-

298 829 361 863 tus
389 825 543 865 Abares
572 827 656 866 sive
676 827 831 867 Abaros
851 830 1040 880 appellat,
1066 834 1106 868 et
1128 829 1318 881 quomodo
1337 829 1536 869 Dalmatia
1562 830 1612 869 ab
1633 829 1703 869 iis-

298 879 385 917 dem
415 879 573 919 Sclavis
603 886 794 933 occupata
815 882 945 932 fuerit,
976 883 1155 934 pluribus
1170 884 1339 934 scriptor
1364 887 1498 922 noster
1523 883 1609 935 agit
1637 894 1703 923 ca-

295 933 379 984 pite
408 935 609 985 sequenti;
636 936 703 975 ubi
731 935 820 975 vide
848 947 949 988 quae
977 937 1222 976 adnotamus.

403 996 510 1038 Ibid.
541 1002 606 1037 22.
662 999 790 1039 Salon
817 1000 982 1051 colonia,
1011 1001 1157 1040 navale
1185 1000 1468 1049 Dalmatarum,
1495 998 1590 1039 urbs
1615 1011 1699 1040 ma-

296 1063 379 1103 gna
407 1056 446 1091 et
474 1052 663 1104 antiqua:
696 1058 738 1092 at
761 1054 877 1093 hodie
904 1058 1065 1106 praeter
1102 1066 1248 1105 paucas
1278 1066 1392 1093 casas
1419 1054 1576 1104 rudera,
1605 1064 1704 1105 quae

295 1110 524 1157 supersunt,
566 1111 657 1146 sunt
691 1112 811 1146 testes
847 1108 929 1147 eius
967 1108 1256 1160 magnitudinis.
1321 1107 1369 1146 de
1403 1119 1452 1146 ea
1493 1108 1704 1159 loquuntur
1758 1153 1761 1156 ,

294 1161 441 1211 passim
477 1161 691 1212 scriptores
730 1165 768 1201 et
795 1162 1016 1213 geographi
1047 1167 1225 1210 veteres,
1274 1161 1343 1200 sed
1371 1173 1576 1213 perperam
1605 1173 1704 1200 non-

294 1214 393 1252 nulli
420 1227 471 1254 ex
497 1215 782 1254 recentioribus
808 1216 986 1255 scribunt
1012 1216 1296 1255 Diocletianum
1337 1215 1378 1254 in
1405 1227 1454 1255 ea
1482 1214 1704 1254 condidisse

292 1268 445 1318 palatia
472 1272 512 1306 et
540 1280 671 1308 arcem
703 1269 871 1310 Clissam
898 1269 1042 1309 ibidem
1069 1282 1180 1318 esse;
1212 1269 1354 1321 quippe
1382 1268 1591 1320 Spalatum
1617 1269 1703 1308 sive

293 1322 566 1372 Aspalathum,
593 1322 660 1362 ubi
682 1327 796 1363 erant
817 1324 970 1375 palatia
987 1323 1233 1369 Diocletiani,
1263 1326 1449 1373 quattuor
1473 1322 1582 1362 milia
1611 1334 1703 1373 pas-

293 1387 403 1414 suum
432 1377 556 1415 ‹listat
581 1388 607 1415 a
633 1376 793 1427 Salone,
822 1378 955 1416 decem
982 1377 1090 1416 milia
1129 1378 1179 1417 ab
1209 1388 1302 1416 arce
1331 1375 1473 1416 Clissa.
1528 1375 1619 1416 vide
1645 1377 1702 1416 lo.

292 1429 453 1469 Lucium
480 1430 529 1468 de
557 1442 684 1482 regno
716 1431 941 1470 Dalmatiae
968 1436 1007 1470 et
1027 1431 1224 1479 eramiae,
1253 1441 1407 1469 necnon
1434 1430 1610 1470 'rhomae
1639 1441 1706 1469 ar-

260 1526 263 1528 ,
291 1483 512 1523 chidiaconi
539 1483 790 1535 Spalatensis
816 1484 1022 1524 historiam
1050 1485 1325 1525 Salonitanam
1343 1514 1354 1534 ,
1384 1487 1424 1523 et
1450 1484 1528 1525 lac.
1561 1483 1703 1536 Sponii

292 1536 538 1577 itinerarium
557 1543 585 1577 t.
616 1542 652 1578 1.
683 1552 720 1590 p.
750 1542 829 1577 106
857 1550 942 1590 sqq.
1511 1546 1516 1551 “

401 1605 493 1651 127,
521 1606 560 1642 3.
616 1602 792 1650 Κλεΐσα]
830 1604 1010 1643 nimirum
1050 1600 1220 1654 Clissa,
1254 1614 1333 1642 non
1361 1613 1457 1641 vero
1487 1598 1634 1650 Clusa,
1663 1605 1707 1641 ιιι

293 1654 489 1695 Menrsins
521 1669 728 1708 perperam
753 1658 1048 1708 interpretatur.
1105 1657 1200 1696 olim
1228 1657 1332 1696 dicta
1355 1656 1428 1694 fuit
1447 1652 1707 1705 Andetrium,

292 1714 338 1748 ιιι
364 1710 507 1803 Llpiiins
535 1711 734 1762 opinatur.
799 1711 898 1751 baec
920 1710 1037 1751 hodie
1064 1711 1220 1751 Latinis
1250 1707 1398 1750 Clissa
1421 1709 1587 1759 dicitur,
1613 1709 1706 1751 Sla-

291 1775 354 1803 vis
444 1765 496 1803 is.

402 1820 495 1866 128,
527 1820 567 1856 4.
623 1818 683 1858 De
712 1818 858 1859 Rausio
886 1831 956 1858 seu
983 1818 1163 1870 Ragusio
1191 1821 1230 1856 et
1258 1817 1350 1857 aliis
1377 1815 1599 1857 Dalmatiae
1624 1826 1708 1854 ma-

295 1871 438 1911 ritimis
469 1872 709 1923 civitatibus,
738 1884 837 1925 qnae
865 1885 890 1912 a
908 1873 1043 1912 Slavis
1069 1885 1147 1912 non
1173 1873 1334 1911 fuerunt
1366 1873 1591 1921 occupatae,
1620 1869 1708 1920 plu-

291 1925 400 1965 ribus
444 1926 618 1977 loquitur
645 1927 686 1966 in
725 1928 802 1966 fine
829 1926 942 1966 huius
971 1927 1113 1978 capitis
1143 1926 1312 1977 scriptor
1339 1928 1497 1973 noster;
1524 1923 1591 1963 ubi
1617 1922 1708 1963 vide

293 1990 396 2031 quae
426 1980 694 2020 observamus.

402 2043 510 2085 lbid.
528 2046 567 2083 5.
624 2037 683 2082 ὧν
712 2043 831 2083 τινῶν
855 2039 925 2082 καί
943 2039 1163 2094 οἰκήτορες]
1197 2043 1350 2083 incolae
1377 2043 1537 2094 illarum
1553 2039 1708 2080 urbium

295 2098 465 2138 Romani
495 2099 689 2150 appellati
722 2104 834 2148 sunt,
863 2099 964 2150 quod
992 2099 1118 2137 Roma
1157 2097 1252 2136 illuc
1279 2094 1636 2148 commigraverint,
1665 2097 1709 2132 ιιι

297 2152 436 2191 scribit
451 2151 732 2192 Constantinus
761 2152 875 2192 initio
905 2153 1020 2191 huius
1048 2151 1200 2202 capitis,
1232 2155 1271 2189 et
1297 2150 1400 2202 quod
1414 2149 1595 2190 Latinum
1622 2159 1708 2186 ser-

295 2218 448 2245 monem
477 2207 544 2245 diu
572 2206 836 2256 servaverint,
867 2210 911 2245 ut
949 2206 1072 2245 tradit
1099 2205 1318 2244 Willelmus
1346 2204 1492 2252 Tyrius
1519 2206 1545 2241 2
1576 2204 1641 2241 27.
1669 2205 1709 2240 et

296 2259 451 2311 quidem
478 2261 674 2312 Ragusini
715 2262 820 2300 cives
863 2261 914 2299 ad
950 2259 1189 2298 undecimum
1223 2259 1395 2297 seculum
1422 2269 1544 2309 usque
1571 2256 1710 2307 lingua

295 2314 440 2354 Latina
470 2315 704 2363 utebantur;
732 2314 978 2366 postmodum
1001 2325 1102 2352 ,vero
1135 2312 1227 2364 quia
1255 2313 1400 2352 multae
1421 2310 1594 2351 familiae
1615 2309 1709 2349 Sla-

294 2379 434 2407 vornm
462 2368 682 2420 Ragusium
719 2368 1019 2419 commigarunt,
1062 2366 1168 2406 cives
1197 2366 1395 2417 Ragusini
1423 2364 1613 2417 paulatim
1637 2374 1710 2414 pa-

294 2421 374 2461 tria
402 2422 540 2474 lingua
566 2422 795 2473 posthabita
834 2421 984 2462 Sclava
1013 2420 1070 2460 uti
1101 2423 1326 2470 coeperunt,
1366 2423 1409 2459 ut
1436 2418 1574 2458 scribit
1598 2417 1710 2456 Iaco-

293 2475 366 2515 bus
395 2476 560 2515 Luccari
590 2477 617 2514 l.
643 2480 666 2516 1
696 2475 809 2528 deyli
833 2473 989 2516 Annali
1019 2474 1063 2514 di
1075 2471 1248 2525 Rayusa
1279 2475 1342 2513 15.
1399 2472 1501 2525 quod
1529 2481 1625 2510 vcro
1653 2470 1710 2531 ait

292 2529 459 2568 Maurus
488 2529 626 2569 Orbini
668 2530 920 2581 Ragusinus,
957 2529 1081 2568 abbas
1117 2528 1338 2567 Melitensis
1357 2555 1368 2575 ‚
1411 2529 1452 2566 in
1490 2525 1618 2576 Opere
1647 2535 1711 2562 cui

294 2583 437 2622 titulus
468 2582 503 2623 il
528 2595 656 2635 reyno
684 2583 795 2635 deyli
818 2582 953 2631 slavi,
982 2595 1018 2634 p.
1050 2586 1139 2631 173,
1169 2582 1210 2622 in
1240 2581 1413 2630 illyrico,
1447 2583 1657 2630 antequam
1685 2588 1711 2616 a

295 2637 430 2679 Slavis
459 2642 691 2690 occupatum
720 2643 836 2689 esset,
860 2637 986 2678 Slava
1013 2636 1154 2689 lingua
1177 2647 1332 2688 semper
1361 2633 1515 2684 lllyrici
1541 2631 1710 2685 populos
