1780 3132
340 151 431 195 388
877 155 1216 195 WESSELINGH

338 264 440 304 entis
465 276 498 305 c.
531 267 552 304 1
571 294 582 309 .
609 275 741 303 omnes
770 264 961 315 praefecti
1000 264 1199 316 praetorio
1227 264 1396 305 Orientis
1423 265 1668 318 dispositioni
1695 271 1734 308 et

337 330 456 374 curae
485 318 706 357 mandatae.

443 381 570 431 Atque
600 381 696 420 haec
723 382 771 420 de
797 381 1065 430 Synecdem03
1092 382 1200 420 cuius
1227 382 1390 444 primam
1418 383 1622 424 editionem
1651 385 1732 426 Ca-

336 435 425 474 rolo
456 445 481 473 a
510 434 552 473 S.
573 435 710 473 Paullo
738 436 932 483 debemus,
961 435 1029 473 sed
1060 437 1111 474 14
1134 435 1347 486 provinciis
1374 437 1557 477 mutilant
1613 440 1732 479 aliam

337 491 465 528 animo
495 487 670 538 agitasse
702 489 780 528 Iac.
812 488 1059 528 Sirmondum
1098 501 1146 528 ex
1186 490 1353 541 quadam
1382 489 1464 552 eius
1489 492 1539 530 ad
1567 493 1611 530 L.
1639 493 1735 532 1101-

336 541 515 580 steiuium
552 541 720 604 epistola
747 554 785 606 p.
815 545 890 580 471
925 542 985 580 ed
1014 543 1150 582 Venet.
1190 543 1409 593 suspicere.
1440 538 1516 582 “de
1542 546 1734 585 Hieroclis

336 595 393 642 sy
397 591 603 632 needemo'’
627 594 751 646 inquit
771 593 978 646 “gratuler
1007 608 1058 635 an
1085 596 1238 635 doleam
1266 597 1409 635 nescio.
1464 597 1540 636 imo
1565 609 1610 637 re
1636 611 1735 638 vera.

335 648 450 686 doleo
481 647 552 686 tihi
596 659 675 686 non
704 661 729 688 a
755 660 816 688 me
845 649 947 687 dono
991 649 1122 688 datum
1151 650 1298 698 fuisse,
1326 662 1410 689 cum
1440 655 1667 701 expetercs;
1696 657 1736 690 et

335 701 436 752 quod
469 712 543 752 ego
583 701 677 739 mihi
714 702 944 753 contingere
972 704 1167 753 optabam,
1204 707 1246 742 ut
1272 704 1379 743 aliud
1407 705 1608 756 exemplar
1634 717 1734 744 nan-

333 755 514 803 cisccrer‚
542 754 581 793 id
609 755 683 794 tibi
701 756 830 806 potius
848 754 1037 807 obtigisse
1053 757 1226 808 gaudem
1251 761 1368 809 atque
1394 762 1438 797 ut
1457 769 1508 798 ex
1525 759 1654 798 animo
1674 770 1735 798 me

333 808 531 859 gratulari
549 807 765 869 intelligas,
785 809 819 848 si
839 809 890 848 ad
907 810 1060 862 reliqua
1077 814 1144 849 tua
1161 810 1451 862 Geographica,
1469 823 1554 850 cum
1571 812 1621 851 ad
1634 811 1734 851 Cra-

332 861 496 901 mosium
521 862 675 910 mittes,
715 862 944 903 Africanam
986 867 1162 903 nostram
1204 864 1319 903 adiici
1347 865 1480 914 iubes,
1516 877 1595 904 non
1623 866 1734 904 defu-

332 913 461 966 giam.‘
531 915 645 978 quod,
675 916 732 955 uti
756 916 944 966 advertis,
972 917 1176 956 consilium
1205 917 1386 969 deinceps
1414 918 1646 970 repudiavit.
1675 919 1734 958 vi-

332 969 391 1007 dit
419 969 673 1020 versavitque
710 981 794 1009 eum
835 969 1034 1009 Sirmondi
1063 983 1120 1009 ms
1158 971 1274 1010 Henr.
1306 971 1512 1021 Valesius,
1540 973 1654 1011 sicuti
1681 973 1762 1012 ad.

333 1023 526 1062 Ammian.
555 1026 605 1062 31
637 1026 687 1062 11
716 1024 933 1075 profitetur,
963 1024 1066 1063 haud
1102 1025 1266 1064 obscure
1296 1025 1473 1076 plurimis
1514 1038 1599 1065 eum
1626 1026 1734 1065 vitiis

334 1076 501 1115 obsitum
528 1077 680 1115 fuisse
670 1088 851 1116 innuens.
909 1078 1058 1117 demum
1096 1079 1141 1117 L.
1170 1078 1386 1117 Holsteinio
1414 1079 1518 1119 bona
1545 1080 1735 1130 quaedam

332 1131 495 1169 fortuna
523 1131 656 1181 plures
682 1143 801 1170 manu
830 1136 1016 1171 exaratos
1045 1132 1210 1181 codices,
1235 1133 1470 1172 Vaticanum
1497 1132 1734 1184 Altempsia-

331 1195 423 1230 num
450 1187 490 1222 et
503 1184 779 1232 Farnesianos,
808 1185 960 1231 obtulit,
993 1196 1155 1235 quorum
1183 1197 1257 1235 ope
1273 1189 1487 1224 correctum
1515 1190 1554 1224 et
1576 1190 1628 1225 14
1643 1197 1736 1236 pro·

331 1237 473 1277 vinciis
503 1238 716 1276 auctiorem
745 1237 1027 1286 Synecdemum
1065 1241 1224 1289 praeter
1261 1238 1342 1277 alia
1369 1238 1659 1290 Geographica„
1687 1240 1736 1278 de

333 1291 472 1343 quihus
498 1291 728 1330 Lambecius
756 1291 856 1330 Bibl.
887 1291 1048 1330 Caesar.
1083 1291 1109 1330 l.
1138 1295 1164 1330 6
1200 1303 1237 1342 p.
1266 1294 1356 1338 268,
1392 1293 1560 1344 vulgare
1586 1305 1735 1344 propo-

331 1348 490 1392 suerat3
523 1344 660 1396 quibus
693 1345 919 1391 conatibus,
948 1357 997 1383 ne
1026 1346 1186 1397 egregie
1223 1345 1395 1384 inchoati
1422 1346 1735 1394 absolverentur,

332 1410 418 1437 cum
451 1398 527 1436 viri
555 1398 883 1449 praestantissimi
910 1398 1041 1438 fatum=
1059 1399 1287 1447 obstitisset,
1317 1399 1469 1438 latuere
1485 1400 1550 1438 diu
1577 1400 1618 1439 in
1636 1399 1735 1439 Bar-

331 1451 472 1493 berina
499 1452 736 1491 bibliotheca
773 1452 963 1501 schedae,
999 1452 1123 1491 donec
1163 1453 1391 1491 Emmanuel
1417 1452 1735 1493 Schelstratenus

333 1505 426 1545 inde
454 1509 587 1545 erutas
616 1505 861 1556 publicaret,
891 1510 930 1544 et
958 1505 1089 1556 Antiq.
1120 1506 1345 1545 Ecclesiast.
1371 1510 1398 1544 t.
1412 1510 1450 1545 2.
1481 1510 1613 1558 p.689
1641 1507 1734 1546 Hie«

332 1560 479 1598 roclem
509 1560 645 1609 variis,
674 1571 774 1611 quae
800 1564 1004 1609 vocantur,
1032 1559 1263 1599 lectionibus
1291 1564 1330 1598 et
1354 1560 1498 1600 Latina
1525 1560 1734 1600 Holsteinii

332 1613 515 1652 versione
546 1613 775 1652 instructum
802 1614 1005 1654 insereret.
1060 1618 1150 1663 post
1174 1613 1315 1652 deinde
1346 1613 1553 1653 Anselmus
1579 1614 1737 1654 Bandu-

332 1667 415 1706 rius
454 1666 615 1717 dignum
657 1667 809 1705 censuit
850 1668 916 1719 qui
954 1667 1123 1706 indidem
1156 1671 1328 1718 sumptus
1364 1671 1507 1707 tomum
1533 1668 1551 1706 1
1579 1668 1737 1720 Imperii

334 1720 548 1759 orientalis
575 1732 613 1771 p.
643 1724 694 1759 31
736 1726 910 1760 ornaret.
965 1734 1037 1760 nos
1077 1721 1257 1772 quoniam
1298 1733 1381 1772 spe‘
1417 1721 1554 1772 scripti
1592 1722 1738 1761 codicis

335 1774 561 1824 excidimus,
590 1786 659 1813 eas
689 1774 879 1813 editiones
916 1774 1213 1823 contendemus,
1244 1777 1283 1812 et
1310 1787 1360 1814 ex
1385 1786 1465 1813 mss
1493 1775 1738 1814 variantibus

335 1827 541 1878 seripturis
582 1828 672 1867 illas
699 1839 800 1879 quae
829 1829 1005 1867 veriores
1044 1833 1113 1868 aut
1139 1829 1299 1879 propius
1324 1841 1350 1867 a
1376 1832 1484 1867 recto
1513 1829 1740 1868 recedentes

256 1889 322 1922 630
335 1881 568 1922 videbuntur
591 1881 922 1933 amplexabimur,
951 1882 1124 1934 reliquis,
1152 1887 1195 1920 ut
1230 1881 1465 1922 diiudicandi
1492 1883 1663 1922 facultas
1689 1894 1739 1921 ne

337 1936 553 1985 auferatur,
581 1947 651 1974 suo
680 1936 769 1974 loco
795 1936 1017 1987 adscriptis,
1071 1935 1252 1976 Latinam
1279 1936 1509 1985 versionem,
1536 1936 1639 1987 quod
1666 1948 1739 1974 no-

336 1989 442 2028 mina
470 1989 623 2027 urbium
656 2001 704 2028 ea
733 2001 870 2028 carere
897 1993 1070 2041 possent,
1099 1995 1138 2028 et
1165 2001 1214 2028 ne
1244 1994 1404 2040 praeter
1429 2001 1512 2028 rem
1538 1989 1631 2029 libri
1658 2001 1739 2028 mo-

337 2045 397 2082 les
425 2043 682 2092 incresceret,
721 2043 939 2083 recidimus.
996 2044 1118 2082 habes
1162 2043 1329 2082 instituti
1363 2042 1584 2091 ratihnem3
1622 2054 1738 2094 quam

339 2097 372 2136 si
402 2096 539 2135 harum
575 2108 706 2135 rerum
742 2097 882 2148 peritis
907 2097 1142 2158 probavero,
1184 2097 1280 2136 satis
1308 2097 1467 2136 uberem
1494 2096 1652 2148 vigilati
1678 2097 1740 2136 la-

340 2150 448 2190 boris
479 2151 646 2189 fructum
674 2162 735 2189 me
762 2152 983 2213 percepisse
1011 2150 1250 2190 arbitrabor.

445 2204 551 2242 Haec
576 2204 831 2266 scripseram,
860 2205 1013 2256 iamque
1054 2204 1103 2243 ad
1133 2216 1226 2255 pag.
1256 2207 1350 2244 673.
1381 2204 1627 2252 deveneram,
1656 2215 1741 2242 cum

342 2256 434 2296 mihi
461 2257 745 2296 officiosissime
764 2258 827 2296 vir
844 2258 1082 2297 clarissimus
1096 2257 1551 2309 Sigeh.}1avercampus
1562 2258 1675 2299 ΤΑ,-
1648 2252 1748 2294 'HN

343 2309 793 2348 ΠΡΟΚΑΘΕΔΡΑΣ
819 2309 1330 2362 MHTPOHOAITQN,
1367 2323 1418 2351 ex
1452 2324 1510 2350 ms
1536 2311 1743 2350 Bonaven-

343 2367 458 2402 turae
486 2365 665 2404 Vulcanii
711 2370 956 2416 excerptam
995 2365 1291 2404 transmitteret.
1347 2364 1564 2416 suspicatus
1592 2365 1744 2403 fueram

345 2428 397 2457 ex
426 2418 592 2479 quadam
625 2418 1012 2458 Cl.1ac.Gronovii
1050 2422 1140 2469 post
1166 2418 1340 2458 Berkelii
1379 2418 1619 2470 Stephanum
1649 2421 1744 2456 nota

346 2482 434 2510 eam
471 2467 580 2517 τάξιν
620 2475 689 2511 aut
727 2476 878 2524 partem
915 2484 1001 2511 esse
1036 2472 1267 2521 Synecdemi
1308 2476 1378 2512 aut
1407 2477 1513 2511 certe
1539 2473 1579 2511 in
1609 2472 1744 2510 eodem

347 2524 482 2563 codice
513 2525 795 2573 Synecdemum
822 2526 1020 2574 lectitari;
1055 2538 1180 2577 neque
1219 2538 1323 2566 vana
1363 2538 1411 2566 ea
1441 2526 1515 2565 fuit
1552 2525 1743 2585 suspicio:

348 2589 512 2629 prorsus
539 2578 639 2617 enim
670 2580 839 2632 integer,
864 2580 936 2619 etsi
964 2581 1049 2619 siue
1078 2580 1269 2619 Hieroclis
1303 2580 1470 2627 nomine,
1495 2577 1744 2629 conspicitur,

349 2632 466 2671 titulo
494 2633 738 2685 praescripto
782 2645 893 2686 quem
929 2637 968 2673 et
995 2634 1088 2686 Imp.
1116 2633 1395 2677 Constantinus
1435 2634 1462 2674 l.
1489 2637 1516 2672 2
1553 2633 1687 2672 Them.
1719 2635 1742 2669 1
