1780 3132
244 143 299 183 ΙΝ
326 139 683 182 CONSTANTINI
708 140 903 181 PORPH.
931 140 1033 179 Lm..
1055 139 1126 179 DE
1151 137 1282 178 ΑΒΜ.
1305 137 1416 194 111511).
1458 133 1549 176 371

124 249 194 302 qui
224 249 378 289 scilicet
395 249 437 289 in
454 248 581 288 variis
607 248 837 289 ministeriis
861 247 1130 298 subserviunt,
1159 242 1431 296 ὑπουργοῦσι,
1460 254 1558 296 quo-

126 304 244 344 modo
271 303 376 343 banc
402 316 541 344 vocem
571 304 690 344 etiam
721 309 890 356 usurpat
918 301 1290 354 porphyrogenitus
1315 300 1358 340 in
1385 300 1560 339 Novella

125 362 168 408 8,
199 362 239 398 et
266 358 585 411 Harmenopulus
612 360 640 398 l.
661 363 684 398 1
714 359 775 399 tit.
795 361 823 398 5
850 357 933 409 §3.
991 357 1181 397 eiusmodi
1207 361 1340 396 autem
1366 354 1560 394 ministris

126 418 316 466 praeerat
341 414 591 461 domesticus,
621 414 688 466 qui
706 412 948 461 δομέστικος
977 411 1050 462 τῆς
1076 407 1307 462 ὑπουργίας
1339 409 1560 458 dicebatur,

126 472 172 508 ut
199 469 316 508 docet
359 469 424 507 hic
449 470 624 521 scriptor
660 472 810 508 noster.
879 468 950 508 sed
995 468 1045 507 de
1089 479 1188 506 voce
1227 462 1436 516 ὑπουργία
1468 464 1562 503 vide

126 523 316 619 {omanem
344 523 630 564 Euchaitarum
658 522 954 575 metropolitam
982 535 1020 575 p.
1050 524 1106 561 ¹70
1134 526 1176 561 et
1201 520 1435 561 Chronicou
1461 519 1563 560 Ale-

126 590 210 619 xan
239 591 381 620 rmum.

237 646 332 696 185,
353 650 418 686 11.
473 646 534 685 De
552 644 727 685 Barbari
753 645 890 693 domo,
930 656 1045 696 quam
1066 643 1138 683 sub
1166 642 1432 683 Constantino
1464 642 1564 682 Por-

129 700 398 753 phyrogenito
425 700 658 752 possidebat
670 700 843 740 Basilius
863 699 1033 738 cubiculi
1059 699 1326 750 praepositus,
1348 697 1441 737 vide
1461 710 1565 750 quae

127 754 347 796 comment.
378 756 407 796 l.
427 760 451 794 1
482 755 714 795 monuimus.
772 755 890 794 huius
911 759 1040 793 autem
1057 753 1195 793 Basilii
1214 752 1455 793 accubitoris
1484 764 1566 791 me-

129 810 244 851 minit
271 811 390 851 etiam
421 811 531 850 infra
558 810 929 863 Porphyrogenitus
957 821 990 850 c.
1020 811 1095 860 50,
1138 814 1177 847 et
1206 808 1394 848 Zonaras
1424 807 1465 847 in
1498 819 1566 846 eo-

129 865 219 906 dem
249 865 432 918 Augusto
460 866 489 906 l.
517 869 571 906 16
597 879 636 918 p.
668 869 761 906 193.

239 929 350 972 Ibid.
388 935 456 971 22.
523 929 872 982 χρυσοβουλλιόυ]
911 930 1047 970 bullae
1074 930 1361 982 imperatorum
1389 928 1569 981 Cpolita-

129 998 273 1027 norum
300 999 450 1027 aureae
474 990 696 1038 argenteae
730 998 876 1026 aereae
916 998 965 1025 ac
995 985 1207 1038 plumbeae
1237 989 1366 1024 erant.
1422 984 1494 1024 sed
1521 985 1571 1023 de

131 1041 208 1081 bac
233 1053 280 1081 re
307 1042 488 1094 pluribus
510 1042 742 1094 nucangius
773 1041 813 1081 in
838 1041 978 1087 Gloss„
1005 1046 1046 1080 et
1074 1040 1193 1093 etiam
1218 1039 1305 1079 alii.

240 1111 333 1158 190,
362 1110 428 1148 20.
484 1106 560 1146 τοῦ
602 1106 847 1156 Ψωμαθέως
883 1102 958 1155 τήν
985 1103 1132 1155 μονήν]
1174 1105 1250 1144 hoc
1284 1105 1571 1145 manasterium

128 1162 290 1203 videtur
312 1163 372 1203 ita
398 1166 683 1215 nuncupatum,
714 1162 818 1214 quod
852 1161 1008 1201 steterit
1036 1161 1088 1201 ad
1116 1165 1275 1213 portam
1304 1160 1480 1200 Psamati
1508 1160 1574 1200 vel

128 1218 482 1314 {saubassealimade
510 1229 590 1271 qua
619 1217 777 1270 quidem
805 1216 987 1269 pluribus
1013 1227 1137 1269 supra
1165 1214 1384 1256 comment.
1415 1215 1458 1256 in
1484 1215 1573 1255 An-

148 1284 203 1326 ις.
298 1305 309 1314 .
359 1301 370 1310 .

241 1342 335 1389 191,
351 1342 418 1380 13.
474 1339 554 1379 Pro
570 1338 829 1379 Mantziciert
859 1336 1131 1390 Curopalatae
1161 1337 1309 1377 dicitur
1335 1336 1575 1377 Marziciert

130 1395 244 1447 locus
270 1395 314 1435 iu
338 1394 613 1447 Baaspracan,
641 1399 682 1433 et
709 1393 920 1434 Matzicier
948 1393 1030 1433 alio
1057 1393 1101 1433 iu
1138 1393 1230 1432 loco
1259 1392 1366 1445 apud
1394 1392 1575 1443 eundem,

131 1448 316 1491 cedreno
344 1462 444 1490 vero
472 1448 778 1500 Μαυρικιέργε.

238 1514 349 1558 Ibid.
369 1518 436 1556 14.
490 1513 567 1553 τοῦ
593 1513 762 1566 Περκρί
797 1513 871 1553 καί
904 1513 979 1552 τοῦ
1009 1507 1167 1562 Χλιὰτ]
1206 1513 1265 1554 sic
1291 1513 1334 1553 in
1364 1525 1423 1553 ms
1452 1513 1579 1553 habe-

131 1575 211 1622 tur,
240 1576 282 1611 et
311 1572 371 1612 ita
400 1570 618 1624 legendum
645 1582 734 1609 esse
765 1570 973 1623 sequentia
1010 1569 1192 1610 suadent.
1251 1567 1434 1609 Percn‘s
1463 1567 1577 1621 oppi-

129 1627 224 1667 dum
249 1626 499 1676 Babyloniae
528 1625 752 1678 proximum
795 1625 1170 1678 apumcffllrenum,
1200 1621 1350 1665 Chliat
1379 1636 1478 1663 vero
1505 1636 1578 1676 op-

132 1682 271 1735 pidum
297 1682 408 1722 circa
437 1681 666 1721 Armeniam
696 1680 983 1734 Curopolatae‚
1013 1684 1053 1719 et
1081 1679 1266 1720 Cedreno
1296 1676 1467 1719 Chleat.

239 1744 349 1789 Ibid.
395 1738 569 1800 ”Λρζες]
598 1738 759 1797 Ἀρτζη
810 1746 999 1786 scribitur
1039 1745 1337 1797 Curopalatae‚
1378 1744 1577 1797 hodieque

134 1799 368 1843 Artzerum
395 1806 565 1842 vocatur
595 1805 635 1841 et
662 1813 687 1841 a
716 1801 861 1841 Turcis
889 1798 1023 1848 Rum,
1052 1805 1097 1840 ut
1127 1800 1267 1840 scribit
1294 1799 1579 1840 Leuuclavius.

131 1857 216 1898 sita
244 1861 306 1897 est
332 1857 384 1897 ad
411 1856 626 1898 Armeniae
656 1859 696 1896 et
725 1855 1006 1909 Cappadociae
1034 1856 1146 1895 fines.

155 1974 158 1978 .
238 1921 348 1964 Ibid.
371 1924 437 1964 15.
498 1920 625 1975 Τιβῆ]
661 1921 827 1963 Tibium
847 1922 1032 1974 oppidum
1065 1921 1174 1960 circa
1187 1919 1420 1960 Armeniam
1446 1919 1578 1961 maio-

133 1989 219 2019 rem
246 1978 407 2019 videtur
435 1977 542 2030 apud
568 1977 791 2018 Cedrenum
825 1982 866 2017 et
891 1977 1191 2028 Curopalatem.

244 2037 337 2085 192,
367 2037 407 2075 2.
463 2027 599 2083 Κόρς]
642 2034 740 2073 urbs
776 2032 1101 2081 Persarmeniae‚
1142 2028 1284 2071 Carse
1322 2028 1520 2074 Cedreno>
1539 2034 1581 2069 et

133 2087 418 2142 Curopalatae.
477 2100 583 2128 nunc
610 2085 749 2139 cars,
790 2092 835 2128 ut
861 2092 978 2140 putat
1005 2086 1287 2126 Leunclavius.

153 2192 157 2196 .
242 2152 351 2196 Ibid.
382 2159 422 2195 6.
479 2152 555 2192 τοῦ
596 2150 834 2204 Συμβατίου
874 2152 949 2191 τοῦ
990 2145 1193 2203 ἄρχοντος
1232 2149 1313 2191 τῶν
1347 2147 1577 2203 ἀρχόντων]

134 2209 195 2249 sic
208 2222 281 2251 ms,
338 2211 453 2250 locus
482 2210 645 2250 mutilus
674 2210 714 2249 in
742 2209 876 2250 editis.

239 2273 348 2316 lbid.
371 2279 411 2315 7.
441 2270 688 2325 Ἀπελβάρτ]
712 2275 777 2315 hic
796 2275 915 2315 etiam
929 2274 1122 2315 tabellam
1142 2271 1447 2326 genealogicam
1460 2271 1578 2311 Ame-

97 2380 103 2384 .
132 2342 270 2370 rarum
301 2330 562 2371 Mantziciert
598 2330 774 2371 adiicere
804 2330 932 2371 visum
971 2335 1054 2381 est,
1096 2341 1174 2382 quo
1217 2329 1294 2369 hoc
1323 2325 1579 2368 Constantini

133 2389 254 2437 caput
280 2385 520 2426 illustretur.
