1780 3132
223 195 285 238 52
484 189 848 236 CONSTANTINI
883 187 1372 233 PORPHYROGENITI

219 305 426 358 Λεωνίδης
453 304 593 351 ε’κεῖνος
620 301 640 342 ὅ
658 297 977 353 Λακεδαιμόνιος
1003 299 1102 351 μετὰ
1128 298 1359 354 τριακοσίων
1379 299 1641 352 στρατιωτῶν

221 371 382 425 ἀντέστη
400 368 531 425 Ξέρξῃ
548 373 602 425 τῷ
620 372 698 409 τῶν
715 369 884 423 Περσῶν
901 369 1067 419 βασιλεῖ.
1131 367 1196 407 καὶ
1213 368 1386 406 τοσαῦτα
1413 364 1483 416 μὲν
1503 361 1529 415 ἦ
1541 361 1641 404 ζΕλ-

220 437 292 486 λὰς
313 437 413 479 κατὰ
435 436 501 477 τὸν
521 434 732 491 Ἱεροκλέα.

642 554 780 592 ’Έκτον
809 554 908 599 θὲμα
930 553 1215 599 Πελοπόννησος.

361 628 563 686 Κόρινθος
583 629 610 683 ἥ
628 646 722 671 ποτε
739 627 901 684 Ἔφύρα
911 659 924 678 ,
955 625 1195 682 μητρόπολις
1215 624 1343 679 πάσης
1355 622 1553 675 εΕλλάδος
1575 626 1672 666 καὶὸ

229 694 350 749 αὐτῆς
367 695 693 749 Πελοποννήσου,
726 695 921 737 τουτέστιν
946 694 1125 747 Ἀχαΐας·
1161 693 1197 734 οἳ
1229 693 1304 748 γὰρ
1330 691 1522 745 εΡωμαῖόι
1549 691 1642 740 τοὺς

226 762 299 815 τὴν
319 762 622 816 Πελοπόννησον
644 765 845 811 οῗκοῦντας
862 760 1042 813 Ἀχαιοὺς
1063 758 1329 812 ὀνομάζουσιν.
1375 758 1456 800 ἔστι
1475 759 1517 799 δὲ
1532 762 1641 799 πᾶσα

225 826 250 881 ἦ
279 833 399 882 νῆσος
426 828 501 870 ὑπὸ
533 828 586 870 ἑνὶ
614 832 820 884 στρατηγῷ
841 827 1051 881 τεταγμένη
1063 857 1076 876 ,
1118 824 1249 874 πόλεις
1269 824 1413 878 ἔχουσα
1427 823 1484 879 μ’,
1521 826 1562 874 ἐξ
1587 818 1641 867 ὧν

225 896 321 936 εἰσὶν
342 896 521 949 ἐπίσημοι
540 894 742 951 Κόρινθος
757 892 1020 949 μητρόπολις,
1055 891 1220 943 Σικυών,
1243 891 1403 947 Ἄργος,
1431 893 1640 933 Λακεδαι-

221 962 339 1013 μονιά
358 967 428 1015 τῆς
449 964 710 1015 Λακωνικῆς,
745 960 770 1014 ἦ
792 962 882 1014 πρὶν
902 958 1088 1014 Σπάρτη,
1122 957 1234 1014 ἑτέρα
1251 957 1490 1013 μητρόπολις
1512 958 1554 999 αἶ
1575 961 1638 998 λε·
1651 962 1694 996 10

221 1025 382 1081 γόμεναι
401 1027 576 1081 Πάτραι.
644 1027 669 1081 ἡ
691 1029 732 1069 δὲ
749 1025 1050 1078 Πελοπόννησος
1076 1031 1179 1078 τρεῖς
1205 1025 1280 1077 ἔχει
1309 1027 1548 1078 ἐπωνυμίας,
1588 1022 1643 1073 ὥς

221 1092 421 1143 Νικόλαος
451 1093 470 1135 ὅ
501 1095 768 1147 Δαμασκηνὸς
799 1091 942 1148 γράφει
966 1093 1006 1132 ἐν
1034 1090 1198 1146 τετάρτῃ
1225 1091 1389 1149 ἱστορίᾳ.
1462 1091 1643 1145 μέγιστον

223 1154 293 1200 οὖν
312 1165 390 1201 τῶν
413 1159 499 1202 τότε
522 1161 656 1214 ἴσχυον
679 1161 714 1201 οἶ
731 1161 973 1209 Πελοπίδαι,
1017 1159 1081 1199 καὶ
1108 1156 1133 1209 ἡ
1157 1156 1460 1211 Πελοπόννησος
1483 1159 1537 1206 εἷς
1567 1156 1642 1198 αὗ-

221 1226 314 1275 τοὺς
336 1225 501 1282 ἀφεώρα
511 1259 523 1277 ,
566 1230 629 1268 καὶ
659 1227 754 1268 αὐτὸ
781 1225 955 1278 τοῦνομα
981 1225 1125 1277 ἔχουσα
1150 1223 1221 1264 ἀπ’
1246 1225 1410 1274 ἐκείνων,
1443 1231 1547 1278 τρεῖς
1562 1221 1640 1276 ἤδη

221 1291 411 1348 πρότερον
428 1292 632 1342 ἀλλάξασα
646 1294 717 1342 τὰς
733 1293 952 1344 ἐπωνυμίας
963 1305 973 1314 ·
1002 1292 1062 1332 ἐπὶ
1082 1291 1153 1342 μὲν
1170 1290 1245 1345 γὰρ
1261 1290 1396 1330 Ἀπίου
1415 1294 1487 1332 τοῦ
1498 1292 1641 1344 Φορω-
1653 1294 1694 1328 15

222 1359 318 1407 νέως
337 1361 507 1401 ἐκαλεῖτο
522 1359 648 1413 Ἀπίη,
679 1361 739 1400 ἐπὶ
760 1360 803 1400 δὲ
821 1361 1033 1412 Πελασγοῦ
1051 1361 1123 1398 τοῦ
1150 1354 1395 1408 αὐτόχθονος
1423 1356 1642 1410 Πελασγία,

223 1424 284 1464 ε’πὶ
304 1426 346 1466 δὲ
359 1425 501 1480 Ἄργου
521 1428 585 1467 καὶ
604 1426 703 1480 αὕτη
725 1423 941 1478 ὁμωνύμως
959 1425 1129 1464 ἐκαλεῖτο
1148 1421 1300 1477 Ἄργος.
1366 1423 1427 1463 ἐπὶ
1448 1423 1490 1463 δὲ
1506 1423 1642 1464 Πέλο-

222 1507 296 1540 πος
326 1496 396 1533 τοῦ
428 1492 497 1532 τὸν
525 1492 723 1545 Οἲνόμαον
751 1490 979 1544 νικήσαντος
1007 1487 1310 1542 Πελοπόννησος
1339 1487 1426 1542 ἴσχε
1450 1494 1566 1531 τοῦτο
1595 1488 1640 1529 τὸ

221 1555 356 1612 κύριον
386 1557 524 1611 ὄνομα.
592 1559 672 1600 ἔστι
704 1559 746 1599 δὲ
770 1556 1008 1612 χερρόνησος
1036 1556 1213 1608 ἀμπέλου
1237 1554 1374 1612 φύλλῳ
1395 1559 1451 1612 τῷ
1470 1553 1642 1609 σχήματι

221 1623 489 1681 παρεμφερής.
556 1623 767 1674 Διονύσιος
796 1625 839 1666 δὲ
863 1622 1061 1665 πλατάνου
1092 1620 1229 1678 φύλλῳ
1261 1620 1477 1673 ἀπεικάζει,
1519 1622 1695 1677 λέγων20

221 1689 348 1740 οὕτως
369 1689 577 1745 αεἰδομένη
604 1689 815 1734 πλατάνοιο
842 1691 1087 1746 μυουρίζοντι
1115 1687 1312 1746 πετήλῳ.”
1382 1691 1470 1745 περὶ
1501 1689 1543 1731 δὲ
1573 1687 1642 1731 τὸν

310 1816 349 1850 11
376 1812 428 1855 αἷς
452 1815 501 1849 C:
525 1817 625 1861 vulgo
650 1815 702 1855 οἷς
725 1813 745 1850 ὅ

222 1924 508 1960 Lacedaemonius
547 1937 619 1959 cum
657 1924 820 1958 trecentis
853 1923 1015 1957 militibus
1048 1924 1180 1959 obstitit
1209 1924 1316 1958 Xerxi
1343 1925 1524 1959 Persarum
1553 1923 1641 1969 regi.

221 1974 325 2014 atque
349 1970 433 2004 haec
456 1975 535 2004 sunt
557 1981 645 2014 quae
669 1969 884 2003 continentur
905 1969 940 2002 iu
963 1969 1119 2014 Hellade,
1142 1975 1180 2003 ut
1201 1970 1321 2004 scribit
1340 1969 1530 2004 Hierocles.

640 2079 786 2112 Sextum
817 2079 933 2112 thema
965 2078 1232 2122 Peloponnesus.

309 2143 518 2186 Corinthus,
544 2145 621 2178 olim
643 2145 790 2189 Ephyra
809 2149 1017 2189 nuncupata,
1054 2145 1246 2188 metropolis
1273 2150 1326 2179 est
1349 2145 1454 2179 totius
1479 2144 1642 2179 Hellados

218 2191 322 2232 atquo
353 2189 460 2233 ipsius
492 2189 737 2233 Peloponnesi,
769 2190 833 2222 hoc
865 2195 916 2222 est
946 2189 1110 2222 Achaiae:
1149 2201 1221 2223 nam
1251 2190 1393 2223 Romani
1416 2189 1643 2234 Peloponnesi

216 2232 346 2266 incolas
369 2233 521 2266 Achaeos
546 2235 728 2279 appellant.
789 2239 842 2267 est
864 2240 974 2268 autem
998 2234 1157 2267 universa
1179 2234 1287 2268 insula
1310 2236 1372 2268 sub
1395 2245 1462 2267 uno
1486 2240 1644 2279 praetore

219 2277 419 2320 constituta,
443 2284 476 2311 et
501 2280 602 2312 urbes
624 2281 668 2312 40
690 2278 863 2319 continet;
889 2290 930 2312 ex
954 2278 1076 2322 quibus
1099 2279 1247 2322 insignes
1266 2279 1450 2312 Corinthus
1472 2285 1642 2324 metropo-

219 2321 275 2364 lis,
306 2321 448 2365 Sicyon,
480 2323 606 2367 Argus,
639 2323 909 2356 Lacedaemonia
931 2322 1139 2365 Laconicae,
1165 2335 1252 2367 quae
1279 2329 1379 2357 antea
1401 2324 1527 2368 Sparta
1547 2323 1642 2358 dice-

220 2367 336 2409 batur,
371 2367 439 2399 alia
462 2366 657 2411 metropolis
681 2369 806 2401 Patrae
830 2374 1032 2412 nuncupata.
1078 2368 1328 2412 Peloponnesus
1352 2374 1462 2402 autem
1486 2374 1556 2403 tres
1579 2380 1644 2413 ap-

219 2410 418 2454 pellationes
442 2411 592 2454 obtinet,
626 2417 663 2445 ut
685 2412 850 2445 Nicolaus
872 2413 1097 2445 Damascenus
1120 2413 1238 2446 scribit
1261 2413 1296 2446 in
1319 2413 1341 2446 4
1361 2413 1482 2447 histor.
1526 2413 1643 2458 itaque

218 2454 363 2489 maxime
386 2455 477 2489 inter
499 2456 588 2493 illius
612 2457 775 2500 temporis
800 2457 970 2500 principes
991 2457 1174 2501 Pelopidae
1195 2457 1385 2501 pollebant3
1409 2469 1450 2491 ac
1472 2458 1641 2503 Pelopon-

219 2510 320 2532 nesus
343 2500 436 2543 ipsos
457 2503 635 2544 spectabat
658 2507 693 2534 et
715 2503 758 2534 ab
778 2501 865 2544 ipsis
887 2513 1006 2535 nomen
1030 2512 1124 2535 suum
1144 2503 1324 2545 retinebat,
1350 2514 1421 2536 cum
1444 2502 1553 2537 tribus
1576 2503 1641 2535 iam

219 2548 320 2578 antea
344 2545 533 2578 nominibus
556 2545 724 2590 appellata
747 2546 886 2588 suisset,
919 2546 1083 2590 siquidem
1105 2548 1167 2580 sub
1188 2547 1276 2592 Apio
1300 2547 1471 2581 Phoronei
1493 2547 1563 2580 filio
1587 2546 1640 2579 di-

218 2589 362 2622 cebatur
383 2589 482 2633 Apia,
508 2591 571 2624 sub
596 2590 737 2634 Pelasgo
760 2590 920 2634 indigena
939 2591 1113 2634 Pelasgia,
1150 2593 1213 2625 sub
1235 2593 1328 2635 Argo
1352 2592 1452 2626 etiam
1477 2591 1552 2635 ipsa
1573 2590 1640 2624 Ar-

216 2644 279 2678 gos
303 2633 495 2667 dicebatur:
521 2634 666 2678 denique
690 2636 752 2668 sub
775 2634 915 2679 Pelope,
946 2636 1005 2679 qui
1027 2636 1230 2670 Oenomaum
1252 2636 1398 2680 vicerat,
1428 2636 1640 2680 Peloponne-

217 2688 275 2711 sus
298 2678 471 2723 proprium
495 2679 559 2711 hoc
581 2690 702 2713 nomen
725 2679 924 2716 vindicavit.
979 2685 1031 2714 est
1055 2686 1163 2714 autem
1188 2682 1420 2715 Cherronesus
1443 2680 1523 2715 vitis
1547 2691 1640 2725 pam-

218 2721 298 2766 pino
322 2723 432 2767 figura
457 2722 657 2766 persimilis:
680 2723 867 2767 Dionysius
889 2729 1002 2758 tamen
1026 2724 1151 2770 platani
1167 2725 1249 2759 folio
1265 2726 1533 2770 Peloponnesum
1549 2735 1640 2758 com-

216 2770 336 2813 parat,
369 2766 435 2802 hoc
456 2779 559 2803 versu
579 2765 783 2814 “persimilis
805 2768 933 2814 platani
954 2769 1057 2813 folio,
1080 2770 1133 2804 cui
1158 2771 1271 2814 cuspis
1294 2776 1394 2805 acuta
1419 2767 1506 2806 est.'’
1549 2769 1641 2804 circa
