1780 3132
294 130 388 178 470
819 145 1161 184 WESSELJNGH

293 248 353 288 ibi
378 249 597 300 redditur,
625 255 747 291 ortus
789 263 844 291 ac
872 252 1018 303 paullo
1045 265 1146 293 mox
1187 255 1392 307 conditus,
1419 255 1489 296 ubi
1515 261 1696 299 certavit

296 302 493 343 tibiarum
520 308 649 343 cantu
665 317 758 344 cum
776 303 986 357 Apolline,
1001 304 1277 348 Aulocrenis:
1302 311 1365 349 ita
1394 314 1571 351 vocatur
1599 323 1699 351 con-

294 357 423 396 vallis
452 357 595 397 decem
623 358 726 398 mill.
769 371 972 410 passuum
1000 359 1051 399 ab
1078 359 1260 412 Apamia
1300 360 1521 415 Pliryyiam
1548 369 1692 417 peten-

291 410 415 450 tibus.
446 415 485 449 et
515 415 566 449 16
595 414 658 450 43.
723 414 834 452 favet
872 414 1083 465 suspicioni
1115 416 1280 467 Aquilas
1323 417 1526 468 episcopus
1554 417 1694 456 Αὖλο-

290 463 420 511 κρῶν,
448 465 516 515 qui
544 465 649 504 inter
684 466 883 518 Phrygiae
910 468 1111 508 Salutaris
1150 470 1356 520 praesules
1384 470 1620 512 Chalcedon.
1653 485 1691 522 p.

290 520 369 556 400
398 530 538 556 nomen
570 531 680 558 suum
704 522 922 571 profitetur.
982 521 1073 574 quia
1099 527 1228 562 tamen
1252 522 1502 572 Αὕροκλέων
1543 538 1583 576 p,
1601 529 1692 565 246.

289 570 444 618 dicitur,
473 571 572 611 nihil
591 573 846 615 decreverim.
866 576 905 616 id
926 576 1084 626 addam,
1111 577 1152 616 in
1173 577 1402 630 Geograph.
1420 577 1551 618 Sacra
1578 592 1697 632 prae-

289 624 400 664 teriri
426 624 531 664 haud
561 627 755 668 debuisse.

392 691 487 737 395,
513 694 553 730 8.
622 689 751 741 δῆμον
786 684 1069 740 Ἆλαμασσοῦ]
1108 694 1147 734 in
1189 695 1355 735 concilio
1384 695 1696 736 Chalcedonensi

288 742 371 781 eius
397 743 603 796 episcopus
625 751 876 795 memoratur,
905 748 1122 800 diciturque
1139 744 1253 792 πόλις
1282 746 1530 800 Ἀμαδᾰσση
1547 763 1585 802 p.
1601 754 1696 800 6¹73,

287 800 326 834 et
366 796 404 836 in
435 797 735 850 constantinop.
775 801 946 839 secundo
988 805 1123 853 p.244
1153 802 1296 843 civitas
1323 803 1694 844 Amadassenorum·

285 850 431 890 rectius
461 852 594 904 itaque
625 851 753 903 δῆμος
780 851 1063 906 ’Λμαόάσσης.
1604 879 1607 884 ›

391 914 499 957 Ibid.
564 912 697 967 δήμου
741 918 1010 969 Προπνιάσα]
1057 921 1161 959 forte
1205 918 1331 970 δῆμος
1373 920 1692 970 Πραιπὲνισσος.

285 969 572 1021 Praepenissus
588 975 648 1010 est
665 971 770 1010 inter
798 971 999 1024 Phrygiae
1015 974 1132 1013 urbes
1161 975 1266 1025 apud
1293 975 1571 1023 Ptolemaeum,
1601 975 1693 1014 sub-

285 1023 499 1077 scribitque
534 1025 731 1064 Auxanon
768 1020 922 1069 πὸλεως
960 1027 1277 1077 Πραιπενίσσου
1317 1028 1628 1068 Chalcedonensi
1654 1040 1692 1079 p.

282 1080 376 1116 6⁸73.
432 1079 537 1131 quod
568 1091 663 1118 vero
693 1079 754 1118 his
782 1080 899 1130 pagis
918 1080 1091 1133 episcopi
1118 1081 1266 1121 fuerint
1291 1082 1475 1133 impositi,
1502 1081 1544 1122 id
1571 1094 1693 1134 argu-

282 1135 414 1170 mento
446 1137 507 1171 est
547 1133 668 1172 fuisse
695 1130 944 1180 κωμοπόλεις
973 1135 1059 1173 sive
1093 1136 1246 1187 amplos
1275 1140 1316 1175 et
1341 1135 1482 1176 civium
1511 1137 1696 1188 frequen-
1743 1136 1746 1139 “

280 1185 340 1224 tia
366 1186 542 1226 celebres
571 1199 712 1238 pagos,
739 1187 841 1226 unde
869 1192 909 1225 et
937 1185 1071 1233 πόλεις
1098 1189 1411 1230 chalcedonensi
1437 1190 1603 1230 concilio
1633 1189 1692 1228 di-

283 1242 436 1280 cuntur.
509 1241 709 1293 ceteroqui
746 1253 917 1281 canones
954 1255 1061 1294 pago
1103 1247 1172 1282 aut
1207 1255 1358 1294 parvae
1398 1244 1508 1294 urbi,
1536 1243 1598 1283 cui
1626 1243 1692 1282 vcl

283 1305 384 1332 unus
411 1295 619 1346 presbyter
646 1295 855 1343 sufficeret,
875 1295 1100 1347 episcopum
1122 1297 1338 1348 negabant,
1364 1301 1408 1337 ut
1433 1298 1574 1347 synodi
1595 1297 1694 1338 Sar-

283 1347 453 1387 dioensis
490 1353 537 1387 6:
565 1344 622 1398 μή
670 1347 822 1395 ἐξεῖναι
864 1350 1066 1387 καθιστᾶν
1106 1348 1320 1388 ἐπίσκοπον
1350 1346 1393 1389 ἔν
1420 1362 1501 1389 τινι
1527 1346 1640 1402 κώμῃ
1671 1345 1696 1400 ἢ

279 1398 457 1454 βραχείᾳ
487 1397 622 1452 πόλει,
649 1393 677 1452 ᾗ
701 1401 782 1440 τινί
808 1402 878 1440 καί
906 1395 964 1446 εἷς
991 1401 1266 1452 πρεσβύτερος
1287 1404 1476 1453 ἐπαρκεῖ·
1532 1410 1572 1444 et
1597 1417 1688 1453 syn-

262 1455 347 1501 ,odi
374 1456 624 1495 Laodicenae
642 1458 718 1506 56,
748 1456 813 1507 qui
842 1453 1104 1506 περιοὸευτὰς
1130 1457 1214 1496 sive
1253 1458 1491 1509 visitatores,
1520 1463 1565 1498 ut
1591 1458 1690 1498 Dio-

281 1509 419 1556 nysius
450 1509 630 1561 Exiguus
659 1509 803 1560 vertit,
839 1510 888 1548 de
916 1510 1055 1561 quibus
1091 1510 1335 1563 Beveregius
1364 1513 1492 1563 plura,
1519 1512 1561 1551 in
1586 1512 1690 1551 eius-

282 1563 387 1601 modi
417 1575 545 1614 pagos
565 1564 777 1611 amandat3
806 1576 1039 1616 quamquain
1065 1568 1104 1603 et
1120 1565 1160 1604 id
1181 1566 1281 1605 citra
1297 1566 1457 1606 dubium
1484 1570 1556 1616 est,
1583 1566 1689 1606 haud

281 1628 376 1655 raro
404 1618 632 1668 praesulum
659 1617 871 1657 ambit-ione
899 1617 1044 1668 optime
1060 1619 1220 1658 decreta
1241 1620 1362 1658 fuisse
1379 1625 1568 1671 proterve
1595 1632 1689 1659 con-

280 1671 454 1720 culcata,
481 1676 520 1710 et
549 1683 625 1723 quo
651 1672 787 1721 plures
823 1671 1110 1723 suffraganeos,
1141 1685 1239 1724 quos
1267 1678 1424 1722 vocant,
1454 1673 1690 1725 acciperent,

278 1724 397 1775 pagis
425 1729 543 1776 atque
583 1725 779 1776 oppidulis
818 1725 1024 1777 episcopos
1051 1727 1180 1766 datos.
1246 1726 1286 1767 in
1318 1727 1458 1768 Africa
1486 1732 1594 1767 certe
1617 1739 1690 1779 per

278 1779 551 1818 contentiones
590 1779 862 1819 Donatisticas
905 1779 1175 1820 incredibilem
1214 1780 1254 1820 in
1282 1781 1438 1821 modum
1464 1783 1689 1833 praesulum

275 1844 462 1872 numerus
490 1833 677 1881 increvit,
715 1833 998 1886 paullatimque
1028 1834 1150 1874 villae
1177 1835 1290 1875 fundi
1322 1839 1362 1874 et
1388 1835 1466 1875 vici
1493 1848 1588 1875 suos
1613 1835 1689 1876 sibi

277 1887 529 1938 praepositos
565 1887 770 1937 viderunt,
799 1887 913 1926 sicuti
949 1891 988 1926 et
1015 1887 1160 1928 Collat.
1188 1888 1424 1941 Carthagini.
1452 1902 1486 1928 c.
1499 1893 1577 1930 181
1606 1891 1687 1930 col-

276 1940 395 1991 ligas.
452 1941 522 1979 sed
550 1940 650 1980 haec
676 1942 727 1981 ab
759 1941 939 1980 instituto
970 1954 1044 1981 nos
1072 1947 1288 1982 avocarent
1314 1943 1486 1995 longius.

380 2013 486 2056 lbid.
504 2021 542 2056 9.
599 2012 679 2053 ὖπό
706 2012 1014 2064 κονσουλάριον]
1045 2017 1138 2056 olim
1156 2017 1279 2067 Lycia
1307 2022 1346 2057 et
1359 2018 1593 2069 Pamphylia
1619 2019 1687 2058 uni

273 2070 503 2120 proconsuli
531 2075 773 2121 paruerunt;
803 2071 906 2109 unde
923 2070 967 2109 C.
985 2072 1146 2110 Porcius
1161 2084 1303 2123 procos
1331 2071 1478 2120 Lyciae
1504 2075 1544 2111 et
1570 2073 1685 2112 Pam-

273 2123 433 2173 phyliae
462 2124 504 2163 in
519 2124 638 2163 Thes.
663 2138 702 2176 p.
718 2124 976 2165 CCCCLVHI
1002 2130 1040 2165 6.
1071 2125 1142 2165 sub
1173 2125 1433 2166 Constantino
1463 2126 1684 2178 praesidem

271 2177 506 2228 habuerunt,
536 2178 587 2217 ad
615 2191 728 2230 quem
757 2180 785 2217 l.
818 2183 844 2218 2
875 2191 908 2218 c.
937 2178 1012 2219 Th.
1042 2179 1092 2217 de
1132 2191 1251 2218 censu
1280 2180 1376 2219 data
1404 2184 1476 2220 est.
1532 2180 1684 2219 diceres

271 2231 384 2270 Decii
409 2236 587 2283 tempore
613 2245 638 2271 a
663 2233 787 2281 Lycia
831 2233 908 2272 iam
937 2232 1060 2272 fuisse
1088 2233 1318 2273 distractam
1346 2234 1396 2274 ob
1426 2233 1683 2285 Pamphyliae

270 2286 562 2335 praefecturam
580 2287 780 2326 Martiano
808 2287 858 2326 ab
894 2299 940 2325 eo
970 2286 1212 2338 imperatore
1239 2288 1479 2337 mandatam,
1501 2287 1543 2326 in
1571 2287 1682 2327 Actis

269 2338 313 2378 S.
345 2338 503 2378 Achatii
541 2340 646 2391 apud
677 2341 859 2380 Ruinart.
901 2353 939 2391 p.
957 2343 1058 2390 155,
1097 2341 1133 2380 si
1170 2342 1297 2382 bonae
1333 2341 1426 2380 fidei
1450 2353 1605 2392 semper
1633 2353 1682 2381 ea

269 2396 402 2431 essent
429 2398 690 2434 monumenta.
763 2396 869 2434 forte
897 2394 1145 2434 Theodosius
1170 2395 1366 2435 secundus
1394 2395 1542 2444 Lyciae
1570 2407 1681 2435 suum

270 2446 496 2496 praesidem
526 2448 722 2498 imposuit,
752 2461 830 2500 qua
859 2449 908 2487 de
934 2461 979 2487 re
1014 2449 1130 2489 alias.
1158 2449 1281 2489 fuisse
1311 2461 1408 2489 vero
1434 2449 1680 2490 consularem

268 2500 541 2551 Pamphyliam
569 2502 720 2542 Notitia
749 2503 841 2554 imp·
872 2502 1021 2543 Orient.
1053 2515 1085 2541 c.
1114 2506 1137 2543 1
1167 2503 1295 2543 docet.

375 2562 483 2604 lbid.
513 2568 578 2605 10.
649 2565 812 2616 Πέργῃ]
849 2567 945 2606 editi
987 2579 1120 2607 omnes
1150 2566 1352 2605 Σύλλαιον
1390 2567 1570 2619 iungunt,
1599 2568 1681 2606 acsi

269 2618 405 2658 eadem
433 2618 528 2660 urbs
557 2623 673 2668 esset,
704 2633 869 2672 prorsus
888 2626 1028 2662 contra
1045 2634 1203 2662 verum:
1234 2621 1552 2662 distinctissimae
1577 2620 1680 2662 enim
