1780 3132
312 162 383 200 DE
424 160 870 201 ADMlNJSTRANDO
914 157 1135 200 lMPERiO
1175 158 1292 199 CAP.
1335 161 1400 223 50.
1508 151 1598 195 231

162 263 235 304 καὶ
261 257 424 302 δίκαιόν
464 262 575 300 ἐστιν
604 260 852 301 εἰσακοῦσαί
878 273 974 311 μου.
1043 261 1121 300 τοῦ
1148 259 1193 299 δὲ
1220 258 1427 310 βασιλέως
1461 255 1606 295 διαπο-

161 328 369 380 ρουμένου
402 327 474 366 καί
517 325 826 378 ἄντερωτῶνιος
854 327 896 365 τί
927 320 979 365 ἂν
1009 322 1072 379 εἴη
1104 326 1224 366 τοῦτο
1256 320 1303 363 τό
1335 319 1506 375 αἴτημα,
1538 319 1609 359 καί

156 388 258 446 ὅπερ
287 388 360 433 ἐάν
387 391 502 432 ἐστιν
529 390 765 431 ὑπακοῦσαι
807 389 1112 444 ὑποσχομένου,
1141 388 1161 431 ὃ
1189 389 1442 442 προρρηθείς
1473 382 1610 438 Νική-

80 475 83 485 ·
140 474 234 512 Δτης
279 458 459 513 ᾐτήσατο
501 453 567 497 ὅτι
594 454 664 497 τὸν
692 453 785 496 υἱόν
812 470 896 507 μου
938 457 1138 508 αἰτοῦμαι
1162 457 1230 496 ἴνα
1257 451 1409 509 ποιήσῃ
1434 450 1456 506 ἦ
1487 454 1611 504 βασι-

126 525 251 566 Meda
279 537 357 564 σου
397 520 616 563 κατεπάνω
659 523 743 564 τῶν
773 523 1040 575 Μαρδαϊτῶν
1064 521 1315 568 Ἀτταλίας·
1372 513 1424 559 οὗ
1448 515 1557 565 τινὸς
1589 514 1611 556 ὅ

157 586 357 641 βασιλεὺς
381 590 430 645 τῇ
459 587 620 642 αἰτήσει
651 588 856 639 πεισθείς,
882 589 954 628 ἐπὶ
969 586 1254 642 προελεύσεως
1283 582 1513 638 εἰσαγαγών
1542 584 1613 624 ἐπὶ

157 654 234 694 τοῦ
267 654 631 708 Χρυσοτρικλίνου
676 651 750 694 τόν
789 651 882 694 υἱὸν
923 654 1000 693 τοῦ
1030 652 1414 706 πρωτοσπαθαρίου
1446 647 1609 703 Νικήτα

157 716 230 760 τὸν
245 719 691 772 σπαθαροκανδιὸἇτον
718 719 941 772 Ἀβὲρκιον,
972 715 1222 773 προεβάλετο
1242 715 1371 758 αὐτόν
1394 716 1611 757 κατεπάνω

157 785 239 824 τῶν
268 785 532 838 ΗΙαρδαϊτιδν
568 782 811 832 Ἀτταλιάς,
860 783 1002 832 καθώς
1040 786 1112 824 καί
1138 782 1160 823 ὅ
1200 779 1406 837 μακάριος
1433 784 1558 823 Λέων
1588 775 1609 820 ὅ

104 847 356 901 ίθβασιλευς
396 849 603 904 πρότερον
627 846 887 903 Σταυροὶκιον
930 847 1001 891 τὸν
1028 847 1205 891 Πλατύν
1238 847 1609 900 ἐπονομαζόμενον.

158 913 231 955 καί
256 913 277 956 ὃ
305 918 348 964 ἐξ
377 916 566 969 ἀρχῆθεν
606 914 786 963 παλαιός
815 914 925 968 ἔχων
950 913 1089 966 τύπος,
1121 913 1263 963 καθώς
1294 916 1338 955 ἐν
1368 914 1520 967 ἀρχαῖς
1551 911 1611 955 εἴ·-

159 996 293 1034 (mun,
325 979 407 1021 ὖπὸ
435 982 510 1022 τοῦ
536 983 742 1033 βασιλέως
781 982 1094 1036 προβάλλεσθαι
1131 980 1203 1022 τὸν
1232 979 1447 1022 κατεπάνω
1477 981 1608 1033 Illae·

159 1047 331 1087 δἀϊτῶν.

160 1116 163 1121 “
265 1111 414 1152 ’ἰστέον
458 1105 520 1152 ὅτι
550 1113 621 1153 ἐπὶ
646 1113 852 1165 βασιλέως
892 1114 964 1154 τοῦ
996 1112 1208 1168 Θεοφίλου
1238 1110 1610 1165 παρακοιμώμενος

101 1170 148 1223 Ι15
159 1174 298 1230 γέγονε
327 1178 625 1230 Σχολαστίκιος
653 1177 871 1233 ὃστιάριος,
898 1177 967 1221 ἐπὶ
994 1180 1039 1219 δὲ
1072 1176 1254 1232 Μιχαὴλ
1280 1176 1378 1219 υἱοῦ
1399 1177 1609 1232 Θεοφίλου

159 1240 532 1295 παρακοιμιόμενος
573 1243 795 1296 Δαμιανὸς
834 1242 1073 1298 πατρίκιος·
1133 1245 1204 1285 καί
1231 1245 1336 1295 μετὰ
1366 1245 1512 1284 τοῦτον
1541 1240 1612 1283 ἐπὶ

158 1308 234 1348 τοῦ
262 1307 394 1348 αὐτοῦ
434 1310 571 1360 γέγονε
614 1307 987 1362 παρακοιμιόμενος
1022 1311 1245 1358 Βασίλειος
1280 1308 1301 1350 ὅ
1342 1307 1609 1364 φιλόχριστος

156 1371 368 1424 βασιλεύς.
437 1371 509 1414 ἐπὶ
537 1375 584 1416 δὲ
617 1375 692 1415 τοῦ
719 1375 948 1416 Βασιλείου
987 1374 1259 1430 φιλοχρίστου
1289 1374 1491 1416 δεσπότου
1523 1390 1608 1414 πα-

158 1438 469 1491 ρακοιμώμενος
506 1439 560 1480 ου’
598 1441 736 1494 γέγονε
774 1441 827 1480 δι’
855 1435 953 1495 δ’λης
996 1440 1128 1481 αὐτοῦ
1154 1442 1226 1494 τῆς
1252 1441 1481 1494 βασιλείας.
1539 1441 1610 1482 ἐπὶ

101 1514 147 1549 20
161 1503 206 1544 δὲ
234 1505 417 1552 Λέοντος
444 1505 517 1546 τοῦ
546 1506 819 1561 φιλοχρίστου
850 1506 1055 1547 δεσπότου
1076 1503 1443 1561 παρακοιμιόμενος
1468 1507 1607 1559 γέγονε

157 1570 360 1620 Σαμωνᾶς
389 1567 410 1610 ὅ
440 1574 678 1625 πατρίκιος,
705 1574 775 1613 καί
813 1571 920 1625 μετὰ
948 1573 1090 1614 τοῦτον
1119 1573 1190 1613 ἐπὶ
1217 1574 1292 1614 τοῦ
1320 1571 1451 1613 αὐτοῦ
1477 1575 1607 1624 βασι-

156 1635 260 1684 λέως
277 1637 415 1689 γέγονε
429 1638 743 1687 Κωνσταντῖνος
764 1637 786 1680 ὅ
803 1638 1028 1693 πατρίκιος.
1058 1641 1130 1682 ἐπὶ
1150 1639 1196 1680 δὲ
1226 1637 1504 1693 Ἀλεξάνδρου
1534 1640 1607 1678 τοῦ

154 1701 361 1751 βασιλέως
387 1703 526 1755 γέγονε
561 1701 935 1757 παρακοιμοόμενος
965 1707 1176 1759 πατρίκιος
1197 1703 1434 1759 Βαρβάτος.
1464 1705 1533 1746 ἐπὶ
1559 1706 1605 1748 δὲ

251 1816 274 1849 3
300 1815 511 1852 ὑπακοῦσαι
537 1830 592 1852 om
617 1820 655 1855 M

161 1929 233 1956 tere
258 1924 327 1957 sibi
352 1930 391 1958 ut
417 1927 528 1959 amico
556 1926 668 1960 veteri
693 1925 907 1959 beneficium
932 1928 1096 1967 conferri,
1128 1939 1202 1961 esse
1228 1933 1344 1961 autem
1371 1940 1479 1961 unum
1505 1928 1604 1974 quod

158 1970 203 2004 ab
230 1972 306 2004 eius
334 1973 518 2006 maiestate
540 1979 690 2018 peteret,
715 1974 751 2006 in
778 1985 849 2018 quo
874 1974 1034 2007 exaudiri
1067 1974 1232 2007 deberet:
1274 1975 1487 2019 imperatore
1520 1986 1603 2009 vero

159 2017 374 2062 ambigente,
400 2020 713 2066 interroganteque
738 2020 907 2065 quidnam
945 2021 1036 2053 iilud
1064 2026 1174 2061 esset,
1204 2026 1239 2054 et
1262 2022 1459 2066 pollicente
1485 2022 1618 2066 ipsum·

157 2064 207 2106 id,
229 2065 404 2111 quidquid
431 2066 574 2100 tandem
594 2071 698 2106 esset,
723 2067 991 2111 impetraturum
1018 2079 1105 2109 esse,
1131 2068 1315 2112 respondit
1335 2074 1374 2101 ut
1392 2069 1485 2101 filius
1507 2080 1605 2102 meus

157 2112 364 2156 capitaneus
383 2113 633 2147 Mardaitarum
649 2115 806 2146 Attaliae
833 2121 991 2156 creetur;
1019 2116 1163 2160 eiusque
1191 2116 1358 2159 petitioni
1384 2116 1604 2149 satisfaciens

157 2158 351 2203 imperator
376 2159 562 2193 Abercium
586 2160 981 2205 spatharocandidatum
1005 2161 1152 2194 Nicetae
1178 2162 1454 2207 protospatharii
1481 2163 1604 2203 filium,

158 2205 195 2238 in
220 2216 385 2249 processu
410 2207 654 2241 introductum
679 2209 717 2240 in
742 2208 938 2240 triclinium
963 2210 1139 2250 Aureum,
1175 2207 1426 2242 mardaitarum
1451 2210 1604 2243 Attaliae

159 2252 384 2296 capitaneum
419 2253 637 2298 designavit,
673 2255 972 2299 quemadmodum
1007 2261 1110 2288 antea
1148 2255 1274 2288 beatus
1309 2257 1381 2289 Leo
1413 2256 1606 2300 imperator

160 2298 382 2332 stauracium
411 2301 532 2344 Platyn
558 2302 859 2345 cognominatum.
910 2307 946 2335 et
973 2314 1015 2335 eo
1041 2302 1185 2347 quidem
1214 2303 1296 2341 ritu,
1325 2307 1362 2335 ut
1386 2299 1491 2336 initio
1517 2303 1604 2344 dixi,

159 2346 356 2390 antiquitus
381 2346 425 2379 ab
450 2348 663 2392 imperatore
688 2348 940 2381 Marda‘ssarum
968 2350 1172 2393 capitaneus
1197 2348 1458 2393 designabatur.

254 2392 442 2426 Sciendum
470 2401 587 2428 autem
623 2396 688 2428 sub
725 2394 930 2440 Theophilo
963 2396 1177 2441 imperatore
1217 2396 1453 2429 accubitorem
1493 2395 1603 2428 fuisse

159 2437 434 2473 Scholasticium
458 2442 663 2482 ostiarium,
693 2447 729 2475 et
752 2442 818 2475 sub
843 2441 1019 2476 Micllaiile
1046 2444 1120 2476 eius
1150 2443 1225 2476 filio
1252 2443 1462 2477 Damianum
1489 2443 1604 2488 patri-

160 2486 263 2526 cium,
289 2491 325 2520 et
348 2486 432 2532 post
452 2498 530 2521 eum
557 2489 623 2522 sub
647 2488 774 2522 eodem
803 2489 970 2522 Basilium
995 2490 1056 2535 qui
1088 2496 1211 2535 postea
1236 2489 1365 2524 Christi
1391 2501 1514 2522 amans
1538 2490 1604 2522 im·

159 2537 304 2576 perator
330 2533 410 2567 fuit.
459 2534 522 2568 sed
547 2535 612 2568 sub
637 2536 766 2569 Basilio
783 2535 914 2568 Christi
941 2541 1081 2570 amante
1097 2537 1322 2581 imperatore,
1348 2536 1467 2582 quoad
1490 2547 1604 2581 usque

159 2580 338 2623 regnavit,
370 2580 491 2614 nullus
529 2582 599 2615 fuit
624 2582 815 2616 accubitor.
865 2594 983 2617 verum
1016 2584 1214 2629 imperante
1237 2585 1357 2617 Leone
1382 2585 1511 2617 iterum
1537 2582 1605 2615 hac

159 2625 335 2669 dignitate
364 2633 510 2661 ornatus
538 2634 591 2662 est
619 2629 787 2663 Samonas
812 2630 995 2674 patricius,
1020 2636 1057 2664 et
1079 2636 1161 2677 post
1189 2638 1270 2664 eum
1296 2631 1360 2664 suh
1386 2630 1512 2663 eodem
1536 2630 1604 2662 im*-

158 2678 322 2717 peratore
347 2674 604 2709 Constantinus
643 2677 825 2720 patricius.
877 2677 1077 2710 Alexandro
1102 2683 1219 2711 autem
1245 2678 1431 2722 imperium
1460 2681 1607 2710 tenente

159 2719 342 2753 accubitor
364 2727 505 2756 creatus
531 2722 601 2756 fuit
624 2723 794 2757 Barbatus
821 2725 1012 2769 patricius3
1052 2730 1088 2758 et
1121 2724 1187 2758 sub
1211 2724 1446 2758 Constantino
1475 2723 1606 2756 Christi
