<?xml version="1.0" encoding="UTF-8"?>
<!DOCTYPE html PUBLIC "-//W3C//DTD XHTML 1.0 Transitional//EN"
    "http://www.w3.org/TR/xhtml1/DTD/xhtml1-transitional.dtd">
<html xmlns="http://www.w3.org/1999/xhtml" xml:lang="en" lang="en">
 <head>
  <title>
</title>
<meta http-equiv="Content-Type" content="text/html;charset=utf-8" />
  <meta name='ocr-system' content='tesseract 3.04.00' />
  <meta name='ocr-capabilities' content='ocr_page ocr_carea ocr_par ocr_line ocrx_word'/>
</head>
<body>
  <div class='ocr_page' id='page_1' title='image "./corpusscriptorum09niebuoft_0500.png"; bbox 0 0 1780 3132; ppageno 0'>
   <div class='ocr_carea' id='block_1_1' title="bbox 317 149 1191 199">
    <p class='ocr_par' dir='ltr' id='par_1_1' title="bbox 317 149 1191 199">
     <span class='ocr_line' id='line_1_1' title="bbox 317 149 1191 199; baseline 0 -2"><span class='ocrx_word' id='word_1_1' title='bbox 317 149 410 199; x_wconf 73' lang='lat'><strong>490</strong></span> <span class='ocrx_word' id='word_1_2' title='bbox 850 159 1191 198; x_wconf 68' lang='lat' dir='ltr'><strong>wrssnmnen</strong></span> 
     </span>
    </p>
   </div>
   <div class='ocr_carea' id='block_1_2' title="bbox 309 266 1746 2685">
    <p class='ocr_par' dir='ltr' id='par_1_2' title="bbox 312 266 1714 845">
     <span class='ocr_line' id='line_1_2' title="bbox 314 266 1712 320; baseline -0.001 -12"><span class='ocrx_word' id='word_1_3' title='bbox 314 267 550 320; x_wconf 79' lang='lat' dir='ltr'><strong>properasse</strong></span> <span class='ocrx_word' id='word_1_4' title='bbox 581 268 723 307; x_wconf 85' lang='lat' dir='ltr'><strong>dicitur</strong></span> <span class='ocrx_word' id='word_1_5' title='bbox 762 279 787 308; x_wconf 90' lang='lat' dir='ltr'><strong>a</strong></span> <span class='ocrx_word' id='word_1_6' title='bbox 825 267 992 307; x_wconf 86' lang='lat' dir='ltr'><strong>Socrate</strong></span> <span class='ocrx_word' id='word_1_7' title='bbox 1018 268 1064 306; x_wconf 84' lang='grc' dir='ltr'><strong>Η.</strong></span> <span class='ocrx_word' id='word_1_8' title='bbox 1105 267 1151 307; x_wconf 86' lang='grc' dir='ltr'><strong>Ε.</strong></span> <span class='ocrx_word' id='word_1_9' title='bbox 1182 270 1205 307; x_wconf 94' lang='grc'><strong>1</strong></span> <span class='ocrx_word' id='word_1_10' title='bbox 1235 269 1260 307; x_wconf 87' lang='grc'>4</span> <span class='ocrx_word' id='word_1_11' title='bbox 1281 270 1320 306; x_wconf 87' lang='lat' dir='ltr'><strong>et</strong></span> <span class='ocrx_word' id='word_1_12' title='bbox 1346 266 1564 308; x_wconf 83' lang='lat' dir='ltr'><strong>Sozomeno</strong></span> <span class='ocrx_word' id='word_1_13' title='bbox 1592 271 1619 307; x_wconf 74' lang='lat'>2</span> <span class='ocrx_word' id='word_1_14' title='bbox 1646 271 1712 308; x_wconf 80' lang='grc'><strong>34.</strong></span> 
     </span>
     <span class='ocr_line' id='line_1_3' title="bbox 314 320 1710 373; baseline 0 -11"><span class='ocrx_word' id='word_1_15' title='bbox 314 323 523 362; x_wconf 82' lang='lat' dir='ltr'><strong>Eusebium</strong></span> <span class='ocrx_word' id='word_1_16' title='bbox 544 322 657 373; x_wconf 88' lang='lat' dir='ltr'><strong>paria</strong></span> <span class='ocrx_word' id='word_1_17' title='bbox 677 321 911 360; x_wconf 83' lang='lat' dir='ltr'><strong>scribentem</strong></span> <span class='ocrx_word' id='word_1_18' title='bbox 936 322 1005 361; x_wconf 88' lang='lat' dir='ltr'><strong>vit.</strong></span> <span class='ocrx_word' id='word_1_19' title='bbox 1034 320 1237 361; x_wconf 85' lang='lat' dir='ltr'><strong>Constant.</strong></span> <span class='ocrx_word' id='word_1_20' title='bbox 1255 323 1282 360; x_wconf 88' lang='grc'>4</span> <span class='ocrx_word' id='word_1_21' title='bbox 1299 325 1349 360; x_wconf 89' lang='grc'><strong>61</strong></span> <span class='ocrx_word' id='word_1_22' title='bbox 1377 321 1572 373; x_wconf 82' lang='lat' dir='ltr'><strong>interpres</strong></span> <span class='ocrx_word' id='word_1_23' title='bbox 1601 322 1710 362; x_wconf 84' lang='lat' dir='ltr'><strong>aliud</strong></span> 
     </span>
     <span class='ocr_line' id='line_1_4' title="bbox 312 374 1714 437; baseline -0.001 -22"><span class='ocrx_word' id='word_1_24' title='bbox 312 377 445 415; x_wconf 78' lang='lat' dir='ltr'><strong>dicere</strong></span> <span class='ocrx_word' id='word_1_25' title='bbox 470 376 614 426; x_wconf 80' lang='lat' dir='ltr'><strong>coegit.</strong></span> <span class='ocrx_word' id='word_1_26' title='bbox 670 375 820 414; x_wconf 90' lang='lat' dir='ltr'><strong>seriore</strong></span> <span class='ocrx_word' id='word_1_27' title='bbox 849 387 971 422; x_wconf 86' lang='lat' dir='ltr'><strong>aevo,</strong></span> <span class='ocrx_word' id='word_1_28' title='bbox 1002 379 1045 414; x_wconf 90' lang='lat' dir='ltr'><strong>ut</strong></span> <span class='ocrx_word' id='word_1_29' title='bbox 1072 374 1112 414; x_wconf 89' lang='lat' dir='ltr'><strong>id</strong></span> <span class='ocrx_word' id='word_1_30' title='bbox 1140 375 1294 437; x_wconf 81' lang='lat' dir='ltr'>addam,</span> <span class='ocrx_word' id='word_1_31' title='bbox 1323 374 1573 426; x_wconf 81' lang='lat' dir='ltr'><strong>Helenopolis</strong></span> <span class='ocrx_word' id='word_1_32' title='bbox 1598 376 1714 415; x_wconf 87' lang='lat' dir='ltr'><strong>mise-</strong></span> 
     </span>
     <span class='ocr_line' id='line_1_5' title="bbox 312 428 1712 477; baseline 0 -8"><span class='ocrx_word' id='word_1_33' title='bbox 312 430 432 469; x_wconf 82' lang='lat' dir='ltr'><strong>rabili</strong></span> <span class='ocrx_word' id='word_1_34' title='bbox 460 428 682 467; x_wconf 78' lang='lat' dir='ltr'><strong>conditione</strong></span> <span class='ocrx_word' id='word_1_35' title='bbox 709 429 830 467; x_wconf 90' lang='lat' dir='ltr'><strong>fuisse</strong></span> <span class='ocrx_word' id='word_1_36' title='bbox 858 429 1031 468; x_wconf 91' lang='lat' dir='ltr'><strong>videtur.</strong></span> <span class='ocrx_word' id='word_1_37' title='bbox 1067 429 1191 467; x_wconf 82' lang='lat' dir='ltr'><strong>refert</strong></span> <span class='ocrx_word' id='word_1_38' title='bbox 1219 429 1319 468; x_wconf 85' lang='lat' dir='ltr'><strong>enim</strong></span> <span class='ocrx_word' id='word_1_39' title='bbox 1342 428 1490 477; x_wconf 85' lang='lat' dir='ltr'><strong>Glycas</strong></span> <span class='ocrx_word' id='word_1_40' title='bbox 1515 429 1658 469; x_wconf 87' lang='lat' dir='ltr'><strong>Annal.</strong></span> <span class='ocrx_word' id='word_1_41' title='bbox 1685 433 1712 469; x_wconf 87' lang='grc'>4</span> 
     </span>
     <span class='ocr_line' id='line_1_6' title="bbox 312 477 1711 545; baseline -0.004 -23"><span class='ocrx_word' id='word_1_42' title='bbox 312 496 351 534; x_wconf 83' lang='lat' dir='ltr'><strong>p.</strong></span> <span class='ocrx_word' id='word_1_43' title='bbox 370 486 449 522; x_wconf 72' lang='lat'><strong>3⁸27</strong></span> <span class='ocrx_word' id='word_1_44' title='bbox 477 483 697 522; x_wconf 85' lang='lat' dir='ltr'><strong>Manuelem</strong></span> <span class='ocrx_word' id='word_1_45' title='bbox 712 482 949 522; x_wconf 85' lang='lat' dir='ltr'><strong>Comnenum</strong></span> <span class='ocrx_word' id='word_1_46' title='bbox 956 482 1178 545; x_wconf 85' lang='lat' dir='ltr'><strong>appulisse</strong></span> <span class='ocrx_word' id='word_1_47' title='bbox 1205 479 1276 542; x_wconf 55' lang='lat' dir='ltr'><strong>ov&#39;p</strong></span> <span class='ocrx_word' id='word_1_48' title='bbox 1302 477 1345 519; x_wconf 82' lang='grc' dir='ltr'><strong>ἕν</strong></span> <span class='ocrx_word' id='word_1_49' title='bbox 1373 493 1454 520; x_wconf 86' lang='grc' dir='ltr'><strong>τινι</strong></span> <span class='ocrx_word' id='word_1_50' title='bbox 1479 477 1554 520; x_wconf 71' lang='lat' dir='ltr'><strong>rein</strong></span> <span class='ocrx_word' id='word_1_51' title='bbox 1617 482 1711 520; x_wconf 78' lang='grc' dir='ltr'><strong>δια-</strong></span> 
     </span>
     <span class='ocr_line' id='line_1_7' title="bbox 313 529 1713 586; baseline 0.001 -15"><span class='ocrx_word' id='word_1_52' title='bbox 313 539 447 586; x_wconf 58' lang='lat' dir='ltr'><strong>qums,</strong></span> <span class='ocrx_word' id='word_1_53' title='bbox 470 530 721 585; x_wconf 79' lang='grc' dir='ltr'><strong>Ἑλενοπήλει</strong></span> <span class='ocrx_word' id='word_1_54' title='bbox 750 535 795 573; x_wconf 80' lang='grc' dir='ltr'><strong>δέ</strong></span> <span class='ocrx_word' id='word_1_55' title='bbox 819 549 910 586; x_wconf 77' lang='grc' dir='ltr'><strong>τινι,</strong></span> <span class='ocrx_word' id='word_1_56' title='bbox 940 531 987 584; x_wconf 81' lang='grc' dir='ltr'><strong>ἢν</strong></span> <span class='ocrx_word' id='word_1_57' title='bbox 1027 548 1064 573; x_wconf 92' lang='grc' dir='ltr'><strong>οι</strong></span> <span class='ocrx_word' id='word_1_58' title='bbox 1093 529 1367 586; x_wconf 74' lang='grc' dir='ltr'><strong>ἀγροικότεροι</strong></span> <span class='ocrx_word' id='word_1_59' title='bbox 1395 534 1543 573; x_wconf 79' lang='grc' dir='ltr'><strong>ἑλεεινο</strong></span> <span class='ocrx_word' id='word_1_60' title='bbox 1582 532 1713 575; x_wconf 73' lang='grc' dir='ltr'><strong>πόλιν</strong></span> 
     </span>
     <span class='ocr_line' id='line_1_8' title="bbox 314 587 1714 650; baseline -0.001 -24"><span class='ocrx_word' id='word_1_61' title='bbox 314 589 518 639; x_wconf 57' lang='lat' dir='ltr'><strong>mimium,</strong></span> <span class='ocrx_word' id='word_1_62' title='bbox 546 590 746 641; x_wconf 82' lang='lat' dir='ltr'><strong>appulisse</strong></span> <span class='ocrx_word' id='word_1_63' title='bbox 772 589 1054 641; x_wconf 87' lang='lat' dir='ltr'><strong>Helenopolin,</strong></span> <span class='ocrx_word' id='word_1_64' title='bbox 1082 600 1196 641; x_wconf 88' lang='lat' dir='ltr'><strong>quam</strong></span> <span class='ocrx_word' id='word_1_65' title='bbox 1229 589 1457 628; x_wconf 87' lang='lat' dir='ltr'><strong>rusticiores</strong></span> <span class='ocrx_word' id='word_1_66' title='bbox 1481 587 1714 650; x_wconf 78' lang='lat' dir='ltr'><strong>Eleeinupo-</strong></span> 
     </span>
     <span class='ocr_line' id='line_1_9' title="bbox 313 641 1714 696; baseline 0 -14"><span class='ocrx_word' id='word_1_67' title='bbox 313 643 384 693; x_wconf 90' lang='lat' dir='ltr'><strong>liu,</strong></span> <span class='ocrx_word' id='word_1_68' title='bbox 417 643 530 695; x_wconf 88' lang='lat' dir='ltr'><strong>quasi</strong></span> <span class='ocrx_word' id='word_1_69' title='bbox 557 644 665 683; x_wconf 90' lang='lat' dir='ltr'><strong>dicas</strong></span> <span class='ocrx_word' id='word_1_70' title='bbox 682 644 865 696; x_wconf 88' lang='lat' dir='ltr'><strong>oppidum</strong></span> <span class='ocrx_word' id='word_1_71' title='bbox 886 643 1121 692; x_wconf 81' lang='lat' dir='ltr'><strong>miserabile,</strong></span> <span class='ocrx_word' id='word_1_72' title='bbox 1142 648 1308 683; x_wconf 87' lang='lat' dir='ltr'><strong>vocant·</strong></span> <span class='ocrx_word' id='word_1_73' title='bbox 1336 646 1442 682; x_wconf 87' lang='lat' dir='ltr'><strong>recte</strong></span> <span class='ocrx_word' id='word_1_74' title='bbox 1471 641 1573 682; x_wconf 87' lang='lat' dir='ltr'><strong>enim</strong></span> <span class='ocrx_word' id='word_1_75' title='bbox 1587 642 1714 682; x_wconf 83' lang='lat' dir='ltr'><strong>Leun-</strong></span> 
     </span>
     <span class='ocr_line' id='line_1_10' title="bbox 313 696 1714 759; baseline 0.001 -24"><span class='ocrx_word' id='word_1_76' title='bbox 313 696 483 735; x_wconf 88' lang='lat' dir='ltr'><strong>clavius</strong></span> <span class='ocrx_word' id='word_1_77' title='bbox 493 696 595 736; x_wconf 90' lang='lat' dir='ltr'><strong>hanc</strong></span> <span class='ocrx_word' id='word_1_78' title='bbox 620 697 787 737; x_wconf 87' lang='lat' dir='ltr'><strong>indicari</strong></span> <span class='ocrx_word' id='word_1_79' title='bbox 819 697 1119 747; x_wconf 85' lang='lat' dir='ltr'><strong>animadvertit,</strong></span> <span class='ocrx_word' id='word_1_80' title='bbox 1162 702 1201 735; x_wconf 89' lang='lat' dir='ltr'><strong>et</strong></span> <span class='ocrx_word' id='word_1_81' title='bbox 1230 696 1412 736; x_wconf 84' lang='lat' dir='ltr'><strong>vocabuli</strong></span> <span class='ocrx_word' id='word_1_82' title='bbox 1431 697 1714 759; x_wconf 79' lang='lat' dir='ltr'><strong>paronomasia</strong></span> 
     </span>
     <span class='ocr_line' id='line_1_11' title="bbox 313 748 1714 802; baseline 0.001 -14"><span class='ocrx_word' id='word_1_83' title='bbox 313 750 398 789; x_wconf 85' lang='lat' dir='ltr'><strong>eius</strong></span> <span class='ocrx_word' id='word_1_84' title='bbox 428 749 647 801; x_wconf 88' lang='lat' dir='ltr'><strong>opinionem</strong></span> <span class='ocrx_word' id='word_1_85' title='bbox 677 753 829 801; x_wconf 87' lang='lat' dir='ltr'><strong>firmat;</strong></span> <span class='ocrx_word' id='word_1_86' title='bbox 869 755 911 791; x_wconf 91' lang='lat' dir='ltr'><strong>ut</strong></span> <span class='ocrx_word' id='word_1_87' title='bbox 937 762 1101 802; x_wconf 87' lang='lat' dir='ltr'><strong>prorsus</strong></span> <span class='ocrx_word' id='word_1_88' title='bbox 1135 750 1220 790; x_wconf 88' lang='lat' dir='ltr'><strong>sine</strong></span> <span class='ocrx_word' id='word_1_89' title='bbox 1249 752 1403 791; x_wconf 85' lang='lat' dir='ltr'><strong>ratione</strong></span> <span class='ocrx_word' id='word_1_90' title='bbox 1427 749 1489 790; x_wconf 89' lang='lat' dir='ltr'><strong>illi</strong></span> <span class='ocrx_word' id='word_1_91' title='bbox 1514 750 1582 789; x_wconf 86' lang='lat' dir='ltr'><strong>Ph.</strong></span> <span class='ocrx_word' id='word_1_92' title='bbox 1610 748 1714 790; x_wconf 84' lang='lat' dir='ltr'><strong>Lab-</strong></span> 
     </span>
     <span class='ocr_line' id='line_1_12' title="bbox 312 805 733 845; baseline -0.002 0"><span class='ocrx_word' id='word_1_93' title='bbox 312 805 409 845; x_wconf 77' lang='lat' dir='ltr'><strong>bens</strong></span> <span class='ocrx_word' id='word_1_94' title='bbox 439 805 493 843; x_wconf 87' lang='lat' dir='ltr'><strong>sit</strong></span> <span class='ocrx_word' id='word_1_95' title='bbox 518 805 733 845; x_wconf 89' lang='lat' dir='ltr'><strong>oblocutus.</strong></span> 
     </span>
    </p>

    <p class='ocr_par' dir='ltr' id='par_1_3' title="bbox 309 855 1746 2309">
     <span class='ocr_line' id='line_1_13' title="bbox 419 855 1714 920; baseline -0.002 -22"><span class='ocrx_word' id='word_1_96' title='bbox 419 861 513 906; x_wconf 84' lang='lat'><strong>396,</strong></span> <span class='ocrx_word' id='word_1_97' title='bbox 544 863 582 898; x_wconf 89' lang='grc'><strong>9.</strong></span> <span class='ocrx_word' id='word_1_98' title='bbox 639 858 814 910; x_wconf 78' lang='grc' dir='ltr'><strong>Νίκαια]</strong></span> <span class='ocrx_word' id='word_1_99' title='bbox 848 857 1057 920; x_wconf 81' lang='lat' dir='ltr'><strong>Bithyniae</strong></span> <span class='ocrx_word' id='word_1_100' title='bbox 1093 857 1328 910; x_wconf 87' lang='lat' dir='ltr'><strong>metropolin</strong></span> <span class='ocrx_word' id='word_1_101' title='bbox 1362 868 1448 896; x_wconf 90' lang='lat' dir='ltr'><strong>esse</strong></span> <span class='ocrx_word' id='word_1_102' title='bbox 1483 855 1540 897; x_wconf 87' lang='lat' dir='ltr'><strong>ait</strong></span> <span class='ocrx_word' id='word_1_103' title='bbox 1566 855 1714 898; x_wconf 83' lang='lat' dir='ltr'><strong>Strabo</strong></span> 
     </span>
     <span class='ocr_line' id='line_1_14' title="bbox 313 911 1716 965; baseline 0 -15"><span class='ocrx_word' id='word_1_104' title='bbox 313 914 367 951; x_wconf 78' lang='lat'><strong>12</strong></span> <span class='ocrx_word' id='word_1_105' title='bbox 395 924 432 962; x_wconf 89' lang='lat' dir='ltr'><strong>p.</strong></span> <span class='ocrx_word' id='word_1_106' title='bbox 448 914 542 961; x_wconf 83' lang='lat'><strong>565,</strong></span> <span class='ocrx_word' id='word_1_107' title='bbox 572 913 874 965; x_wconf 85' lang='lat' dir='ltr'><strong>notissimaeque</strong></span> <span class='ocrx_word' id='word_1_108' title='bbox 903 911 985 951; x_wconf 91' lang='lat' dir='ltr'><strong>eius</strong></span> <span class='ocrx_word' id='word_1_109' title='bbox 1013 916 1051 951; x_wconf 91' lang='lat' dir='ltr'><strong>et</strong></span> <span class='ocrx_word' id='word_1_110' title='bbox 1077 912 1325 952; x_wconf 81' lang='lat' dir='ltr'><strong>Nicomediae</strong></span> <span class='ocrx_word' id='word_1_111' title='bbox 1350 911 1399 949; x_wconf 89' lang='lat' dir='ltr'><strong>de</strong></span> <span class='ocrx_word' id='word_1_112' title='bbox 1427 911 1596 962; x_wconf 85' lang='lat' dir='ltr'><strong>primatu</strong></span> <span class='ocrx_word' id='word_1_113' title='bbox 1624 915 1716 950; x_wconf 90' lang='lat' dir='ltr'><strong>sunt</strong></span> 
     </span>
     <span class='ocr_line' id='line_1_15' title="bbox 313 964 1715 1019; baseline -0.001 -15"><span class='ocrx_word' id='word_1_114' title='bbox 313 966 607 1015; x_wconf 84' lang='lat' dir='ltr'><strong>contentiones3</strong></span> <span class='ocrx_word' id='word_1_115' title='bbox 645 966 686 1006; x_wconf 88' lang='lat' dir='ltr'><strong>in</strong></span> <span class='ocrx_word' id='word_1_116' title='bbox 728 966 866 1019; x_wconf 90' lang='lat' dir='ltr'><strong>quibus</strong></span> <span class='ocrx_word' id='word_1_117' title='bbox 909 965 983 1005; x_wconf 87' lang='lat' dir='ltr'><strong>etsi</strong></span> <span class='ocrx_word' id='word_1_118' title='bbox 1013 965 1118 1005; x_wconf 89' lang='lat' dir='ltr'><strong>victa</strong></span> <span class='ocrx_word' id='word_1_119' title='bbox 1146 964 1384 1015; x_wconf 85' lang='lat' dir='ltr'><strong>discesserit,</strong></span> <span class='ocrx_word' id='word_1_120' title='bbox 1410 964 1636 1004; x_wconf 77' lang='lat' dir='ltr'><strong>Nicomedia</strong></span> <span class='ocrx_word' id='word_1_121' title='bbox 1662 965 1715 1004; x_wconf 87' lang='lat' dir='ltr'><strong>ad</strong></span> 
     </span>
     <span class='ocr_line' id='line_1_16' title="bbox 311 1018 1713 1073; baseline -0.001 -16"><span class='ocrx_word' id='word_1_122' title='bbox 311 1020 540 1071; x_wconf 84' lang='lat' dir='ltr'><strong>metropolis</strong></span> <span class='ocrx_word' id='word_1_123' title='bbox 581 1020 812 1073; x_wconf 85' lang='lat' dir='ltr'><strong>dignitatem</strong></span> <span class='ocrx_word' id='word_1_124' title='bbox 839 1021 969 1069; x_wconf 87' lang='lat' dir='ltr'><strong>elata,</strong></span> <span class='ocrx_word' id='word_1_125' title='bbox 1008 1024 1139 1059; x_wconf 88' lang='lat' dir='ltr'><strong>tamen</strong></span> <span class='ocrx_word' id='word_1_126' title='bbox 1174 1019 1296 1071; x_wconf 89' lang='lat' dir='ltr'><strong>lmpp.</strong></span> <span class='ocrx_word' id='word_1_127' title='bbox 1338 1018 1637 1065; x_wconf 78' lang='lat' dir='ltr'><strong>Valentinianus</strong></span> <span class='ocrx_word' id='word_1_128' title='bbox 1674 1022 1713 1056; x_wconf 86' lang='lat' dir='ltr'><strong>et</strong></span> 
     </span>
     <span class='ocr_line' id='line_1_17' title="bbox 314 1050 1715 1126; baseline -0.002 -13"><span class='ocrx_word' id='word_1_129' title='bbox 314 1073 477 1124; x_wconf 87' lang='lat' dir='ltr'><strong>Valens,</strong></span> <span class='ocrx_word' id='word_1_130' title='bbox 506 1074 687 1126; x_wconf 88' lang='lat' dir='ltr'><strong>quoniam</strong></span> <span class='ocrx_word' id='word_1_131' title='bbox 717 1074 825 1113; x_wconf 91' lang='lat' dir='ltr'><strong>eain</strong></span> <span class='ocrx_word' id='word_1_132' title='bbox 853 1075 950 1113; x_wconf 89' lang='lat' dir='ltr'><strong>urbe</strong></span> <span class='ocrx_word' id='word_1_133' title='bbox 960 1050 1134 1124; x_wconf 89' lang='lat' dir='ltr'><strong>Augusti</strong></span> <span class='ocrx_word' id='word_1_134' title='bbox 1155 1078 1269 1112; x_wconf 88' lang='lat' dir='ltr'><strong>erant</strong></span> <span class='ocrx_word' id='word_1_135' title='bbox 1289 1071 1426 1120; x_wconf 84' lang='lat' dir='ltr'><strong>creati,</strong></span> <span class='ocrx_word' id='word_1_136' title='bbox 1455 1072 1619 1112; x_wconf 88' lang='lat' dir='ltr'><strong>eandem</strong></span> <span class='ocrx_word' id='word_1_137' title='bbox 1645 1072 1715 1110; x_wconf 88' lang='lat' dir='ltr'><strong>sed</strong></span> 
     </span>
     <span class='ocr_line' id='line_1_18' title="bbox 311 1124 1746 1180; baseline -0.001 -14"><span class='ocrx_word' id='word_1_138' title='bbox 311 1127 472 1167; x_wconf 89' lang='lat' dir='ltr'><strong>secundi</strong></span> <span class='ocrx_word' id='word_1_139' title='bbox 503 1127 580 1167; x_wconf 90' lang='lat' dir='ltr'><strong>loci</strong></span> <span class='ocrx_word' id='word_1_140' title='bbox 621 1128 854 1180; x_wconf 85' lang='lat' dir='ltr'><strong>metropolin</strong></span> <span class='ocrx_word' id='word_1_141' title='bbox 897 1139 983 1167; x_wconf 91' lang='lat' dir='ltr'><strong>esse</strong></span> <span class='ocrx_word' id='word_1_142' title='bbox 1018 1127 1227 1166; x_wconf 88' lang='lat' dir='ltr'><strong>iusserunt.</strong></span> <span class='ocrx_word' id='word_1_143' title='bbox 1298 1125 1423 1167; x_wconf 85' lang='lat' dir='ltr'><strong>verba</strong></span> <span class='ocrx_word' id='word_1_144' title='bbox 1459 1125 1564 1177; x_wconf 84' lang='lat' dir='ltr'><strong>legis</strong></span> <span class='ocrx_word' id='word_1_145' title='bbox 1603 1124 1715 1165; x_wconf 87' lang='lat' dir='ltr'><strong>Actis</strong></span> <span class='ocrx_word' id='word_1_146' title='bbox 1743 1133 1746 1137; x_wconf 85' lang='grc'><strong>’</strong></span> 
     </span>
     <span class='ocr_line' id='line_1_19' title="bbox 311 1180 1714 1232; baseline -0.001 -13"><span class='ocrx_word' id='word_1_147' title='bbox 311 1180 469 1220; x_wconf 88' lang='lat' dir='ltr'><strong>concilii</strong></span> <span class='ocrx_word' id='word_1_148' title='bbox 499 1181 741 1221; x_wconf 84' lang='lat' dir='ltr'><strong>Chalcedon.</strong></span> <span class='ocrx_word' id='word_1_149' title='bbox 771 1186 862 1222; x_wconf 88' lang='lat' dir='ltr'><strong>tom.</strong></span> <span class='ocrx_word' id='word_1_150' title='bbox 891 1187 930 1222; x_wconf 89' lang='grc'><strong>9</strong></span> <span class='ocrx_word' id='word_1_151' title='bbox 956 1194 994 1232; x_wconf 90' lang='lat' dir='ltr'><strong>p.</strong></span> <span class='ocrx_word' id='word_1_152' title='bbox 1012 1185 1087 1220; x_wconf 91' lang='grc'><strong>101</strong></span> <span class='ocrx_word' id='word_1_153' title='bbox 1126 1180 1278 1220; x_wconf 87' lang='lat' dir='ltr'><strong>inserta</strong></span> <span class='ocrx_word' id='word_1_154' title='bbox 1304 1183 1420 1228; x_wconf 80' lang='lat' dir='ltr'><strong>sunt3</strong></span> <span class='ocrx_word' id='word_1_155' title='bbox 1450 1180 1553 1219; x_wconf 90' lang='lat' dir='ltr'><strong>unde</strong></span> <span class='ocrx_word' id='word_1_156' title='bbox 1579 1184 1714 1219; x_wconf 85' lang='lat' dir='ltr'><strong>natam</strong></span> 
     </span>
     <span class='ocr_line' id='line_1_20' title="bbox 310 1232 1715 1287; baseline -0.001 -14"><span class='ocrx_word' id='word_1_157' title='bbox 310 1235 515 1275; x_wconf 84' lang='lat' dir='ltr'><strong>credidero</strong></span> <span class='ocrx_word' id='word_1_158' title='bbox 540 1237 748 1275; x_wconf 88' lang='lat' dir='ltr'><strong>multorum</strong></span> <span class='ocrx_word' id='word_1_159' title='bbox 776 1235 1090 1287; x_wconf 86' lang='lat' dir='ltr'><strong>persuasionem,</strong></span> <span class='ocrx_word' id='word_1_160' title='bbox 1119 1246 1197 1286; x_wconf 87' lang='lat' dir='ltr'><strong>qua</strong></span> <span class='ocrx_word' id='word_1_161' title='bbox 1223 1233 1559 1274; x_wconf 84' lang='lat' dir='ltr'><strong>Chalcedonensis</strong></span> <span class='ocrx_word' id='word_1_162' title='bbox 1586 1232 1715 1272; x_wconf 85' lang='lat' dir='ltr'><strong>conci-</strong></span> 
     </span>
     <span class='ocr_line' id='line_1_21' title="bbox 311 1265 1714 1350; baseline -0.001 -23"><span class='ocrx_word' id='word_1_163' title='bbox 311 1289 355 1328; x_wconf 92' lang='lat' dir='ltr'><strong>lii</strong></span> <span class='ocrx_word' id='word_1_164' title='bbox 384 1294 559 1350; x_wconf 86' lang='lat' dir='ltr'><strong>tempore</strong></span> <span class='ocrx_word' id='word_1_165' title='bbox 602 1291 786 1329; x_wconf 86' lang='lat' dir='ltr'><strong>Nicaeam</strong></span> <span class='ocrx_word' id='word_1_166' title='bbox 822 1289 896 1329; x_wconf 89' lang='lat' dir='ltr'><strong>hac</strong></span> <span class='ocrx_word' id='word_1_167' title='bbox 932 1265 1163 1340; x_wconf 79' lang='lat' dir='ltr'><strong>dignatione</strong></span> <span class='ocrx_word' id='word_1_168' title='bbox 1199 1292 1353 1328; x_wconf 87' lang='lat' dir='ltr'><strong>auctam</strong></span> <span class='ocrx_word' id='word_1_169' title='bbox 1390 1285 1575 1326; x_wconf 82' lang='lat' dir='ltr'><strong>arbitrati</strong></span> <span class='ocrx_word' id='word_1_170' title='bbox 1608 1291 1714 1326; x_wconf 87' lang='lat' dir='ltr'><strong>sunt.</strong></span> 
     </span>
     <span class='ocr_line' id='line_1_22' title="bbox 310 1334 1715 1408; baseline -0.001 -29"><span class='ocrx_word' id='word_1_171' title='bbox 310 1338 376 1379; x_wconf 76' lang='grc' dir='ltr'><strong>διὸ</strong></span> <span class='ocrx_word' id='word_1_172' title='bbox 407 1338 456 1391; x_wconf 68' lang='grc' dir='ltr'><strong>δὴ</strong></span> <span class='ocrx_word' id='word_1_173' title='bbox 477 1341 613 1392; x_wconf 68' lang='grc' dir='ltr'><strong>ἐπειδὴ</strong></span> <span class='ocrx_word' id='word_1_174' title='bbox 645 1338 904 1408; x_wconf 77' lang='grc' dir='ltr'><strong>μητρόπολις,</strong></span> <span class='ocrx_word' id='word_1_175' title='bbox 928 1343 1108 1394; x_wconf 87' lang='lat' dir='ltr'><strong>inquiunt</strong></span> <span class='ocrx_word' id='word_1_176' title='bbox 1135 1341 1315 1393; x_wconf 82' lang='lat' dir='ltr'><strong>Augusti,</strong></span> <span class='ocrx_word' id='word_1_177' title='bbox 1341 1337 1466 1377; x_wconf 78' lang='grc' dir='ltr'><strong>πάλαι</strong></span> <span class='ocrx_word' id='word_1_178' title='bbox 1494 1334 1715 1390; x_wconf 76' lang='grc' dir='ltr'><strong>ω’νομάσθη</strong></span> 
     </span>
     <span class='ocr_line' id='line_1_23' title="bbox 310 1389 1716 1457; baseline -0.003 -25"><span class='ocrx_word' id='word_1_179' title='bbox 310 1408 378 1434; x_wconf 82' lang='grc' dir='ltr'><strong>και</strong></span> <span class='ocrx_word' id='word_1_180' title='bbox 408 1395 526 1433; x_wconf 80' lang='grc' dir='ltr'><strong>τοῦτο</strong></span> <span class='ocrx_word' id='word_1_181' title='bbox 553 1395 671 1444; x_wconf 84' lang='grc' dir='ltr'><strong>νόμοι</strong></span> <span class='ocrx_word' id='word_1_182' title='bbox 698 1393 867 1434; x_wconf 82' lang='grc' dir='ltr'><strong>παλαιοι</strong></span> <span class='ocrx_word' id='word_1_183' title='bbox 891 1395 1151 1446; x_wconf 75' lang='grc' dir='ltr'><strong>περιέχουσι,</strong></span> <span class='ocrx_word' id='word_1_184' title='bbox 1181 1394 1230 1433; x_wconf 80' lang='grc' dir='ltr'><strong>τά</strong></span> <span class='ocrx_word' id='word_1_185' title='bbox 1261 1389 1367 1432; x_wconf 76' lang='grc' dir='ltr'><strong>αυτοὶ</strong></span> <span class='ocrx_word' id='word_1_186' title='bbox 1399 1405 1502 1442; x_wconf 65' lang='lat' dir='ltr'><strong>aneo</strong></span> <span class='ocrx_word' id='word_1_187' title='bbox 1533 1392 1716 1457; x_wconf 83' lang='grc' dir='ltr'><strong>Νικομη-</strong></span> 
     </span>
     <span class='ocr_line' id='line_1_24' title="bbox 309 1443 1717 1513; baseline -0.001 -28"><span class='ocrx_word' id='word_1_188' title='bbox 309 1448 428 1486; x_wconf 75' lang='grc' dir='ltr'><strong>δοῦσι</strong></span> <span class='ocrx_word' id='word_1_189' title='bbox 463 1447 793 1510; x_wconf 77' lang='grc' dir='ltr'><strong>νομοθετούντων</strong></span> <span class='ocrx_word' id='word_1_190' title='bbox 833 1447 948 1500; x_wconf 76' lang='grc' dir='ltr'><em>ἡμῶν</em></span> <span class='ocrx_word' id='word_1_191' title='bbox 985 1447 1178 1513; x_wconf 75' lang='grc' dir='ltr'><strong>ὑπῆρξεν,</strong></span> <span class='ocrx_word' id='word_1_192' title='bbox 1223 1446 1418 1496; x_wconf 73' lang='grc' dir='ltr'><strong>οὐδεμίαν</strong></span> <span class='ocrx_word' id='word_1_193' title='bbox 1463 1443 1717 1510; x_wconf 75' lang='grc' dir='ltr'><strong>ἀμφιβολίαν</strong></span> 
     </span>
     <span class='ocr_line' id='line_1_25' title="bbox 309 1494 1720 1551; baseline -0.004 -10"><span class='ocrx_word' id='word_1_194' title='bbox 309 1497 421 1551; x_wconf 77' lang='grc' dir='ltr'><strong>ἐχειν</strong></span> <span class='ocrx_word' id='word_1_195' title='bbox 447 1498 620 1540; x_wconf 77' lang='grc' dir='ltr'><strong>δύναται</strong></span> <span class='ocrx_word' id='word_1_196' title='bbox 658 1500 703 1540; x_wconf 84' lang='grc' dir='ltr'>τὸ</span> <span class='ocrx_word' id='word_1_197' title='bbox 741 1498 949 1541; x_wconf 80' lang='grc' dir='ltr'><strong>α’σοίλευτα</strong></span> <span class='ocrx_word' id='word_1_198' title='bbox 988 1515 1058 1539; x_wconf 85' lang='grc' dir='ltr'><strong>και</strong></span> <span class='ocrx_word' id='word_1_199' title='bbox 1098 1497 1254 1551; x_wconf 79' lang='grc' dir='ltr'><em>ἰσχυρὰ</em></span> <span class='ocrx_word' id='word_1_200' title='bbox 1296 1500 1454 1551; x_wconf 72' lang='grc' dir='ltr'><strong>μένειν,</strong></span> <span class='ocrx_word' id='word_1_201' title='bbox 1492 1512 1562 1537; x_wconf 84' lang='grc' dir='ltr'><strong>και</strong></span> <span class='ocrx_word' id='word_1_202' title='bbox 1588 1497 1646 1544; x_wconf 79' lang='grc' dir='ltr'><strong>εἷς</strong></span> <span class='ocrx_word' id='word_1_203' title='bbox 1673 1494 1720 1536; x_wconf 82' lang='grc' dir='ltr'><strong>τὸ</strong></span> 
     </span>
     <span class='ocr_line' id='line_1_26' title="bbox 311 1552 1718 1608; baseline -0.001 -16"><span class='ocrx_word' id='word_1_204' title='bbox 311 1552 450 1594; x_wconf 81' lang='grc' dir='ltr'><strong>ἔπειτα</strong></span> <span class='ocrx_word' id='word_1_205' title='bbox 479 1552 809 1607; x_wconf 74' lang='grc' dir='ltr'><em>αὕξηθησόμενα.</em></span> <span class='ocrx_word' id='word_1_206' title='bbox 865 1557 923 1596; x_wconf 88' lang='lat' dir='ltr'><strong>sic</strong></span> <span class='ocrx_word' id='word_1_207' title='bbox 950 1557 1022 1608; x_wconf 83' lang='lat' dir='ltr'><strong>illi,</strong></span> <span class='ocrx_word' id='word_1_208' title='bbox 1049 1556 1257 1595; x_wconf 87' lang='lat' dir='ltr'><strong>verborum</strong></span> <span class='ocrx_word' id='word_1_209' title='bbox 1275 1554 1413 1594; x_wconf 86' lang='lat' dir='ltr'><strong>ordine</strong></span> <span class='ocrx_word' id='word_1_210' title='bbox 1439 1553 1537 1593; x_wconf 87' lang='lat' dir='ltr'><strong>satis</strong></span> <span class='ocrx_word' id='word_1_211' title='bbox 1561 1565 1718 1605; x_wconf 85' lang='lat' dir='ltr'><strong>aspero,</strong></span> 
     </span>
     <span class='ocr_line' id='line_1_27' title="bbox 312 1607 1715 1662; baseline -0.002 -14"><span class='ocrx_word' id='word_1_212' title='bbox 312 1622 426 1662; x_wconf 88' lang='lat' dir='ltr'><strong>quem</strong></span> <span class='ocrx_word' id='word_1_213' title='bbox 454 1623 539 1650; x_wconf 90' lang='lat' dir='ltr'><strong>cum</strong></span> <span class='ocrx_word' id='word_1_214' title='bbox 563 1612 699 1662; x_wconf 87' lang='lat' dir='ltr'><strong>paullo</strong></span> <span class='ocrx_word' id='word_1_215' title='bbox 729 1611 850 1650; x_wconf 88' lang='lat' dir='ltr'><strong>aliter</strong></span> <span class='ocrx_word' id='word_1_216' title='bbox 878 1615 990 1650; x_wconf 91' lang='lat' dir='ltr'><strong>vetus</strong></span> <span class='ocrx_word' id='word_1_217' title='bbox 1026 1611 1222 1661; x_wconf 87' lang='lat' dir='ltr'><strong>interpres</strong></span> <span class='ocrx_word' id='word_1_218' title='bbox 1250 1607 1502 1660; x_wconf 84' lang='lat' dir='ltr'><strong>expresserit,</strong></span> <span class='ocrx_word' id='word_1_219' title='bbox 1529 1619 1615 1646; x_wconf 88' lang='lat' dir='ltr'><strong>eum</strong></span> <span class='ocrx_word' id='word_1_220' title='bbox 1645 1619 1715 1646; x_wconf 84' lang='lat' dir='ltr'><strong>au-</strong></span> 
     </span>
     <span class='ocr_line' id='line_1_28' title="bbox 311 1661 1717 1716; baseline -0.001 -14"><span class='ocrx_word' id='word_1_221' title='bbox 311 1664 475 1703; x_wconf 86' lang='lat' dir='ltr'><strong>diamus.</strong></span> <span class='ocrx_word' id='word_1_222' title='bbox 502 1667 732 1716; x_wconf 82' lang='lat' dir='ltr'><strong>propterea</strong></span> <span class='ocrx_word' id='word_1_223' title='bbox 749 1663 851 1704; x_wconf 81' lang='lat' dir='ltr'><strong>licet</strong></span> <span class='ocrx_word' id='word_1_224' title='bbox 875 1663 1200 1715; x_wconf 76' lang='lat' dir='ltr'><strong>metropolitana</strong></span> <span class='ocrx_word' id='word_1_225' title='bbox 1222 1661 1320 1703; x_wconf 85' lang='lat' dir='ltr'><strong>olim</strong></span> <span class='ocrx_word' id='word_1_226' title='bbox 1340 1665 1407 1702; x_wconf 85' lang='lat' dir='ltr'><strong>est</strong></span> <span class='ocrx_word' id='word_1_227' title='bbox 1435 1663 1648 1701; x_wconf 78' lang='lat' dir='ltr'><strong>nominata</strong></span> <span class='ocrx_word' id='word_1_228' title='bbox 1674 1664 1717 1700; x_wconf 87' lang='lat' dir='ltr'><strong>et</strong></span> 
     </span>
     <span class='ocr_line' id='line_1_29' title="bbox 311 1712 1718 1771; baseline -0.002 -15"><span class='ocrx_word' id='word_1_229' title='bbox 311 1716 393 1757; x_wconf 72' lang='lat' dir='ltr'><strong>hoc</strong></span> <span class='ocrx_word' id='word_1_230' title='bbox 420 1716 536 1770; x_wconf 73' lang='lat' dir='ltr'><strong>loyes</strong></span> <span class='ocrx_word' id='word_1_231' title='bbox 577 1720 775 1771; x_wconf 80' lang='lat' dir='ltr'><strong>antiquae</strong></span> <span class='ocrx_word' id='word_1_232' title='bbox 819 1720 1048 1766; x_wconf 81' lang='lat' dir='ltr'><strong>continent,</strong></span> <span class='ocrx_word' id='word_1_233' title='bbox 1079 1720 1216 1757; x_wconf 81' lang='lat' dir='ltr'><strong>tamen</strong></span> <span class='ocrx_word' id='word_1_234' title='bbox 1259 1715 1390 1768; x_wconf 76' lang='lat' dir='ltr'><strong>leyem</strong></span> <span class='ocrx_word' id='word_1_235' title='bbox 1417 1713 1538 1755; x_wconf 69' lang='lat' dir='ltr'><strong>nobis</strong></span> <span class='ocrx_word' id='word_1_236' title='bbox 1566 1712 1718 1766; x_wconf 80' lang='lat' dir='ltr'><strong>profe-</strong></span> 
     </span>
     <span class='ocr_line' id='line_1_30' title="bbox 314 1768 1718 1824; baseline -0.004 -12"><span class='ocrx_word' id='word_1_237' title='bbox 314 1770 507 1812; x_wconf 72' lang='lat' dir='ltr'><strong>rentibus</strong></span> <span class='ocrx_word' id='word_1_238' title='bbox 533 1771 652 1812; x_wconf 81' lang='lat' dir='ltr'><strong>nulla</strong></span> <span class='ocrx_word' id='word_1_239' title='bbox 679 1771 884 1812; x_wconf 79' lang='lat' dir='ltr'><strong>dubitatio</strong></span> <span class='ocrx_word' id='word_1_240' title='bbox 911 1783 1012 1812; x_wconf 81' lang='lat' dir='ltr'><strong>esse</strong></span> <span class='ocrx_word' id='word_1_241' title='bbox 1030 1772 1199 1823; x_wconf 77' lang='lat' dir='ltr'><strong>poterit,</strong></span> <span class='ocrx_word' id='word_1_242' title='bbox 1229 1782 1279 1810; x_wconf 84' lang='lat' dir='ltr'><strong>eo</strong></span> <span class='ocrx_word' id='word_1_243' title='bbox 1309 1769 1419 1824; x_wconf 81' lang='lat' dir='ltr'><strong>quod</strong></span> <span class='ocrx_word' id='word_1_244' title='bbox 1443 1768 1551 1809; x_wconf 84' lang='lat' dir='ltr'><strong>haec</strong></span> <span class='ocrx_word' id='word_1_245' title='bbox 1577 1770 1718 1808; x_wconf 77' lang='lat' dir='ltr'><strong>immo-</strong></span> 
     </span>
     <span class='ocr_line' id='line_1_31' title="bbox 312 1821 1716 1890; baseline -0.003 -25"><span class='ocrx_word' id='word_1_246' title='bbox 312 1829 359 1865; x_wconf 73' lang='lat' dir='ltr'><strong>ta</strong></span> <span class='ocrx_word' id='word_1_247' title='bbox 405 1829 448 1865; x_wconf 80' lang='lat' dir='ltr'><strong>et</strong></span> <span class='ocrx_word' id='word_1_248' title='bbox 477 1824 607 1889; x_wconf 59' lang='lat' dir='ltr'><strong>firma</strong></span> <span class='ocrx_word' id='word_1_249' title='bbox 647 1830 922 1878; x_wconf 80' lang='lat' dir='ltr'><strong>permaneant</strong></span> <span class='ocrx_word' id='word_1_250' title='bbox 959 1829 1002 1866; x_wconf 87' lang='lat' dir='ltr'><strong>et</strong></span> <span class='ocrx_word' id='word_1_251' title='bbox 1029 1823 1286 1890; x_wconf 80' lang='lat' dir='ltr'><strong>temporibus</strong></span> <span class='ocrx_word' id='word_1_252' title='bbox 1326 1822 1489 1874; x_wconf 81' lang='lat' dir='ltr'><strong>futuris</strong></span> <span class='ocrx_word' id='word_1_253' title='bbox 1518 1821 1716 1873; x_wconf 77' lang='lat' dir='ltr'><strong>auyenda.</strong></span> 
     </span>
     <span class='ocr_line' id='line_1_32' title="bbox 311 1875 1719 1932; baseline -0.002 -14"><span class='ocrx_word' id='word_1_254' title='bbox 311 1880 522 1932; x_wconf 87' lang='lat' dir='ltr'><strong>praeteriit</strong></span> <span class='ocrx_word' id='word_1_255' title='bbox 560 1875 664 1929; x_wconf 79' lang='grc' dir='ltr'><strong>ἅπερ</strong></span> <span class='ocrx_word' id='word_1_256' title='bbox 709 1878 987 1930; x_wconf 82' lang='grc' dir='ltr'><strong>Νικομηὸοῦσι</strong></span> <span class='ocrx_word' id='word_1_257' title='bbox 1017 1877 1219 1930; x_wconf 75' lang='grc' dir='ltr'><strong>ὑπῆρξεν,</strong></span> <span class='ocrx_word' id='word_1_258' title='bbox 1260 1882 1298 1917; x_wconf 90' lang='lat' dir='ltr'><strong>et</strong></span> <span class='ocrx_word' id='word_1_259' title='bbox 1326 1878 1425 1917; x_wconf 87' lang='lat' dir='ltr'><strong>bene</strong></span> <span class='ocrx_word' id='word_1_260' title='bbox 1451 1889 1512 1916; x_wconf 90' lang='lat' dir='ltr'><strong>me</strong></span> <span class='ocrx_word' id='word_1_261' title='bbox 1542 1876 1719 1916; x_wconf 80' lang='lat' dir='ltr'><strong>arbitro.</strong></span> 
     </span>
     <span class='ocr_line' id='line_1_33' title="bbox 314 1910 1719 1985; baseline -0.003 -13"><span class='ocrx_word' id='word_1_262' title='bbox 314 1946 395 1972; x_wconf 91' lang='grc' dir='ltr'><strong>ιιοιι</strong></span> <span class='ocrx_word' id='word_1_263' title='bbox 421 1933 522 1973; x_wconf 89' lang='lat' dir='ltr'><strong>enim</strong></span> <span class='ocrx_word' id='word_1_264' title='bbox 537 1935 683 1974; x_wconf 88' lang='lat' dir='ltr'><strong>Nicaea</strong></span> <span class='ocrx_word' id='word_1_265' title='bbox 711 1946 876 1985; x_wconf 89' lang='lat' dir='ltr'><strong>prorsus</strong></span> <span class='ocrx_word' id='word_1_266' title='bbox 896 1934 1146 1973; x_wconf 84' lang='lat' dir='ltr'><strong>Nicomediae</strong></span> <span class='ocrx_word' id='word_1_267' title='bbox 1165 1910 1239 1971; x_wconf 82' lang='lat' dir='ltr'><strong>fuit</strong></span> <span class='ocrx_word' id='word_1_268' title='bbox 1254 1936 1435 1984; x_wconf 86' lang='lat' dir='ltr'><strong>aequata,</strong></span> <span class='ocrx_word' id='word_1_269' title='bbox 1463 1930 1531 1969; x_wconf 90' lang='lat' dir='ltr'><strong>sed</strong></span> <span class='ocrx_word' id='word_1_270' title='bbox 1558 1929 1719 1969; x_wconf 87' lang='lat' dir='ltr'><strong>secundi</strong></span> 
     </span>
     <span class='ocr_line' id='line_1_34' title="bbox 315 1979 1719 2048; baseline -0.003 -22"><span class='ocrx_word' id='word_1_271' title='bbox 315 1987 394 2027; x_wconf 86' lang='lat' dir='ltr'><strong>loci</strong></span> <span class='ocrx_word' id='word_1_272' title='bbox 422 1988 675 2048; x_wconf 78' lang='lat' dir='ltr'><strong>metropoliS‚</strong></span> <span class='ocrx_word' id='word_1_273' title='bbox 719 1988 844 2028; x_wconf 89' lang='lat' dir='ltr'><strong>salvis</strong></span> <span class='ocrx_word' id='word_1_274' title='bbox 882 1988 1061 2027; x_wconf 89' lang='lat' dir='ltr'><strong>omnibus</strong></span> <span class='ocrx_word' id='word_1_275' title='bbox 1099 1997 1219 2026; x_wconf 89' lang='lat' dir='ltr'><strong>verae</strong></span> <span class='ocrx_word' id='word_1_276' title='bbox 1246 1985 1466 2047; x_wconf 87' lang='lat' dir='ltr'><strong>metropoli,</strong></span> <span class='ocrx_word' id='word_1_277' title='bbox 1495 1988 1640 2023; x_wconf 84' lang='lat' dir='ltr'><strong>creata.</strong></span> <span class='ocrx_word' id='word_1_278' title='bbox 1696 1979 1719 2032; x_wconf 79' lang='grc' dir='ltr'><em>ἦ</em></span> 
     </span>
     <span class='ocr_line' id='line_1_35' title="bbox 312 2036 1722 2095; baseline -0.001 -17"><span class='ocrx_word' id='word_1_279' title='bbox 312 2040 357 2079; x_wconf 76' lang='grc' dir='ltr'><strong>ἑν</strong></span> <span class='ocrx_word' id='word_1_280' title='bbox 387 2041 561 2093; x_wconf 73' lang='grc' dir='ltr'><strong>δευτέρῳ</strong></span> <span class='ocrx_word' id='word_1_281' title='bbox 592 2039 700 2095; x_wconf 70' lang='grc' dir='ltr'><strong><em>τόπῳ</em></strong></span> <span class='ocrx_word' id='word_1_282' title='bbox 738 2036 842 2079; x_wconf 84' lang='grc' dir='ltr'><strong>ουσα</strong></span> <span class='ocrx_word' id='word_1_283' title='bbox 871 2038 1155 2090; x_wconf 79' lang='grc' dir='ltr'><strong>μητροπόλεως</strong></span> <span class='ocrx_word' id='word_1_284' title='bbox 1184 2036 1353 2088; x_wconf 82' lang='grc' dir='ltr'><strong>ὀνόματι</strong></span> <span class='ocrx_word' id='word_1_285' title='bbox 1383 2039 1578 2086; x_wconf 82' lang='grc' dir='ltr'><strong>καλεῖται,</strong></span> <span class='ocrx_word' id='word_1_286' title='bbox 1605 2036 1722 2076; x_wconf 85' lang='lat' dir='ltr'><strong>iidem</strong></span> 
     </span>
     <span class='ocr_line' id='line_1_36' title="bbox 313 2090 1721 2148; baseline -0.004 -14"><span class='ocrx_word' id='word_1_287' title='bbox 313 2095 486 2148; x_wconf 86' lang='lat' dir='ltr'><strong>Augusti</strong></span> <span class='ocrx_word' id='word_1_288' title='bbox 512 2096 622 2136; x_wconf 88' lang='lat' dir='ltr'><strong>aiunt</strong></span> <span class='ocrx_word' id='word_1_289' title='bbox 642 2096 681 2135; x_wconf 88' lang='lat' dir='ltr'><strong>in</strong></span> <span class='ocrx_word' id='word_1_290' title='bbox 710 2096 834 2147; x_wconf 87' lang='lat' dir='ltr'><strong>Epist.</strong></span> <span class='ocrx_word' id='word_1_291' title='bbox 866 2096 919 2135; x_wconf 89' lang='lat' dir='ltr'><strong>ad</strong></span> <span class='ocrx_word' id='word_1_292' title='bbox 936 2094 1250 2134; x_wconf 90' lang='lat' dir='ltr'><strong>Nicomedienses</strong></span> <span class='ocrx_word' id='word_1_293' title='bbox 1278 2106 1316 2144; x_wconf 92' lang='lat' dir='ltr'><strong>p.</strong></span> <span class='ocrx_word' id='word_1_294' title='bbox 1334 2095 1425 2131; x_wconf 85' lang='lat'><strong>103.</strong></span> <span class='ocrx_word' id='word_1_295' title='bbox 1458 2090 1654 2131; x_wconf 82' lang='lat' dir='ltr'><strong>adduntur</strong></span> <span class='ocrx_word' id='word_1_296' title='bbox 1680 2091 1721 2129; x_wconf 91' lang='lat' dir='ltr'><strong>in</strong></span> 
     </span>
     <span class='ocr_line' id='line_1_37' title="bbox 314 2144 1722 2205; baseline -0.004 -18"><span class='ocrx_word' id='word_1_297' title='bbox 314 2151 451 2189; x_wconf 87' lang='lat' dir='ltr'><strong>eadem</strong></span> <span class='ocrx_word' id='word_1_298' title='bbox 486 2150 787 2200; x_wconf 86' lang='lat' dir='ltr'><strong>constitutione,</strong></span> <span class='ocrx_word' id='word_1_299' title='bbox 827 2161 904 2202; x_wconf 89' lang='lat' dir='ltr'><strong>qua</strong></span> <span class='ocrx_word' id='word_1_300' title='bbox 931 2150 1078 2188; x_wconf 86' lang='lat' dir='ltr'><strong>Nicaea</strong></span> <span class='ocrx_word' id='word_1_301' title='bbox 1106 2148 1333 2198; x_wconf 90' lang='lat' dir='ltr'><strong>metropolis</strong></span> <span class='ocrx_word' id='word_1_302' title='bbox 1359 2147 1424 2195; x_wconf 86' lang='lat' dir='ltr'><strong>fit,</strong></span> <span class='ocrx_word' id='word_1_303' title='bbox 1456 2145 1648 2205; x_wconf 85' lang='lat' dir='ltr'><strong>quaedam</strong></span> <span class='ocrx_word' id='word_1_304' title='bbox 1672 2144 1722 2183; x_wconf 92' lang='lat' dir='ltr'><strong>de</strong></span> 
     </span>
     <span class='ocr_line' id='line_1_38' title="bbox 314 2194 1722 2256; baseline -0.006 -13"><span class='ocrx_word' id='word_1_305' title='bbox 314 2203 585 2252; x_wconf 82' lang='lat' dir='ltr'><strong>Bithynarcha</strong></span> <span class='ocrx_word' id='word_1_306' title='bbox 621 2204 780 2256; x_wconf 88' lang='lat' dir='ltr'><strong>eiusque</strong></span> <span class='ocrx_word' id='word_1_307' title='bbox 823 2204 977 2243; x_wconf 90' lang='lat' dir='ltr'><strong>solenni</strong></span> <span class='ocrx_word' id='word_1_308' title='bbox 1006 2204 1048 2243; x_wconf 90' lang='lat' dir='ltr'><strong>in</strong></span> <span class='ocrx_word' id='word_1_309' title='bbox 1087 2201 1295 2252; x_wconf 87' lang='lat' dir='ltr'><strong>metropoli</strong></span> <span class='ocrx_word' id='word_1_310' title='bbox 1321 2211 1520 2252; x_wconf 89' lang='lat' dir='ltr'><strong>processu,</strong></span> <span class='ocrx_word' id='word_1_311' title='bbox 1547 2194 1722 2251; x_wconf 83' lang='grc' dir='ltr'><strong>προόὸω,</strong></span> 
     </span>
     <span class='ocr_line' id='line_1_39' title="bbox 316 2258 858 2309; baseline 0.002 -13"><span class='ocrx_word' id='word_1_312' title='bbox 316 2270 418 2309; x_wconf 79' lang='lat' dir='ltr'><strong>quae</strong></span> <span class='ocrx_word' id='word_1_313' title='bbox 448 2258 518 2297; x_wconf 87' lang='lat' dir='ltr'><strong>vix</strong></span> <span class='ocrx_word' id='word_1_314' title='bbox 547 2258 643 2298; x_wconf 91' lang='lat' dir='ltr'><strong>alibi</strong></span> <span class='ocrx_word' id='word_1_315' title='bbox 669 2258 858 2309; x_wconf 79' lang='lat' dir='ltr'><strong>reperias.</strong></span> 
     </span>
    </p>

    <p class='ocr_par' dir='ltr' id='par_1_4' title="bbox 313 2306 1725 2575">
     <span class='ocr_line' id='line_1_40' title="bbox 424 2306 1725 2361; baseline -0.005 -12"><span class='ocrx_word' id='word_1_316' title='bbox 424 2310 624 2352; x_wconf 80' lang='lat' dir='ltr'><strong>Ibid.1o.</strong></span> <span class='ocrx_word' id='word_1_317' title='bbox 681 2308 1056 2361; x_wconf 72' lang='grc' dir='ltr'><strong>Βασιλεινοιὲπολις]</strong></span> <span class='ocrx_word' id='word_1_318' title='bbox 1095 2308 1234 2361; x_wconf 85' lang='lat' dir='ltr'><strong>gravis</strong></span> <span class='ocrx_word' id='word_1_319' title='bbox 1262 2308 1336 2347; x_wconf 87' lang='lat' dir='ltr'><strong>hac</strong></span> <span class='ocrx_word' id='word_1_320' title='bbox 1364 2307 1414 2346; x_wconf 91' lang='lat' dir='ltr'><strong>de</strong></span> <span class='ocrx_word' id='word_1_321' title='bbox 1442 2306 1540 2346; x_wconf 87' lang='lat' dir='ltr'><strong>urbe</strong></span> <span class='ocrx_word' id='word_1_322' title='bbox 1566 2308 1725 2347; x_wconf 87' lang='lat' dir='ltr'><strong>conten-</strong></span> 
     </span>
     <span class='ocr_line' id='line_1_41' title="bbox 313 2359 1720 2405; baseline -0.004 -2"><span class='ocrx_word' id='word_1_323' title='bbox 313 2364 371 2403; x_wconf 71' lang='lat' dir='ltr'><strong>tio</strong></span> <span class='ocrx_word' id='word_1_324' title='bbox 396 2364 499 2404; x_wconf 89' lang='lat' dir='ltr'><strong>inter</strong></span> <span class='ocrx_word' id='word_1_325' title='bbox 531 2366 760 2405; x_wconf 84' lang='lat' dir='ltr'><strong>Eunomium</strong></span> <span class='ocrx_word' id='word_1_326' title='bbox 794 2365 1123 2404; x_wconf 87' lang='lat' dir='ltr'><strong>Nicomediensem</strong></span> <span class='ocrx_word' id='word_1_327' title='bbox 1163 2367 1202 2402; x_wconf 85' lang='lat' dir='ltr'><strong>et</strong></span> <span class='ocrx_word' id='word_1_328' title='bbox 1229 2362 1482 2401; x_wconf 74' lang='lat' dir='ltr'><strong>Anastasiuin</strong></span> <span class='ocrx_word' id='word_1_329' title='bbox 1508 2359 1720 2399; x_wconf 76' lang='lat' dir='ltr'><strong>Nicaenum</strong></span> 
     </span>
     <span class='ocr_line' id='line_1_42' title="bbox 315 2414 1721 2469; baseline -0.004 -12"><span class='ocrx_word' id='word_1_330' title='bbox 315 2417 357 2458; x_wconf 88' lang='lat' dir='ltr'><strong>in</strong></span> <span class='ocrx_word' id='word_1_331' title='bbox 385 2418 697 2459; x_wconf 84' lang='lat' dir='ltr'><strong>Chalcedonensi</strong></span> <span class='ocrx_word' id='word_1_332' title='bbox 736 2420 811 2459; x_wconf 84' lang='lat' dir='ltr'><strong>fuit</strong></span> <span class='ocrx_word' id='word_1_333' title='bbox 839 2419 1011 2468; x_wconf 90' lang='lat' dir='ltr'><strong>synodo,</strong></span> <span class='ocrx_word' id='word_1_334' title='bbox 1039 2422 1205 2469; x_wconf 90' lang='lat' dir='ltr'><strong>utroque</strong></span> <span class='ocrx_word' id='word_1_335' title='bbox 1244 2417 1377 2456; x_wconf 88' lang='lat' dir='ltr'><strong>urbem</strong></span> <span class='ocrx_word' id='word_1_336' title='bbox 1405 2414 1480 2454; x_wconf 87' lang='lat' dir='ltr'><strong>sibi</strong></span> <span class='ocrx_word' id='word_1_337' title='bbox 1508 2417 1721 2454; x_wconf 88' lang='lat' dir='ltr'><strong>asserente.</strong></span> 
     </span>
     <span class='ocr_line' id='line_1_43' title="bbox 315 2465 1721 2530; baseline -0.005 -19"><span class='ocrx_word' id='word_1_338' title='bbox 315 2477 478 2524; x_wconf 87' lang='lat' dir='ltr'><strong>praeter</strong></span> <span class='ocrx_word' id='word_1_339' title='bbox 508 2474 590 2513; x_wconf 83' lang='lat' dir='ltr'><strong>alia</strong></span> <span class='ocrx_word' id='word_1_340' title='bbox 618 2474 853 2513; x_wconf 88' lang='lat' dir='ltr'><strong>Anastasius</strong></span> <span class='ocrx_word' id='word_1_341' title='bbox 881 2478 972 2511; x_wconf 88' lang='lat' dir='ltr'><strong>tom.</strong></span> <span class='ocrx_word' id='word_1_342' title='bbox 987 2477 1014 2511; x_wconf 88' lang='grc'><strong>9</strong></span> <span class='ocrx_word' id='word_1_343' title='bbox 1043 2485 1079 2523; x_wconf 90' lang='lat' dir='ltr'><strong>p.</strong></span> <span class='ocrx_word' id='word_1_344' title='bbox 1095 2475 1150 2511; x_wconf 85' lang='grc'><strong>98</strong></span> <span class='ocrx_word' id='word_1_345' title='bbox 1181 2466 1259 2519; x_wconf 79' lang='grc' dir='ltr'><strong>ἐγώ</strong></span> <span class='ocrx_word' id='word_1_346' title='bbox 1288 2468 1333 2507; x_wconf 75' lang='grc' dir='ltr'><strong>δὲ</strong></span> <span class='ocrx_word' id='word_1_347' title='bbox 1363 2467 1558 2515; x_wconf 74' lang='grc' dir='ltr'><strong>δείκνυμι,</strong></span> <span class='ocrx_word' id='word_1_348' title='bbox 1583 2465 1721 2530; x_wconf 85' lang='lat' dir='ltr'><strong>inquit,</strong></span> 
     </span>
     <span class='ocr_line' id='line_1_44' title="bbox 315 2515 1723 2584; baseline -0.005 -21"><span class='ocrx_word' id='word_1_349' title='bbox 315 2522 660 2564; x_wconf 77' lang='grc' dir='ltr'><strong>,Βασιλινούιιολιν</strong></span> <span class='ocrx_word' id='word_1_350' title='bbox 691 2525 759 2564; x_wconf 72' lang='grc' dir='ltr'><strong>ἀεὶ</strong></span> <span class='ocrx_word' id='word_1_351' title='bbox 785 2522 864 2563; x_wconf 68' lang='grc' dir='ltr'><strong>’ὑπὸ</strong></span> <span class='ocrx_word' id='word_1_352' title='bbox 894 2527 1073 2564; x_wconf 82' lang='grc' dir='ltr'><strong>Νικαιαν</strong></span> <span class='ocrx_word' id='word_1_353' title='bbox 1102 2523 1338 2577; x_wconf 78' lang='grc' dir='ltr'><strong>γενομένην·</strong></span> <span class='ocrx_word' id='word_1_354' title='bbox 1370 2534 1436 2558; x_wconf 88' lang='grc' dir='ltr'><strong>και</strong></span> <span class='ocrx_word' id='word_1_355' title='bbox 1463 2516 1552 2584; x_wconf 75' lang='grc' dir='ltr'><strong>γάρ</strong></span> <span class='ocrx_word' id='word_1_356' title='bbox 1570 2515 1723 2584; x_wconf 56' lang='lat' dir='ltr'><strong>&lt;hymba</strong></span> 
     </span>
    </p>

    <p class='ocr_par' dir='ltr' id='par_1_5' title="bbox 317 2568 1725 2685">
     <span class='ocr_line' id='line_1_45' title="bbox 348 2568 1724 2643; baseline -0.005 -27"><span class='ocrx_word' id='word_1_357' title='bbox 348 2592 368 2616; x_wconf 84' lang='grc' dir='ltr'><em>ν</em></span> <span class='ocrx_word' id='word_1_358' title='bbox 395 2577 535 2629; x_wconf 65' lang='grc' dir='ltr'><em>αὐτῆς.</em></span> <span class='ocrx_word' id='word_1_359' title='bbox 590 2580 718 2617; x_wconf 81' lang='grc' dir='ltr'><em>ταῦτα</em></span> <span class='ocrx_word' id='word_1_360' title='bbox 746 2575 794 2618; x_wconf 76' lang='grc' dir='ltr'><strong>τοὶ</strong></span> <span class='ocrx_word' id='word_1_361' title='bbox 822 2576 1097 2643; x_wconf 74' lang='grc' dir='ltr'><strong>βουλευτήρια</strong></span> <span class='ocrx_word' id='word_1_362' title='bbox 1124 2572 1232 2616; x_wconf 76' lang='grc' dir='ltr'><strong>οἶδε·</strong></span> <span class='ocrx_word' id='word_1_363' title='bbox 1288 2589 1354 2613; x_wconf 88' lang='grc' dir='ltr'><strong>και</strong></span> <span class='ocrx_word' id='word_1_364' title='bbox 1384 2571 1501 2623; x_wconf 77' lang='grc' dir='ltr'><strong>είνιοι,</strong></span> <span class='ocrx_word' id='word_1_365' title='bbox 1529 2568 1608 2610; x_wconf 76' lang='grc' dir='ltr'><strong>ὑπὸ</strong></span> <span class='ocrx_word' id='word_1_366' title='bbox 1633 2571 1724 2610; x_wconf 71' lang='grc' dir='ltr'><em>τίνα</em></span> 
     </span>
     <span class='ocr_line' id='line_1_46' title="bbox 317 2624 1725 2685; baseline -0.002 -15"><span class='ocrx_word' id='word_1_367' title='bbox 317 2646 366 2684; x_wconf 81' lang='grc' dir='ltr'><strong>ην</strong></span> <span class='ocrx_word' id='word_1_368' title='bbox 395 2631 757 2685; x_wconf 79' lang='grc' dir='ltr'><strong>Βασιλιιούιιολις,</strong></span> <span class='ocrx_word' id='word_1_369' title='bbox 798 2634 837 2673; x_wconf 78' lang='grc' dir='ltr'><strong>εἰ</strong></span> <span class='ocrx_word' id='word_1_370' title='bbox 869 2629 926 2684; x_wconf 70' lang='grc' dir='ltr'><strong>μή</strong></span> <span class='ocrx_word' id='word_1_371' title='bbox 966 2645 1113 2684; x_wconf 81' lang='grc' dir='ltr'><em>ρεγεων</em></span> <span class='ocrx_word' id='word_1_372' title='bbox 1151 2624 1201 2682; x_wconf 78' lang='grc' dir='ltr'><strong>ἦν</strong></span> <span class='ocrx_word' id='word_1_373' title='bbox 1235 2629 1427 2674; x_wconf 71' lang='grc' dir='ltr'><strong>Νικαίας.</strong></span> <span class='ocrx_word' id='word_1_374' title='bbox 1483 2639 1558 2680; x_wconf 68' lang='lat' dir='ltr'><strong>eqo</strong></span> <span class='ocrx_word' id='word_1_375' title='bbox 1585 2630 1725 2668; x_wconf 81' lang='lat' dir='ltr'><strong>oslen-</strong></span> 
     </span>
    </p>
   </div>
  </div>
 </body>
</html>
