1780 3132
212 154 284 194 DE
322 149 770 193 ADMINISTRANDO
811 151 1037 192 IMPERIO
1077 148 1195 192 CAP.
1231 153 1297 193 22.
1329 151 1396 193 93.
1488 142 1578 186 107

128 247 292 307 Ἴβηρος
319 251 534 304 ποταμοῦ,
564 245 617 291 οὗ
644 251 848 304 μέμνηται
887 247 1201 303 Ἀπολλόδωρος
1233 247 1277 288 ἐν
1302 243 1356 302 τῇ
1383 243 1481 298 περὶ
1507 245 1583 298 γῆς

136 317 203 371 β’·
251 315 400 366 “έντὸς
447 318 493 358 δὲ
521 315 727 371 Πυρήνης
749 309 866 370 Ἴβηρ
907 318 942 356 τ’
971 317 1062 357 ἐστι’
1086 317 1214 368 μέγας
1242 309 1428 364 ποταμὸς
1456 307 1584 365 φερό-

137 398 260 436 μενος
286 377 526 436 ένδοτέρωῖ’
586 380 739 436 ταύτης
779 381 826 422 δὲ
864 379 995 422 πολλά
1025 396 1156 436 φασιν
1185 377 1285 432 ἔθνη
1313 378 1584 430 διαιρεῖσθαι,

139 445 333 500 καθάπερ
358 446 602 502 Ἵ-Ιρόδωρος
629 448 674 488 ἐν
702 448 754 502 τῇ
782 447 931 502 δεκάτῃ
959 448 1042 488 τῶν
1075 449 1173 486 καθ’
1194 443 1406 497 (Ηρακλέα
1436 441 1586 495 γέγρα-

105 519 219 570 5φεν
245 511 420 570 ἱστορίᾳ,
453 511 599 561 οὕτως.
647 510 718 554 “td
750 514 795 553 δὲ
818 510 1023 566 Ἰβηρικὸν
1044 514 1158 564 γένος
1178 513 1316 563 τοῦτο,
1343 505 1444 562 ὅπερ
1476 507 1590 562 φημὶ

141 580 267 621 οἰκεῖν
296 577 350 620 τοὶ
378 576 567 632 παράλια
589 579 666 620 τοῦ
693 575 888 630 διάπλου,
924 574 1144 631 διώρισται
1174 574 1372 628 ὀνόμασιν
1402 572 1446 615 ἓν
1471 575 1588 627 γένος

139 644 212 687 ἑὸν
235 642 341 686 κατά
376 646 504 699 φῦλα.
563 646 728 698 πρῶτον
754 645 832 696 μὲν
873 643 913 684 οἱ
941 643 1012 684 ἐπὶ
1039 647 1125 690 τοῖς
1158 639 1352 694 ἐσχάτοις
1382 641 1587 687 οἰκοῦντες

139 709 194 753 τὰ
221 709 327 765 πρὸς
370 712 564 762 δυσμέων
592 706 782 764 Κύνητες
810 709 1108 761 ὀνομάζονται,
1139 707 1208 748 ἀπ’
1238 708 1404 749 ἐκείνων
1433 706 1479 746 δὲ
1507 699 1587 758 ἤδη

140 775 244 830 πρὸς
270 778 424 830 βορέαν
449 775 556 816 ἰόντι
585 776 763 829 Γλῆτες,
803 773 905 827 μετὰ
936 775 981 814 δὲ
1016 774 1262 827 Ταρτήσιοι,
1292 770 1399 824 μετὰ
1429 772 1475 812 δὲ
1500 770 1590 812 Ἐλ-

86 842 334 895 Ῑθβυσίνιοι,
362 840 470 894 μετὰ
499 842 544 882 δὲ
571 843 841 895 Μαστιηνοί,
869 838 976 893 μετὰ
1011 840 1057 880 δὲ
1084 837 1340 888 Καλπιανοί,
1371 835 1512 878 ἔπειτα
1544 837 1591 876 δὲ

140 901 222 962 ἤδη
262 903 285 946 ὖ
317 901 553 955 Ῥοδανός.”
605 900 912 960 Ἀρτεμίδωρος
936 906 1045 946 δὲέν
1071 906 1122 960 τῇ
1149 904 1184 956 β’
1212 905 1295 944 τῶν
1315 915 1591 957 γεωγραφου-

139 973 276 1025 μένων
315 967 425 1014 οὕτω
462 973 723 1026 διαιρεῖσθαι
765 971 906 1026 φησίν.
969 970 1079 1011 “dno
1127 971 1174 1012 δὲ
1212 970 1296 1011 τῶν
1332 969 1592 1023 Πυρηναίων

140 1037 248 1091 ὄρῶν
277 1036 355 1086 ἕως
383 1039 468 1079 τῶν
496 1036 598 1079 κατιὶ
629 1037 819 1091 Γάδειρα
848 1036 988 1077 τόπων
1013 1037 1216 1089 ἐνδοτέρω
1247 1034 1318 1075 καί
1337 1031 1592 1085 συνωνύμως

101 1155 105 1158 -
138 1105 296 1159 Ἰβηριά
323 1118 367 1145 τε
397 1104 468 1145 καί
493 1103 656 1145 Σπανία
682 1107 880 1144 καλεῖται.
955 1102 1152 1158 διῄρηται
1184 1102 1230 1142 δὲ
1258 1099 1338 1141 ὑπὸ
1368 1100 1592 1152 Ῥωμαίων

87 1172 200 1218 1525,-
233 1167 308 1210 δύο
336 1170 541 1224 ἐπαρχίας
565 1199 576 1210 .
597 1199 608 1210 .
634 1199 645 1210 .
679 1169 943 1210 διατείνουσα
973 1166 1054 1208 αἠὁ
1086 1170 1170 1208 τῶν
1192 1168 1452 1221 Πυρηναίων
1481 1164 1629 1217 ὀρῶνΡ
1657 1165 1699 1199 77

141 1225 285 1276 ἅπασα
325 1236 454 1288 μέχρι
501 1236 572 1288 τῆς
614 1236 758 1289 καινῆς
788 1233 1067 1289 Καρχηδόνος
1112 1232 1183 1274 καί
1209 1235 1289 1274 τῶν
1316 1232 1392 1273 τοῦ
1420 1233 1593 1279 Βαίτιος

139 1302 309 1354 πηγῶν·
381 1301 455 1355 τῆς
485 1302 532 1341 δὲ
560 1301 761 1353 δευτέρας
805 1300 1011 1352 ἐπαρχίας
1036 1299 1086 1340 τὰ
1119 1299 1246 1353 μέχρι
1275 1299 1493 1352 Γαδείρων
1519 1296 1594 1338 καί

140 1362 466 1414 Λουσιτανιῖις.”
525 1367 687 1419 λέγεται
711 1367 757 1406 δὲ
776 1365 849 1406 καί
875 1365 1084 1419 Ἰβηρίτης.
1143 1367 1389 1418 Παρθένιος
1416 1366 1461 1406 ὲν
1474 1367 1592 1406 Λευ-

138 1430 303 1480 καδίαις
334 1430 362 1446 “
377 1431 554 1488 Ἰβηρίτῃ
600 1429 813 1472 πλεύσειεν
856 1426 1069 1486 αἰγιαλῷ.”
1138 1429 1162 1485 ἧ
1202 1432 1247 1472 δὲ
1275 1428 1398 1486 ἑτέρα
1434 1428 1592 1485 Ἰβηρώι

231 1572 254 1605 3
279 1572 414 1615 ταύτην
438 1571 478 1606 δὲ
501 1573 553 1611 εἷς
575 1568 691 1606 πολλὰ
714 1570 910 1604 Bandurius
933 1576 1015 1616 post
1039 1570 1243 1604 Berkelium
1370 1573 1394 1603 4
1415 1567 1586 1614 ‘qudw-

232 1631 298 1665 ρος
330 1618 525 1652 Bandurius
559 1630 633 1664 prod
656 1618 856 1664 ‘qud‘oroc
1025 1617 1047 1651 6
1083 1618 1216 1664 διαροῦ
1241 1618 1279 1650 Μ
1311 1627 1356 1649 an
1393 1616 1586 1651 uixeoevofi?

232 1672 328 1700 certe
361 1660 407 1700 τὰ
441 1666 608 1713 παράλια
643 1665 707 1708 τῆς
740 1665 933 1707 θαλάσσης
961 1677 984 1710 p
1016 1665 1131 1706 113,ss
1265 1664 1288 1698 8
1322 1657 1418 1709 πρὸς
1450 1663 1522 1696 add
1559 1664 1585 1696 B

233 1712 257 1746 9
296 1714 495 1748 ἐλευσίνιοι
532 1732 578 1738 —-
608 1715 785 1759 μαστινοὶ
815 1732 858 1739 —
884 1714 1077 1753 κελκιανοί,
1103 1713 1228 1747 ἔπειτα
1252 1711 1292 1746 δὲ
1317 1710 1336 1754 ἦ
1362 1711 1587 1756 διορόδανος

230 1759 338 1793 libri:
378 1759 533 1793 correxit
567 1759 751 1792 Berkelius
787 1771 821 1804 q.
846 1771 879 1792 v.
1010 1759 1052 1793 15
1080 1765 1162 1804 post
1187 1760 1371 1804 ἐπαρχίας
1403 1758 1583 1791 Berkelius

231 1807 357 1851 πρώτη
382 1806 454 1853 μὲν
482 1808 644 1851 ἐπαρχία
777 1807 820 1839 18
844 1812 926 1839 ante
954 1807 1098 1851 λέγεται
1122 1804 1323 1839 Berkelius:
1360 1800 1401 1840 τὸ
1428 1799 1582 1840 ἐθνικὸν

224 1852 320 1900 Ἰβηρ
412 1854 520 1887 immo
543 1852 748 1898 Λευκαδίᾳ,
772 1860 894 1886 monet
924 1851 1126 1886 Meinekius
1250 1851 1292 1885 19
1316 1850 1454 1899 πλεύσῃ
1482 1852 1549 1888 ἑνὶ)

137 1971 285 2005 flumine
309 1972 359 2004 sic
387 1971 494 2012 dicta,
518 1972 619 2005 cuius
644 1971 884 2016 Apollodorus
911 1972 1004 2005 libro
1030 1971 1186 2005 secundo
1223 1971 1473 2017 descriptionis
1507 1975 1583 2005 ter·

137 2029 196 2051 rae
220 2019 402 2051 meminit:
426 2017 545 2052 “intra
571 2019 769 2062 Pyrenaeos
798 2024 852 2051 est
880 2019 1002 2051 iberus
1034 2030 1180 2063 magnus
1205 2018 1346 2059 fluvius,
1370 2019 1432 2064 qui
1460 2019 1497 2051 in
1526 2020 1584 2051 in-
1619 2057 1622 2061 ¹

135 2066 282 2099 tei-iores
318 2066 432 2098 fertur
463 2065 658 2109 regiones.”
707 2067 799 2099 hanc
837 2067 875 2098 in
910 2066 1039 2099 multas
1074 2072 1196 2109 gentes
1234 2066 1383 2098 divisam
1415 2065 1587 2111 perhibet

134 2111 342 2146 Herodorus
366 2112 460 2145 libro
489 2124 574 2146 suae
594 2112 768 2146 historiae
792 2113 943 2153 decimo,
968 2124 1073 2157 quam
1099 2112 1144 2145 de
1171 2113 1325 2145 Hercule
1350 2113 1583 2155 consignavit,

133 2157 192 2191 his
216 2159 344 2192 verbis.
388 2159 500 2204 “gens
524 2159 612 2193 haec
630 2159 777 2200 Iberica,
802 2172 910 2205 quam
939 2160 1019 2192 dico
1045 2160 1219 2192 maritima
1243 2159 1382 2193 traiecti
1407 2159 1584 2199 habitare,

133 2207 295 2251 quamvis
320 2217 390 2238 una
415 2217 499 2250 gens
527 2207 586 2249 sit,
616 2206 764 2239 diversis
790 2212 909 2240 tamen
934 2206 1138 2239 nominibus
1162 2205 1358 2240 secundum
1383 2206 1498 2239 tribus
1526 2206 1583 2239 di-

135 2253 264 2286 stincta
289 2258 353 2286 est.
402 2253 555 2297 primum
587 2253 757 2299 quidem,
789 2254 851 2298 qui
898 2255 1015 2286 ultimi
1053 2261 1172 2286 versus
1207 2264 1368 2286 occasum
1402 2253 1582 2294 habitant,

134 2299 288 2341 Cynetes
320 2301 558 2344 appellantur.
618 2300 661 2332 ab
701 2300 755 2333 his
795 2311 914 2333 versus
947 2301 1152 2345 aquilonem
1190 2300 1354 2333 tendenti
1391 2306 1584 2334 occurrunt

134 2346 272 2387 Gletes,
297 2351 381 2379 tunc
406 2347 591 2388 Tartessii,
617 2347 749 2380 deinde
774 2347 961 2389 Elbysinii,
986 2353 1068 2391 post
1094 2347 1158 2380 hos
1182 2347 1363 2387 Mastieni,
1397 2352 1472 2380 tum
1497 2347 1580 2380 Cal-

132 2393 255 2437 piani,
295 2392 453 2438 denique
489 2395 594 2427 etiam
631 2393 854 2427 Rhodanus?
906 2393 1153 2427 Artemidorus
1185 2405 1270 2427 vero
1303 2394 1396 2427 libro
1420 2393 1581 2428 secundo

131 2439 444 2484 geographicorum
467 2440 517 2473 ita
545 2440 693 2474 divisam
718 2442 844 2474 refert:
886 2439 931 2472 “a
957 2441 1142 2483 Pyrenaeis
1176 2441 1359 2474 montibus
1393 2453 1506 2487 usque
1533 2441 1579 2473 ad

130 2486 402 2527 mediterranea,
427 2497 518 2532 quae
544 2494 627 2521 sunt
651 2488 746 2533 apud
771 2487 900 2528 Gades,
925 2488 1102 2520 communi
1125 2489 1270 2521 nomine
1287 2487 1405 2521 Iberia
1430 2494 1467 2521 et
1486 2488 1578 2532 Spa-

130 2533 191 2565 nia
217 2539 454 2578 nuncupatur.
504 2545 524 2566 a
549 2535 712 2568 Romanis
740 2535 778 2568 in
804 2535 892 2567 duas
920 2535 1117 2578 provincias
1143 2535 1257 2568 divisa
1287 2541 1363 2568 est:
1402 2536 1515 2579 prima
1540 2546 1581 2568 se

130 2579 296 2613 extendit
320 2579 484 2613 universa
511 2592 531 2612 a
555 2582 743 2625 Pyrenaeis
770 2582 953 2615 montibus
975 2593 1087 2627 usque
1114 2581 1160 2614 ad
1184 2593 1310 2615 novam
1328 2582 1578 2624 Carthaginem

130 2630 169 2658 et
192 2626 308 2660 fontes
332 2627 489 2660 fluminis
515 2628 649 2671 Baetis3
675 2628 830 2661 secunda
855 2633 975 2662 autem
999 2629 1181 2674 provincia
1204 2634 1366 2674 occupat,
1391 2628 1490 2674 quod
1517 2640 1578 2661 su-

127 2678 248 2716 perest
271 2672 316 2706 ad
341 2673 460 2707 Gades
502 2679 538 2707 et
572 2675 791 2708 Lusitaniam
829 2674 973 2721 usque.’‘
1034 2675 1162 2709 dicitur
1196 2681 1232 2709 et
1266 2675 1429 2709 lberites.
1496 2676 1578 2708 Par-

130 2717 275 2754 thenius
307 2721 345 2754 in
383 2721 567 2755 Leucadiis
599 2720 807 2766 “navigabit
839 2723 878 2756 in
913 2722 1034 2757 littore
1069 2721 1224 2757 iberita’³
1257 2722 1296 2756 id
1337 2728 1391 2757 est
1422 2722 1575 2757 Iberico,
