1780 3132
344 121 399 161 ΙΝ
437 119 804 162 SYNCEDEMUM
840 121 1279 164 COMMENTARIUS.
1436 117 1525 163 511

205 236 396 286 397,14.
455 230 761 286 Καστάβαλλα]
793 232 1070 285 Καστάβαλα.
1137 236 1345 289 Appianas
1371 236 1532 277 Mithri-

93 291 177 332 dat.
207 304 246 343 p.
265 292 347 330 403
384 288 458 338 τῆς
483 288 679 334 Κιλικίας
719 288 840 328 πόλιν
870 290 1065 344 Κάβαλα,
1103 303 1220 345 quam
1251 305 1328 345 ego
1357 288 1531 331 Καστά-

91 346 205 396 βαλα
235 346 379 395 credo,
404 348 609 385 memorat.
677 344 806 384 adfuit
853 347 1022 386 concilio
1063 346 1370 399 Constantinop.
1410 348 1531 386 tertio

92 409 130 454 Ρ.
150 405 234 441 670
261 401 499 441 Theodorus
527 394 686 445 πόλεως
712 413 793 437 των
814 399 1094 454 Κασταυλῶν,
1122 415 1197 455 pro
1230 398 1532 452 Κασταβάὶων.

13 457 17 462 ’
92 456 187 497 vide
211 457 303 497 ltin.
332 456 381 496 A.
413 469 452 508 p.
474 458 565 495 146.

198 525 309 568 [bid.
344 529 408 567 15.
489 521 568 563 ὑπὸ
611 520 925 574 κοισουλάριον]
968 527 1041 566 sub
1083 527 1268 580 Augusto
1320 528 1530 581 provincia

89 585 181 622 erat
209 578 456 634 στρατηγικὴ
500 581 586 621 sive
625 581 848 632 praetoria,
886 586 991 621 teste
1020 582 1222 622 Strabone
1249 584 1278 622 l.
1307 586 1360 624 14
1390 597 1428 637 Ρ.
1448 587 1531 625 684

91 642 133 677 et
162 637 242 677 fine
271 638 300 677 1.
330 642 396 687 17,
427 637 503 676 etsi
542 642 686 689 postea
713 636 765 676 ad
795 636 858 676 ius
893 637 1032 699 populi
1060 638 1240 688 redierit,
1269 639 1358 690 ipso
1389 651 1530 679 conce-

92 692 214 732 dente
244 692 440 746 Augusto,
469 696 509 731 et
536 691 768 744 proconsuli
796 692 990 744 paruerit,
1017 696 1062 732 ut
1088 705 1140 734 ex
1153 693 1281 733 Dione
1311 695 1367 734 54
1394 708 1432 746 Ρ.
1448 698 1531 735 589

89 747 336 789 100A1berti
363 748 405 788 in
438 747 525 787 Act
559 747 699 799 Apost.
731 749 785 787 13
813 751 840 787 7
877 747 1064 789 ostendit.
1093 752 1203 788 recte
1231 761 1331 802 ergo
1361 749 1531 803 Sergius

89 803 256 844 Paullus
297 803 354 844 ibi
381 797 621 847 ἀνθύπατος
658 802 830 854 dicitur,
863 803 1106 854 praesertim
1134 816 1222 844 cum
1251 809 1292 843 et
1321 802 1528 845 Cominius

87 858 256 899 Procius
284 858 327 899 in
355 857 596 911 Cypriorum
623 858 728 910 apud
758 858 1020 898 Vaillantium
1057 871 1175 898 numo
1204 854 1458 908 ἀνθύπατος
1490 865 1530 900 et

87 913 210 955 Caius
249 913 394 955 Antius
427 916 508 963 Qua
514 913 658 953 «iratus
689 909 863 964 Κρήτης
902 910 975 951 καί
999 910 1183 964 Κύπρου
1215 910 1458 961 ἀνθύπατος
1487 916 1530 956 in

85 969 225 1022 lapide
261 969 404 1023 Sponii
441 974 534 1009 tom.
579 972 603 1008 1
644 968 782 1010 Itiner.
825 982 864 1022 p.
885 971 966 1009 413
1000 969 1240 1021 appelletur.
1307 974 1401 1021 post
1436 971 1530 1012 dein

88 1025 294 1069 consulari
333 1025 495 1067 subdita
536 1027 618 1076 est,
650 1023 762 1065 cuius
802 1030 844 1065 et
883 1024 1039 1066 Notitia
1077 1024 1169 1077 imp.
1208 1025 1276 1066 Οι·.
1315 1037 1350 1064 c.
1379 1030 1403 1066 1
1444 1039 1530 1067 me·-

83 1079 210 1121 minit-

192 1149 303 1192 Ibid.
335 1155 401 1193 16.
459 1146 600 1197 πόλεις
626 1146 703 1199 ιε’.]
741 1151 788 1192 1..
817 1151 1063 1191 Holsteinius
1103 1151 1144 1191 in
1172 1164 1232 1192 ms
1263 1151 1528 1203 Famesiam,

81 1205 146 1247 cui
177 1211 218 1247 et
237 1207 349 1247 ‘duae
373 1207 538 1247 ultimae
556 1207 676 1247 urbes
708 1219 827 1247 manu
845 1207 1070 1247 recentiore
1102 1212 1220 1248 erant
1248 1208 1423 1258 additae,
1453 1204 1526 1246 πό..

85 1262 174 1306 λεις
202 1259 253 1312 ιγ’
283 1262 449 1315 reperit.
486 1262 591 1303 idem
619 1261 661 1302 in
689 1262 869 1315 pristinis
899 1262 1155 1302 Constantini
1191 1264 1219 1303 l.
1251 1267 1273 1303 1
1303 1263 1443 1304 Them.
1475 1266 1528 1303 15

85 1317 325 1358 editionibus
351 1318 497 1369 inerat,
527 1318 598 1358 sed
627 1322 668 1358 et
693 1318 786 1358 aliis
815 1318 906 1358 dein
940 1330 991 1358 ex
1017 1331 1099 1358 mss
1128 1320 1182 1358 15
1213 1318 1334 1358 urbes
1363 1319 1403 1359 in
1421 1319 1528 1360 Con-

84 1372 264 1413 stantino
292 1378 386 1414 sunt
413 1374 627 1426 expletae3
671 1385 837 1427 cumque
864 1373 1029 1414 ultimae
1056 1373 1178 1414 urbes
1203 1377 1300 1414 ante
1328 1374 1527 1415 Hieroclis

81 1432 258 1468 aetatem
292 1429 444 1470 fuerint
471 1429 572 1470 satis
601 1429 806 1480 celebres,
837 1429 938 1470 nihil
975 1441 1145 1470 caussae
1175 1429 1294 1470 video
1325 1442 1443 1484 quam
1475 1431 1527 1470 ob

80 1494 167 1524 rem
195 1484 290 1538 quid
316 1489 503 1525 mutetur.

189 1553 298 1596 Ibid.
356 1554 651 1604 Κωνσταντιά]
680 1555 859 1598 Salamis
887 1559 961 1609 est,
990 1569 1109 1610 quam
1135 1556 1293 1597 insulae
1322 1560 1526 1609 metropo-

79 1608 140 1650 lin
169 1610 378 1664 Ephesina
417 1611 594 1662 synodus
636 1625 674 1664 p.
690 1615 774 1653 779
815 1616 856 1653 et
901 1614 999 1665 Imp.
1044 1613 1127 1653 Leo
1155 1612 1197 1652 in
1229 1612 1345 1664 epist.
1374 1617 1468 1651 tom.
1498 1617 1526 1652 9

78 1665 223 1706 concil.
253 1667 384 1707 Labb.
424 1679 463 1720 Ρ
485 1670 567 1708 267
595 1667 814 1721 imponunt.
881 1668 932 1708 de
961 1680 1011 1708 ea
1051 1667 1209 1708 abunde
1238 1668 1295 1707 10.
1321 1667 1524 1707 Meursius

78 1720 108 1762 1.
138 1721 158 1761 Ι
189 1720 315 1775 Cypri
344 1734 378 1763 c.
411 1726 478 1764 20.

188 1788 605 1844 1ὂὶά.Τα,ιιασσός]
636 1795 695 1834 sle
721 1798 887 1858 praeter
914 1794 1184 1834 Ptolemaeum
1213 1792 1377 1833 Strabo.
1416 1791 1522 1833 Con-

11 1874 14 1875 ν
77 1847 257 1888 stantino
283 1848 519 1910 imperatori
555 1848 779 1900 Ταμασος,
811 1862 873 1889 cui
904 1850 1068 1889 Nonnus
1098 1849 1262 1897 Dionys
1296 1851 1350 1888 13
1374 1851 1456 1888 445
1483 1854 1524 1889 et

75 1901 378 1955 Epaphroditus
407 1898 564 1950 πόλεως
597 1902 799 1952 Ταμασοῦ
831 1905 973 1944 concil.
1008 1904 1250 1944 Chalcedon.
1282 1916 1320 1955 p.
1337 1907 1420 1943 670
1449 1905 1522 1943 ad-

76 1957 337 2011 stipulantur.
394 1971 482 1999 cum
522 1971 622 1999 vero
657 1958 947 2008 Ταμασιωτῶν
993 1960 1046 1999 sit
1083 1959 1188 2010 apud
1218 1958 1422 1998 Goltzium
1449 1972 1523 1998 nu-

75 2025 174 2065 muS,
202 2026 283 2054 non
311 2013 473 2054 dubium
502 2017 565 2055 est
592 2013 688 2068 quin
716 2015 759 2055 id
787 2017 981 2068 praestet.
1039 2013 1144 2055 adde
1171 2013 1356 2054 ovidium
1385 2014 1520 2055 Meta-

75 2068 231 2122 morph.
260 2073 314 2110 10
341 2072 435 2110 644.

186 2137 296 2182 Ibid.
355 2139 518 2189 Κίτιον]
547 2140 692 2182 aberat
719 2141 863 2181 stadiis
892 2144 975 2179 200
1001 2138 1209 2180 Salamine
1237 2139 1344 2192 apud
1370 2139 1522 2179 Diodo-

77 2206 164 2236 rum
193 2199 247 2236 20
274 2209 314 2249 Ρ
335 2198 430 2237 785.
487 2197 538 2236 de
566 2209 613 2237 eo
643 2201 808 2249 praeter
834 2195 1051 2236 Meursium
1086 2195 1115 2235 l.
1146 2198 1170 2235 1
1195 2207 1230 2236 c.
1261 2199 1315 2235 10
1341 2193 1520 2236 Bochai·-

75 2254 141 2291 tus
168 2251 337 2305 Phaleg.
367 2255 395 2292 3
422 2252 462 2291 5.

181 2320 291 2363 Ιῠὶά.
340 2315 579 2370 Ἀμαθοῦς]
615 2322 693 2362 hoc
737 2322 873 2362 malim
921 2333 973 2360 ex
1001 2333 1081 2360 mss
1120 2319 1305 2373 Lugdun.
1343 2324 1384 2361 et
1412 2319 1520 2362 Con-

71 2378 270 2418 stantino:
303 2390 396 2418 nam
421 2373 689 2423 Ἀμαθουσιά
731 2377 889 2443 gentile
919 2381 993 2424 est,
1023 2376 1086 2415 cui
1115 2376 1150 2416 si
1182 2353 1300 2421 πόλις
1330 2377 1518 2425 addatm,

70 2433 173 2472 ferri
195 2433 357 2485 poterit.
413 2432 657 2472 Heliodorus
687 2429 844 2478 πόλεως
874 2427 1192 2482 ’Λιιανθοῦιτος
1233 2434 1294 2471 est
1322 2431 1365 2472 in
1395 2430 1519 2472 Chal-

75 2487 215 2528 cedon.
250 2500 288 2540 p.
306 2491 401 2527 670.

182 2557 291 2600 Ibid.
323 2562 389 2600 17.
450 2553 655 2622 Κούοιον]
687 2561 727 2597 et
754 2557 831 2598 hoc
851 2570 903 2598 ex
924 2556 1190 2598 Constantino
1218 2559 1423 2611 praefero,
1451 2570 1520 2629 ιτιιΤ

70 2614 132 2655 ius
159 2615 370 2668 episcopus
397 2613 602 2654 Curiensis
644 2615 686 2653 in
724 2613 927 2665 Ephesino
961 2626 1002 2678 Ρ.
1026 2618 1109 2654 779
1138 2615 1381 2666 appellatur.
1440 2613 1512 2653 Cb.

72 2669 276 2712 cellarius
304 2670 354 2711 G.
386 2670 435 2711 A
468 2673 496 2710 3
522 2672 548 2709 7
573 2682 613 2723 Ρ.
634 2673 717 2711 273
744 2669 875 2712 nostri
902 2665 1048 2721 Κόρην
1077 2682 1164 2710 cum
1191 2669 1312 2710 Plinii
1341 2668 1515 2710 Corineo
