1780 3132
250 157 303 195 iN
340 153 696 196 CONSTANTiNi
724 154 920 195 PonPH.
948 155 1043 193 Liss.
1071 153 1141 193 DE
1167 151 1430 193 ADMAMP.
1472 147 1564 191 353

119 270 252 314 latim·
282 271 323 306 et
351 267 515 307 eundem
547 268 716 320 primum
744 269 899 308 titulum
922 266 1077 320 'regium
1107 266 1158 307 ab
1182 262 1427 318 imperatore
1456 264 1562 317 Cpo-

118 325 247 365 litano
275 328 527 363 consecutum
558 324 677 376 argui
714 329 847 376 potest
877 335 929 363 ex
971 335 1018 363 eo
1049 322 1153 375 quod
1183 321 1324 361 scribit
1355 320 1563 360 archidia-

118 390 242 419 conus
262 377 516 429 Spalatensis
545 391 578 417 c.
597 383 661 419 13.
690 379 761 418 sed
784 378 944 418 fallitur
973 377 1295 426 archidiaconus,
1322 376 1414 415 duin
1427 376 1563 415 Theo-

56 442 58 444 ·
118 433 274 474 dosium
302 444 340 472 a.
366 431 460 472 chr.
491 437 575 473 970
601 434 822 486 imperasse
852 434 1012 482 scribit3
1050 432 1196 486 quippe
1226 432 1298 471 ille
1329 443 1458 471 annus
1487 431 1564 471 fuit

119 489 270 542 primus
297 487 452 539 imperii
485 489 648 528 Ioannis
679 488 892 529 zimiscae.

226 554 320 601 151,
351 555 414 594 15.
473 554 546 594 Hic
573 554 768 594 Pribunia
798 555 865 593 vel
893 552 1108 592 Pribunius
1137 552 1241 591 idem
1275 552 1464 592 fortassis
1493 552 1563 606 qui

118 609 160 672 in
189 608 393 648 veteribus
422 609 649 663 privilegiis
681 609 873 650 Pribinna
897 608 1117 648 Gussichus
1148 609 1390 660 appellatur.
1421 621 1458 649 v.
1478 609 1563 648 Lu-

121 667 724 770 οωωΙῖιῑάῗῗῙξῗΨκονδούρας]
755 722 850 770 puto
873 717 939 757 hic
968 718 1107 757 deesse
1134 729 1339 757 numerum
1363 718 1562 759 condura-

117 787 206 814 rum
244 778 284 812 et
329 773 528 827 equitatus
568 773 871 826 peditatusque,
908 778 954 813 ut
992 772 1141 826 optime
1179 777 1220 812 et
1249 773 1448 813 Meursius
1478 787 1562 814 ino-

115 833 273 869 nuerat.

221 886 313 931 152,
346 887 410 924 12.
480 881 539 928 εἷς
565 879 636 920 τὸν
667 883 767 932 παρ’
793 879 935 927 αὐτοῖς
964 878 1087 920 Βόϊκι
1114 880 1256 935 τόὴον]
1300 895 1351 923 ex
1378 884 1428 924 iis
1457 897 1560 937 quae

116 950 239 992 supra
269 939 326 978 ait
357 940 532 991 scriptor
560 943 698 978 noster
739 938 788 978 de
828 950 1004 990 magnae
1034 938 1282 977 Chrobatiae
1310 940 1482 979 Turciae
1513 953 1562 980 ac

115 994 314 1034 Franciae
342 995 433 1042 situ,
464 994 583 1033 facile
611 994 800 1044 cognosci
832 994 981 1045 poterit
1007 993 1123 1046 regio
1152 994 1226 1033 iila
1252 1005 1369 1046 quam
1399 995 1450 1035 ab
1480 995 1559 1035 ini-

118 1049 176 1089 tio
204 1048 341 1089 Serbli
366 1050 633 1102 possederunt
659 1047 717 1099 qi⁶).
1256 1098 1259 1101 .

149 1115 153 1120 ’
225 1113 333 1155 Ιὶόἀ.
367 1118 434 1156 21.
492 1114 666 1163 Σέρβλοι
698 1112 743 1151 δὲ
776 1112 823 1166 τῇ
859 1111 940 1151 τῶν
963 1110 1183 1161 Ῥωμαίων
1213 1112 1431 1168 διαλέκτῳ]
1462 1114 1560 1156 Ser..

112 1169 267 1210 viorum
296 1169 424 1223 igitur
466 1169 652 1210 vocabuli
698 1169 894 1221 originem
938 1169 1086 1209 Graeci
1130 1181 1156 1208 a
1191 1169 1336 1209 Latino
1374 1183 1559 1211 sermone

109 1225 309 1272 derivant,
337 1224 521 1265 nimirum
543 1237 568 1264 a
596 1224 802 1271 servitute,
836 1230 880 1264 ut
909 1224 966 1264 ait
995 1225 1058 1263 hic
1077 1225 1474 1277 Porphyrogenitus3
1505 1239 1557 1268 ex

108 1292 189 1332 quo
219 1280 376 1333 quidem
416 1285 616 1320 mutuatus
654 1283 715 1318 est
743 1279 970 1320 Willelmus
1001 1280 1150 1328 Tyrius
1192 1292 1241 1320 ea
1282 1292 1386 1333 quae
1416 1282 1556 1323 scribit

107 1339 163 1375 20
191 1337 241 1386 4,
281 1335 441 1388 quando
484 1348 571 1375 cum
599 1335 842 1387 imperatore
868 1335 1086 1374 Emanuele
1127 1335 1168 1374 in
1199 1335 1348 1375 Servia
1378 1338 1556 1388 praelia-

105 1395 196 1430 turo
222 1402 267 1429 se
299 1391 458 1430 venisse
487 1391 556 1431 ait.
615 1391 724 1442 atqui
757 1391 797 1430 in
826 1390 902 1430 hac
929 1390 1164 1430 Serbloruni
1204 1390 1375 1430 nominis
1407 1404 1433 1431 a
1469 1405 1554 1433 ser-

105 1446 234 1485 vitute
273 1445 623 1493 denominatione,
666 1446 795 1497 inquit
835 1446 983 1484 Lucius
1023 1445 1064 1484 in
1094 1445 1209 1485 Notis
1247 1447 1300 1486 ad
1328 1446 1546 1488 Historiam

104 1500 325 1540 Diocleatis
366 1501 417 1540 de
455 1502 599 1552 Regno
630 1499 847 1540 Slavoruin
866 1532 876 1548 ‚
920 1501 1101 1540 Graecos
1133 1505 1173 1540 et
1215 1514 1266 1541 ex
1295 1501 1352 1540 eis
1384 1503 1553 1544 Latinos

108 1556 377 1596 hallucinatus
405 1556 562 1607 sciunt,
596 1557 818 1608 quicunque
846 1556 1016 1596 Siavuin
1043 1556 1192 1596 idioma
1232 1558 1427 1598 callentes
1457 1572 1552 1599 con-

105 1610 266 1651 termini
295 1611 524 1652 Serblianis
556 1616 660 1650 sunt.

214 1668 307 1716 153,
337 1670 404 1706 1⁷.
473 1662 730 1717 πρεσβύτας,
770 1666 897 1719 inquit
932 1665 1154 1716 Meursius,
1198 1670 1318 1706 vocat
1357 1666 1422 1708 hic
1452 1664 1552 1714 τούς

103 1720 430 1773 πρεσβυτέρους.

215 1777 307 1824 154,
327 1778 391 1815 15.
447 1775 637 1825 Michaffl,
668 1775 735 1828 qui
750 1775 814 1815 hic
840 1772 862 1812 ὁ
885 1772 1065 1827 Βορίσης
1083 1776 1239 1828 dicitur,
1269 1777 1402 1830 capite
1429 1792 1550 1831 prae-

102 1830 258 1870 cedenti
287 1827 308 1867 ὅ
343 1826 546 1881 Βορώσης
575 1831 821 1882 appellatur.

213 1887 305 1932 155,
337 1889 374 1925 1.
443 1881 521 1930 ἕως
562 1884 632 1935 τῆς
672 1883 838 1936 Ῥάσης]
877 1885 936 1924 sic
975 1885 1096 1926 etiam
1136 1898 1230 1927 mss.
1286 1887 1356 1926 sed
1407 1888 1547 1942 legen-

101 1939 193 1980 dum
226 1939 415 1980 fortassis
448 1952 582 1995 usque
607 1939 664 1980 ad
691 1937 924 1990 Rosciam,
963 1954 1043 1981 non
1072 1953 1169 1982 vero
1199 1942 1385 1994 Rhasen,
1414 1952 1457 1986 ut
1484 1947 1543 1986 ait

98 1995 312 2036 Meursius.

209 2054 301 2101 156,
331 2053 368 2091 4.
426 2045 498 2100 τὴν
528 2047 789 2099 Δοστινίκαν]
835 2050 942 2090 hanc
972 2051 1100 2103 ipsam
1129 2053 1266 2092 urbem
1294 2060 1415 2096 vocat
1442 2057 1542 2097 Por-

98 2105 391 2158 phyrogenitus
423 2106 474 2145 ad
504 2106 623 2145 finem
651 2105 767 2145 huius
796 2106 940 2158 capitis
970 2103 1013 2143 τὸ
1046 2106 1296 2145 Λεστινώεον.

209 2170 318 2213 Ibid.
342 2175 407 2213 12.
465 2167 486 2208 ὅ
518 2165 898 2222 πρωτσσπαθάριος
918 2171 1059 2220 Λέων]
1089 2184 1172 2213 non
1197 2186 1384 2227 possum,
1416 2178 1544 2232 inquit

98 2226 309 2277 Meursius,
339 2226 534 2268 divinare
572 2226 674 2281 quid
701 2225 787 2267 sibi
829 2226 935 2267 velit
972 2228 1263 2281 compendium
1305 2231 1387 2273 hoe
1427 2237 1541 2275 seri-

96 2280 248 2329 bendi;
289 2284 435 2337 itaque
475 2284 520 2322 in
555 2284 754 2322 versione
779 2293 873 2322 mea
903 2285 1165 2324 asteriscum
1199 2287 1294 2326 eius
1329 2286 1427 2329 loeo
1458 2301 1539 2342 po-

94 2339 178 2377 sui.
256 2338 453 2378 occurrit
495 2340 636 2377 autem
683 2336 854 2389 pluries
898 2339 943 2377 in
1000 2337 1081 2379 hoe
1124 2343 1288 2382 nostro.
1363 2346 1538 2385 occurrit

93 2391 250 2445 quidem
293 2393 462 2445 primum
491 2405 524 2431 c.
554 2396 619 2444 29,
658 2392 725 2432 ubi
769 2404 983 2445 perperam
1023 2395 1183 2482 leger?
1219 2397 1419 2440 Meursius
1465 2400 1542 2439 τοῦ

91 2489 213 2544 ἆγιόυ
264 2488 505 2545 Στεφάνου,
555 2505 642 2532 cum
691 2492 746 2533 ibi
794 2494 958 2547 legatur
1009 2494 1087 2533 τοῦ
1128 2511 1155 2535 α
1197 2496 1439 2553 Στεφάνου,
1496 2503 1536 2542 id

133 2626 164 2672 '')
193 2625 388 2679 Subiumffit
412 2624 607 2656 Bandurius
635 2623 850 2679 13..99·—107
878 2627 1048 2661 Matthaei
1076 2629 1275 2671 Gondolae,
1300 2634 1439 2677 patricii
1467 2637 1533 2668 Ra-

181 2671 494 2750 (glti'gilgkffihbeuum
519 2670 562 2704 de
592 2671 772 2717 religionis
796 2673 989 2708 catholicae
1018 2676 1055 2709 in
1077 2677 1205 2710 Tui-cia
1234 2678 1416 2725 Europae-”1
1443 2693 1530 2715 con-

182 2782 230 2815 (Σο
235 2789 302 2815 nst.
330 2781 459 2827 Porph.
1289 2789 1335 2823 23
