1780 3132
305 120 399 171 402
838 130 1181 170 Wssssnmon

306 241 477 282 Aradius
492 241 679 281 Proculus
709 240 748 280 in
767 239 959 279 Thesaur.
992 253 1029 291 p.
1046 239 1247 280 CCCLXI.
1266 243 1306 279 1.
1336 242 1576 285 consularis
1601 255 1699 298 pro-

303 298 467 336 vinciae
494 295 691 346 Europae
720 294 792 332 sub
821 306 867 332 eo
884 293 1121 344 imperatore
1147 294 1299 334 dicitur.
1332 302 1446 336 erant
1473 299 1700 339 consulares

304 344 618 397 Κονσουλάριοι,
646 352 689 386 ut
714 348 755 386 iu
784 346 939 386 Glossis
966 351 1025 386 est
1051 347 1223 386 Nomicis
1257 343 1465 400 ὑπατικοί,
1492 352 1576 391 sive
1601 365 1699 393 con-

304 403 436 441 sulatu
463 406 593 440 essent
613 401 736 440 functi
765 412 834 439 seu
855 401 1094 440 ornamentis
1122 400 1392 440 consularibus
1419 402 1579 446 donati:
1609 418 1699 446 nam

303 454 584 494 Constantinus
611 455 638 494 1.
669 458 694 492 2
723 454 859 494 Them.
891 458 913 493 1
942 450 1169 503 βουλευτάς
1204 465 1290 492 esse
1316 465 1488 507 monens,
1516 459 1699 500 consilia-

299 509 350 547 rii
378 505 652 555 κονσιλιαρίου
682 519 799 557 voce,
827 520 942 559 quam
973 519 1043 546 suo
1071 507 1112 546 in
1143 507 1275 546 codice
1302 507 1488 558 legebat,
1517 511 1699 563 deceptus

301 565 372 601 est.
428 561 622 611 regebant
650 561 876 612 provincias
902 561 1131 612 dignatione
1171 562 1458 601 correctoribus
1485 568 1524 603 et
1550 566 1699 617 praesi-

301 616 412 654 dibus
441 615 626 666 pofflores,
657 619 699 653 ut
725 616 753 653 l.
780 615 895 654 unica
923 627 957 654 c,
991 615 1065 654 Th.
1096 614 1143 652 de
1173 615 1367 654 consular.
1397 615 1549 657 innuit:
1577 618 1699 658 habe-

301 670 398 708 bant
414 669 573 707 lictores
589 673 627 707 et
641 669 782 718 fasces,
811 668 877 719 qui
897 669 1025 707 fasces
1043 668 1337 708 consularitatis
1356 668 1397 708 in
1412 670 1439 710 1.
1456 673 1482 710 4
1499 683 1530 709 c.
1551 671 1626 711 Th.
1647 673 1699 712 ad

300 723 326 762 l.
355 723 427 762 lul.
461 722 509 760 de
525 722 672 762 ambitu
688 727 904 770 vocantur;
932 726 971 760 et
997 733 1157 760 numero
1176 722 1328 773 quidem
1354 735 1438 773 sex,
1467 724 1569 764 unde
1582 725 1699 765 Paul-

299 776 403 815 linus
432 777 606 815 Nolanus
637 776 768 817 Natal.
803 779 855 815 13
879 778 960 814 342
997 775 1046 814 de
1073 787 1116 814 se
1144 775 1382 828 Campaniae
1409 778 1626 819 consulari:

455 851 553 890 ergo
581 839 647 879 ubi
677 839 738 879 bis
759 844 874 879 terno
905 839 1069 879 dicionis
1097 841 1205 879 fasce
1233 841 1390 880 levatus

458 894 622 945 deposui
652 894 763 933 nulla
791 894 1026 933 maculatam
1054 895 1174 932 caede
1203 894 1378 934 securim.

294 957 360 998 ubi
386 970 482 998 vero
524 971 569 996 eo
607 958 757 997 honore
792 962 905 997 erant
941 957 1133 1007 defuncti,
1157 958 1265 997 illum
1303 959 1451 998 iterare
1479 970 1558 998 non
1587 962 1698 1011 pote-

294 1017 397 1061 rant,
427 1012 541 1052 sicuti
579 1012 685 1051 dicta
710 1012 737 1050 l.
777 1013 847 1051 ult.
885 1012 934 1050 de
974 1011 1122 1051 ambitu
1159 1012 1313 1060 sciscit3
1349 1023 1582 1064 quamquam
1617 1025 1698 1053 non

293 1067 421 1105 desint
449 1078 581 1105 eorum
611 1065 790 1116 exempla
822 1065 887 1117 qui
913 1065 1052 1104 iterum
1073 1069 1186 1117 gesto
1209 1065 1357 1105 honore
1384 1066 1622 1117 claruerunt,
1648 1066 1698 1106 de

295 1121 434 1172 quibus
471 1119 524 1159 ibi
551 1121 580 1158 l.
612 1119 891 1159 Gothofredus.
930 1118 1121 1170 originem
1149 1120 1410 1159 consularium
1440 1119 1491 1159 ab
1518 1119 1698 1173 Augusto
1764 1134 1766 1137 ·

293 1186 381 1214 esse
410 1174 461 1214 ad
490 1173 694 1225 Spartiani
722 1173 911 1212 Hadrian.
939 1185 972 1211 c.
997 1176 1049 1211 22
1076 1172 1295 1212 Salmasius
1324 1173 1507 1225 disputat.

397 1242 491 1288 390,
518 1242 557 1278 9.
615 1232 946 1284 Εὕδοξιούπολις]
978 1237 1028 1276 ab
1064 1237 1248 1277 Eudoxia
1274 1237 1435 1277 Arcadii
1461 1237 1536 1278 hoc
1559 1249 1699 1278 nomen

292 1293 516 1342 Selymbria
544 1292 781 1343 impetravit.
855 1291 1043 1330 Socrates
1073 1291 1119 1330 Η.
1146 1291 1192 1330 Ε.
1228 1294 1253 1330 ⁷
1280 1295 1357 1332 36:
1390 1288 1591 1342 Θεόφιλος
1617 1286 1696 1328 α’πό

284 1341 515 1395 Ἀπάμειας
542 1346 614 1395 τῆς
643 1344 684 1382 ἐν
710 1343 827 1397 Ἀσίᾳ
856 1343 1085 1395 μετηνέχθη
1125 1343 1183 1389 εἰς
1211 1339 1525 1391 Εὕδοξιοὺπολιν
1551 1339 1627 1394 τήν
1653 1339 1696 1382 τό

290 1395 461 1438 παλαιὸν
475 1397 741 1446 Σαλα,ιιβριἀν
766 1397 1029 1447 καλουμένην.
1088 1397 1349 1447 Selymbriam
1365 1398 1535 1450 intelligi
1563 1402 1602 1437 et
1619 1396 1698 1438 So-

292 1454 393 1494 crati
418 1453 531 1493 reddi
559 1456 744 1503 oportere
773 1451 896 1503 liquet
925 1463 975 1490 ex
994 1451 1186 1502 Stephani
1216 1452 1411 1503 pontificis
1440 1452 1490 1491 ad
1510 1451 1698 1492 Basilium

292 1508 547 1547 Macedonem
577 1506 746 1557 epistola
774 1505 878 1544 inter
904 1504 1005 1544 Acta
1033 1506 1186 1544 consilii
1214 1505 1284 1557 Cp.
1301 1508 1327 1545 4
1352 1519 1388 1557 p.
1405 1507 1498 1552 653,
1526 1505 1593 1545 ubi
1619 1504 1699 1555 Ση-

293 1559 455 1611 λυβριά,
485 1561 526 1599 in
551 1572 666 1611 quam
707 1559 910 1610 episcopus
948 1558 1018 1598 ille
1041 1559 1287 1610 migraverit,
1327 1560 1562 1611 appellatur,
1617 1559 1700 1599 alia

294 1615 447 1667 quidem
475 1615 606 1653 omnia
630 1614 675 1653 L.
713 1612 949 1651 Holsteinius
987 1613 1030 1652 in
1061 1613 1197 1652 Caroli
1235 1626 1259 1653 a
1298 1613 1341 1653 S.
1372 1614 1509 1653 Paullo
1548 1612 1698 1664 Geogr.

297 1670 339 1709 S.
373 1668 602 1716 autumavit,
634 1667 804 1706 Pisidiae
841 1666 1132 1717 Eudoxiopolin
1163 1667 1255 1706 olim
1284 1667 1548 1707 Salambriam
1577 1666 1701 1706 fuisse

295 1722 500 1774 opinatus:
530 1722 599 1761 sed
617 1722 816 1760 Romanus
832 1720 1212 1771 Eudoxiopolitanus
1234 1722 1406 1772 praesul,
1434 1731 1509 1773 quo
1537 1724 1701 1760 auctore

296 1776 539 1829 potissimum
567 1775 716 1823 nititur,
747 1772 1020 1814 auctoritatem
1048 1774 1212 1825 defugit,
1241 1786 1326 1814 cum
1352 1778 1443 1813 tom.
1461 1776 1500 1814 8.
1532 1773 1577 1814 C.
1595 1774 1698 1814 Gen.

295 1845 332 1882 p.
362 1833 443 1869 52⁷
489 1829 587 1869 actis
616 1827 999 1869 chalcedonensibus
1043 1828 1204 1878 inserit,
1232 1826 1446 1868 Romanus
1472 1830 1702 1880 episcopus

297 1882 622 1936 Eudoxiopolis,
652 1882 697 1922 id
714 1885 781 1922 est
794 1880 1057 1934 Selymbriae
1084 1884 1330 1933 provinciae
1349 1881 1573 1932 Thraciae,
1603 1879 1701 1922 sub-

296 1939 471 1990 scripsi.
527 1937 711 1976 videntur
738 1940 869 1976 autem
887 1935 1155 1984 Selymbriani
1177 1936 1280 1975 huuc
1307 1936 1459 1975 titulum
1477 1935 1700 1985 abstulisse,

297 1997 504 2044 postquam
520 1991 692 2030 Arcadio
721 2002 764 2029 se
793 1990 1020 2042 imperatori
1047 1990 1272 2030 donassent.
1328 1989 1418 2029 hinc
1440 1989 1635 2028 Arcadius
1662 1993 1703 2028 et

297 2046 493 2085 Honorius
530 2046 558 2085 l.
595 2048 647 2084 42
691 2043 734 2083 C.
776 2044 851 2084 Th.
883 2045 932 2083 de
970 2055 1076 2095 oper.
1121 2044 1251 2095 pubL:
1290 2041 1703 2095 Eudoxiopolitanae

300 2101 490 2139 civitatis
513 2101 630 2140 cives
660 2109 738 2150 pro
756 2096 897 2138 oblata
914 2095 1034 2137 nobis
1061 2108 1142 2137 sua
1157 2099 1301 2149 patria
1326 2099 1578 2150 ergasterii-5
1603 2108 1702 2138 con-

300 2154 512 2194 donamus.
568 2154 624 2192 sic
651 2153 743 2204 lege
771 2156 809 2191 et
838 2152 928 2191 vide
956 2152 986 2192 1.
1019 2151 1317 2191 Gotliofredum.

405 2217 513 2259 Ibid.
562 2212 803 2267 ζΗραίελεια]
838 2216 1046 2256 secundum
1072 2216 1278 2267 dignitatis
1314 2216 1442 2255 locum
1475 2214 1518 2254 in
1543 2213 1704 2266 Europa

303 2275 393 2323 post
420 2272 572 2324 regiam
597 2272 733 2310 urbem
755 2271 926 2317 tenebat,
954 2271 1144 2321 Procopio
1164 2270 1280 2310 Fabr.
1307 2270 1443 2309 lustin.
1471 2271 1498 2308 4
1524 2272 1553 2309 9
1579 2273 1703 2317 teste;

304 2332 344 2364 et
369 2327 551 2378 quoniam
589 2325 678 2364 huic
715 2324 924 2376 metropoli
968 2325 1061 2363 olim
1102 2324 1296 2363 subditum
1336 2322 1567 2372 Byzantium
1604 2326 1703 2371 erat,

304 2380 543 2419 consuetudo
570 2384 612 2418 ut
637 2379 912 2418 Heracleensis
936 2377 1140 2429 episcopus
1164 2378 1412 2430 Cpolitanum
1437 2376 1704 2429 patriarcham

303 2434 561 2486 inauguraret
596 2437 713 2485 atque
750 2433 955 2472 ordinaret
992 2431 1175 2484 deinceps
1208 2433 1354 2483 valuit,
1392 2430 1506 2470 sicuti
1532 2429 1705 2470 eodinus

304 2489 414 2527 Offic.
434 2487 504 2538 Cp.
523 2499 555 2526 c.
584 2491 637 2526 20
663 2487 876 2527 admonuit.

410 2550 515 2593 Ibid.
572 2546 919 2599 Ἀρκαδιούπολις]
954 2550 1153 2602 Bergulen
1181 2548 1426 2590 Theodosius
1460 2548 1545 2589 sive
1579 2547 1705 2588 Arca-

306 2606 392 2647 dius
419 2608 563 2659 (neque
592 2606 693 2646 enim
730 2605 987 2658 scriptoribus
1016 2604 1216 2655 convenit)
1255 2604 1490 2645 instauravit
1515 2606 1554 2642 et
1579 2602 1704 2643 Arca-
