1780 3132
726 73 741 92 θ

197 162 260 205 82
463 162 830 206 CONSTANTINI
862 163 1357 207 PORPHYROGENITI

195 268 393 324 βούλεται.
462 271 524 312 διὸ
559 273 625 312 ὁεῖ
647 270 719 318 τὰς
743 269 892 314 τούτων
913 271 1101 330 ἀκαίρους
1122 271 1295 329 αἲτήσεις
1316 276 1382 317 καὶ
1402 290 1626 332 παρρησια-

197 339 332 387 στικὰς
365 335 544 387 ἀξιώσεις
579 337 646 378 διὰ
677 334 802 390 λόγων
828 343 1011 382 πιθανῶν
1037 343 1104 382 καὶ
1133 330 1336 398 φρονίμων
1366 343 1430 383 καὶ
1458 345 1627 384 συνετῶν

197 405 418 459 ἀπολογιῶν
451 404 680 458 ἀνατρέπειν
707 406 773 445 καὶ
801 405 1119 461 ἀνακρούεσθαι,
1154 410 1316 459 αἵτινες,
1351 407 1444 451 ὅσον
1462 409 1540 450 ἀπὸ
1555 411 1626 461 τῆς

194 473 332 526 πείρας
364 469 476 524 ἡμεῖς
507 474 744 522 καταλαβεῖν
771 470 1054 527 ἠδυνήθημεν,
1097 472 1151 523 ὥς
1181 476 1221 516 ἒν
1249 473 1359 533 τύπῳ
1389 479 1626 531 περιλαβεῖν,

195 539 378 579 τοιαῦταί
395 553 494 584 τινες
513 535 678 577 ἔσονται.
1637 550 1658 584 5

328 605 378 644 Εἶ
395 601 610 652 ἀξιιῦσουσί
623 621 714 645 ποτε
735 605 799 645 καὶ
819 603 1044 658 αῗτήσονται
1063 605 1135 647 εἶ’τε
1155 604 1339 662 Χάζαροι
1358 606 1432 648 εἴτε
1454 610 1627 662 Τοῧρκοι

195 670 268 711 εἴτε
289 671 354 710 καὶ
371 667 467 718 Ῥιῦς
490 668 516 722 ἢ
542 669 671 725 ἕτερόν
692 688 730 712 τι
751 669 870 721 ἔθνος
898 675 977 714 τῶν
1004 674 1171 728 βορείων
1200 674 1265 714 καὶ
1291 672 1526 723 Σκυθικῶν,
1560 670 1627 714 οἷα

193 736 320 777 πολλὰ
342 737 547 788 συμβαίνει
559 768 570 786 ,
607 739 649 778 ἐκ
667 741 745 778 τῶν
762 740 971 789 βασιλείων
990 738 1172 793 ἐσθήτων
1191 738 1217 792 ἢ
1238 738 1471 792 στεμμάτων
1490 738 1514 793 ἢ
1533 754 1627 781 στο-

195 807 273 843 λιῦν
301 801 408 843 ἕνεκά
438 818 543 851 τινος
571 805 750 852 δουλείας
776 806 842 845 καὶ
868 803 1085 860 ὑπουργίας
1110 806 1239 848 αὐτῶν
1263 806 1532 861 ἀποσταλῆναι
1553 806 1626 848 αὗ-

193 875 296 917 τοῖς,
332 868 434 910 οὕτω
448 869 529 925 χρή
548 885 591 911 σε
613 870 955 924 ἀπολογίσασθαι,
991 871 1050 913 ὅτι
1073 873 1114 913 αἱ
1133 878 1310 914 τοιαῦται
1329 875 1467 916 στολαὶ
1488 874 1553 914 καὶ
1573 873 1623 914 τὰ
1639 880 1680 914 10

193 936 400 988 στέμματα
418 935 444 975 ἃ
465 937 561 990 παρ’
584 935 697 989 ἢιιῶν
716 936 959 989 καμελαῦκια
979 939 1209 992 ὀνομάζεται
1229 939 1317 981 οὕτε
1337 939 1444 995 παρὰ
1464 938 1626 993 ἀνθρώ-

192 1018 277 1043 πων
298 1001 672 1056 κατεσκευάσθησαν
693 1003 781 1045 οὔτε
803 1005 843 1052 ἐξ
863 1005 1124 1060 ἀνθρωπίνων
1145 1010 1289 1059 τεχνῶν
1308 1004 1581 1060 ἐπενοήθησαν
1598 1004 1627 1059 ἢ

195 1068 527 1124 ἐξειργάσθησαν·
556 1070 645 1110 ἀλλ’
679 1069 734 1119 ὥς
759 1070 836 1112 ἀπὸ
860 1076 1031 1123 παλαιᾶς
1049 1073 1222 1129 ἱστορίας
1239 1073 1278 1113 ἓν
1298 1070 1538 1128 ἀπορρήτοις
1557 1071 1626 1113 λό-

196 1151 279 1189 γοις
303 1136 569 1190 γεγραμμένον
586 1135 813 1192 εὑρίσκομεν
821 1169 833 1188 ,
869 1137 986 1191 ἡνίκα
1003 1137 1024 1180 ὃ
1041 1139 1137 1188 θεὸς
1152 1139 1322 1192 βασιλέα
1337 1140 1493 1194 ἐποίησε
1507 1140 1627 1181 Κων-

195 1210 396 1244 σταντΐνον
414 1204 556 1244 ἐκεῖνον
576 1204 644 1245 τὸν
660 1205 786 1258 μέγαν
805 1205 872 1245 τὸν
891 1209 1047 1260 πρῶτον
1062 1206 1306 1262 Χριστιανὸν
1321 1204 1625 1259 βασιλεύσαντα,
1639 1212 1682 1248 15

195 1270 252 1309 δι’
279 1269 440 1323 ἀγγέλου
465 1270 572 1326 αὐτῷ
592 1270 664 1319 τὰς
683 1269 869 1320 τοιαύτας
887 1273 1032 1321 στολὰς
1052 1274 1314 1322 ἐξαπέστειλεν
1339 1274 1405 1314 καὶ
1431 1272 1482 1315 τά
1507 1273 1627 1325 στέμ-

192 1352 301 1387 ματα
322 1334 349 1376 ἃ
367 1336 465 1390 παρ’
486 1335 598 1388 ἡμῶν
615 1336 859 1389 καμελαύκια
878 1339 1039 1392 λέγεται,
1057 1341 1122 1380 καὶ
1141 1341 1352 1395 διωρίσατο
1372 1340 1481 1396 αὐτῷ
1493 1343 1627 1380 ,θεῖ’ναι

194 1406 320 1443 ταῦτα
344 1402 383 1442 ἓν
404 1406 454 1457 τῇ
475 1402 625 1458 μεγάλῃ
649 1408 720 1445 τοῦ
741 1408 840 1445 θεοῦ
864 1404 954 1463 ἁγίᾳ
975 1407 1158 1464 ἐκκλησία
1177 1405 1262 1460 ἥτις
1282 1407 1346 1447 ἔπ’
1369 1403 1532 1459 ὀνόματι
1553 1405 1628 1447 αὗ-

195 1473 266 1521 τῆς
286 1468 550 1510 ε’νυποστάτου
575 1471 719 1526 σοφίας
737 1475 836 1512 θεοῦ
858 1469 948 1526 ἁγία
971 1474 1093 1527 σοφία
1114 1471 1442 1526 κατονομάζεται,
1476 1475 1542 1514 καὶ
1569 1472 1626 1526 μὴ

196 1536 297 1576 καθ’
332 1533 498 1588 ἑκάστην
531 1538 632 1578 αὐτὰ
663 1537 978 1594 ἀμφιέννυσθαι,
1013 1540 1105 1579 ἀλλ’
1139 1538 1201 1581 ὅτε
1230 1539 1448 1593 δημοτελὴς
1467 1541 1533 1581 καὶ
1553 1545 1683 1593 ,us-20

195 1601 296 1656 γάλη
318 1601 491 1656 τυγχάνῃ
514 1603 721 1657 δεσποτικὴ
739 1603 870 1660 ἑορτή.
940 1606 1000 1646 διὸ
1022 1606 1071 1659 δὴ
1091 1611 1191 1648 θεοῦ
1210 1604 1483 1661 προστάγματι
1501 1604 1628 1648 ταῦτα
1646 1642 1648 1645 ,

197 1668 390 1718 ἀπέθετο,
426 1669 538 1709 ἅτινα
567 1672 631 1710 καὶ
657 1670 812 1712 ἄνωθεν
834 1675 904 1724 τῆς
925 1670 1038 1727 ἁγίας
1055 1674 1247 1728 τραπέζης
1267 1675 1307 1714 ἓν
1328 1678 1384 1730 τιιῦ
1405 1677 1626 1726 θυσιαστη-

197 1736 269 1790 ρίῳ
299 1738 371 1776 τοῦ
400 1735 524 1776 αὐτοῦ
549 1740 648 1776 ναοῦ
677 1737 948 1791 ἀποκρέμαται
981 1741 1045 1779 καὶ
1076 1741 1130 1788 εἷς
1156 1739 1303 1792 κόσμον
1329 1744 1399 1792 τῆς
1421 1740 1629 1793 ἐκκλησίας

195 1803 450 1854 καθέστηκεν.
519 1803 570 1842 τὰ
602 1805 645 1844 δὲ
671 1805 789 1844 λοιπὰ
821 1805 958 1857 ἱμάτια
990 1808 1055 1846 καὶ
1085 1807 1202 1860 σαγιά
1228 1805 1416 1858 βασιλικὰ
1435 1809 1506 1860 τῆς
1524 1806 1630 1862 ἱερᾶς

287 1906 329 1940 17
353 1899 446 1948 ἅπερ
471 1903 573 1948 ὑμεῖς
597 1909 718 1949 καμελ.
739 1905 854 1950 λέγετε
877 1909 945 1943 ΒΜ

192 1995 278 2028 lant.
323 1992 472 2037 ideoque
495 1993 705 2038 importunas
724 1995 858 2030 illorum
880 1997 1064 2041 petitiones
1087 2008 1128 2032 ac
1150 1998 1363 2043 impudentes
1385 1997 1630 2043 postulationes

195 2039 356 2073 suasione
395 2050 436 2072 ac
472 2039 633 2084 prudenti
670 2042 889 2074 excusatione
917 2045 1119 2076 subvertere
1152 2048 1255 2087 atque
1284 2043 1440 2076 inhibere
1473 2048 1630 2086 oportet;

196 2095 284 2127 quae
315 2082 469 2126 quidem,
506 2090 667 2127 quantum
691 2096 754 2118 usu
779 2091 813 2119 et
835 2087 1067 2131 experimento
1091 2088 1250 2133 percepi,
1284 2093 1323 2121 ut
1351 2087 1551 2132 compendio
1575 2088 1630 2122 di-

195 2140 289 2170 cam,
316 2127 508 2161 huiusmodi
530 2129 667 2162 suturae
688 2135 779 2165 sunt.

287 2171 327 2204 Si
350 2173 485 2216 quando
510 2174 585 2206 sive
609 2174 759 2208 Chazari
782 2174 856 2208 sive
879 2175 1016 2209 Turcae
1038 2176 1114 2210 sive
1137 2176 1241 2210 Russi
1258 2177 1334 2210 sive
1348 2177 1437 2211 aliae
1451 2177 1631 2222 quaepiam

197 2216 355 2251 boreales
386 2221 420 2249 et
451 2217 638 2260 Scythicae
667 2224 806 2263 gentes,
843 2225 880 2253 ut
901 2219 1098 2264 plerumque
1120 2222 1263 2265 accidit,
1298 2222 1492 2266 imperiales
1516 2227 1632 2255 vestes

199 2272 343 2294 coronas
375 2265 434 2294 aut
464 2262 588 2305 stolas,
623 2264 797 2298 cuiusdam
822 2265 967 2308 praebiti
991 2266 1169 2299 ministerii
1192 2278 1312 2311 causa,
1347 2267 1414 2301 sibi
1445 2266 1632 2300 transmitti

199 2306 390 2350 postulent,
415 2305 464 2338 ita
487 2311 522 2339 te
546 2314 738 2342 excusatum
763 2315 913 2353 oportet.
961 2310 1149 2344 huiusmodi
1171 2312 1278 2345 stolae
1299 2316 1334 2345 et
1352 2322 1522 2354 coronae,
1544 2322 1634 2355 quae

200 2361 262 2384 nos
285 2350 490 2382 camelaucia
515 2362 692 2396 vocamuS,
726 2365 837 2398 neque
862 2354 1029 2387 hominum
1051 2367 1156 2399 opera
1179 2357 1335 2390 confecta
1354 2367 1465 2400 neque
1488 2356 1634 2389 hnmana

200 2395 370 2428 industria
402 2395 597 2436 excogitata
627 2403 718 2431 sunt.
766 2399 828 2432 sed
862 2405 901 2432 ut
932 2400 974 2431 ab
1005 2399 1149 2434 historia
1180 2402 1290 2435 veteri
1313 2401 1348 2434 in
1372 2401 1467 2434 libris
1499 2400 1633 2434 arcanis

203 2439 367 2482 scriptum
390 2440 591 2482 reperimus,
613 2443 749 2484 quando
772 2444 856 2476 deus
878 2444 1138 2478 Constantinum
1159 2445 1251 2480 illum
1271 2457 1424 2489 magnum
1448 2446 1635 2490 imperato-

202 2495 275 2517 rem
298 2482 434 2526 effecit,
458 2483 516 2527 qui
539 2486 667 2528 primus
690 2487 959 2522 Christianorum
980 2488 1158 2533 imperium
1179 2491 1310 2534 tenuit,
1331 2491 1382 2524 illi
1399 2501 1460 2533 per
1477 2490 1634 2533 angelum

203 2528 291 2562 tales
314 2527 418 2561 stolas
444 2535 479 2561 et
501 2540 663 2572 coronas,
698 2542 784 2574 quas
807 2544 870 2566 nos
892 2533 1093 2568 camelaucia
1114 2546 1291 2579 vocamus,
1325 2535 1436 2579 misit,
1465 2534 1635 2577 iussitque

204 2584 246 2606 ea
278 2573 452 2616 deponere
482 2572 517 2606 in
549 2586 669 2618 magna
691 2582 808 2609 sancta
831 2577 888 2610 dei
909 2578 1070 2622 ecclesia,
1108 2590 1195 2623 quae
1218 2581 1260 2613 de
1285 2580 1419 2613 nomine
1443 2578 1635 2623 sapientiae

205 2617 263 2652 dei
285 2617 535 2661 enhypostatae
557 2619 597 2652 S.
621 2620 751 2663 Sophia
774 2622 983 2666 appellatur;
1016 2635 1079 2656 nec
1109 2625 1262 2667 quotidie
1282 2625 1351 2658 illis
1374 2624 1423 2658 uti
1447 2623 1634 2668 praecepit,

206 2662 268 2696 sed
290 2666 421 2695 tantum
442 2662 478 2695 in
500 2664 637 2706 publico
660 2670 696 2697 et
717 2676 837 2709 magno
860 2667 1028 2701 dominico
1053 2669 1160 2702 festo:
1181 2681 1287 2713 quare
1308 2681 1350 2703 ex
1363 2670 1458 2702 iussu
1475 2667 1531 2701 dei
1550 2668 1636 2702 haec

206 2706 367 2751 deposita
394 2711 430 2740 et
459 2717 563 2752 supra
592 2720 723 2743 sacram
752 2722 899 2745 mensam
922 2712 957 2745 in
981 2712 1081 2746 altari
1104 2714 1211 2759 ipsius
1233 2715 1352 2759 templi
1372 2724 1536 2758 suspensa
1563 2724 1634 2747 ma-

208 2755 308 2794 nent,
343 2755 379 2785 et
402 2750 439 2785 in
461 2759 616 2787 ornatum
638 2754 804 2788 ecclesiae
824 2757 989 2800 deputata
1018 2763 1108 2793 sunt.
1155 2759 1287 2804 reliqua
1309 2763 1421 2794 autem
1440 2758 1636 2792 indumenta
