1780 3132
397 137 451 177 m
491 134 851 177 SYNECDEMUM
890 131 1325 176 COMMENTARmS.
1483 124 1579 175 427

154 252 281 290 tutum
310 249 606 302 pulchritudine
634 249 1007 298 commendabilem,
1035 258 1114 302 quo
1144 259 1230 287 eum
1258 245 1392 299 elogio
1421 247 1583 287 ornavit

155 305 385 344 Ammianus
415 309 469 345 29
495 309 534 345 2.
604 305 680 345 iam
719 317 806 344 cnm
835 304 950 344 huius
990 302 1290 356 epigrammatis
1321 302 1582 354 Asclepiodo-

154 363 220 399 tus
244 356 460 411 ὖπαθηκὸς
486 359 555 410 τῆς
578 357 753 409 Κρητῶν
783 358 986 408 ἐπαρχίας
1004 358 1202 399 Thesauri
1227 371 1266 410 p.
1295 356 1410 398 MXC
1437 361 1491 397 20
1522 357 1582 397 di-

153 415 274 465 eitur,
301 427 349 454 eo
378 415 419 455 in
447 415 563 454 titulo
593 414 731 454 vitium
759 426 846 453 esse
876 426 992 453 nemo
1019 413 1280 453 addubitabit.

263 489 360 536 392,
377 490 443 525 21.
502 482 641 530 πόλεις
671 478 749 534 κβ]
779 484 871 524 olim
898 489 1051 524 centum
1069 485 1232 524 urbibus
1259 484 1429 524 insulam
1459 483 1582 523 fuisse

154 541 355 583 celebrem
394 553 461 581 res
505 544 566 580 est
595 540 827 580 tritissima:
871 539 979 580 bella
1010 544 1050 579 et
1076 551 1209 579 rerum
1236 539 1496 580 humanarum
1524 539 1584 579 vi-

156 595 410 636 cissitudines
430 596 566 648 plures
596 595 687 634 dein
703 595 968 642 sustulerunt3
999 606 1162 647 quarum
1184 599 1316 634 tamen
1345 606 1433 634 eum
1460 594 1584 634 fuisse

151 662 376 701 numerum,
417 655 461 690 ut
488 649 751 702 paucissimae
791 650 1027 701 superstites
1065 650 1297 696 manserint,
1323 649 1419 690 licet
1448 648 1584 690 Servii

153 710 288 747 aetate
314 705 374 745 ita
400 706 564 754 ferrent,
594 717 791 757 nunquam
819 716 1024 744 censuero.
1059 706 1196 757 primo
1219 703 1385 759 quidem
1414 707 1582 744 centum

150 759 298 801 habuit
328 757 462 801 Creta
492 761 712 810 civitates,
751 760 1034 812 grammaticus
1075 759 1116 798 in
1145 759 1310 800 Aeneid.
1347 763 1375 800 3
1404 763 1484 799 106
1513 759 1583 809 ait,

150 814 261 856 unde
287 812 614 867 Hecatompolz's
640 814 760 855 dicta
793 817 889 854 est:
930 817 1031 867 post
1059 815 1207 867 viyinti
1238 818 1433 869 quatuor,
1461 813 1582 865 inde,

150 873 199 911 ut
225 869 398 922 dicitur,
428 869 550 921 duas,
580 868 754 910 Gnoson
782 872 825 909 et
845 866 1177 922 Hierapidnam,
1208 871 1399 924 quamvis
1427 867 1585 910 Livius

151 924 304 978 plures
330 936 359 965 a
390 922 574 966 Metello
603 927 877 977 eaepuynatas
906 923 1038 965 dicat.
1095 930 1204 964 recte
1232 925 1400 965 Servius
1427 924 1584 965 Livium

149 979 213 1020 illi
241 979 391 1020 rumori
418 979 606 1032 opponit:
643 980 715 1020 sed
743 978 923 1019 severius
964 991 1050 1019 eum
1081 992 1131 1020 ex
1160 979 1222 1020 sui
1247 979 1438 1032 temporis
1464 979 1585 1020 factis

149 1034 388 1088 castigatum
418 1035 575 1075 vellem.

259 1099 367 1141 Ibid.
395 1104 462 1141 22.
519 1098 560 1138 Γ
558 1096 723 1149 ορτύνη]
757 1099 980 1149 Gortynam
1010 1098 1156 1140 Cretae
1183 1100 1434 1152 metropolim
1460 1099 1585 1140 fuisse

149 1167 201 1196 ex
225 1153 336 1195 Actis
368 1154 532 1195 concilii
546 1155 736 1207 Ephesini
765 1168 805 1207 p.
835 1157 918 1195 453
944 1154 1047 1196 citra
1076 1155 1236 1195 dubium
1264 1160 1336 1196 est.

261 1219 369 1262 [bid.
417 1215 594 1271 Ἴνατος]
626 1216 1013 1269 E231arogfles3rclnio
1028 1221 1268 1273 Etymologo
1298 1224 1337 1260 et
1363 1220 1583 1273 Stephano.

147 1276 400 1316 Ptolemaeus
445 1280 585 1316 nostro
629 1275 838 1315 consentit.
896 1276 1079 1316 Tabulae
1123 1277 1241 1316 lnata
1282 1276 1335 1316 Μ.
1378 1277 1422 1317 P.
1450 1280 1505 1317 32
1533 1277 1585 1317 ab

147 1331 405 1384 Hierapydna
433 1331 472 1371 in
503 1335 619 1384 parte
651 1330 806 1370 insulae
838 1331 1023 1370 australi.

253 1395 362 1438 Ibid.
417 1394 587 1446 Bt'evva]
618 1396 716 1436 vitio
746 1395 1037 1447 exscriptorum
1063 1395 1248 1436 Tabulae
1276 1395 1444 1446 menna,
1475 1396 1583 1436 unde

145 1451 364 1492 Ravennas
392 1450 589 1491 Blentiam
628 1451 655 1492 l.
678 1453 706 1490 5
734 1463 768 1490 c.
797 1455 848 1490 21
870 1450 990 1496 fecit,
1025 1451 1192 1500 dicitur3
1221 1451 1430 1504 Stephano
1460 1451 1582 1489 Βίεν-

147 1519 228 1554 voc,
254 1507 431 1547 fortasse
458 1506 606 1546 invito:
635 1518 729 1546 nam
758 1518 783 1546 a
808 1505 966 1546 Vienna
993 1505 1154 1546 Gallica
1178 1506 1331 1558 gentile
1358 1518 1580 1558 cognomen

143 1558 330 1606 Βιέννιος
356 1566 397 1600 et
424 1559 660 1611 Βιεννήσιος
692 1560 860 1600 formari
891 1561 961 1612 ait,
991 1558 1060 1610 τῆς
1086 1559 1131 1599 δὲ
1151 1559 1327 1612 Βιέννης
1355 1560 1583 1611 Βιενναΐος,

145 1615 251 1668 quod
277 1615 414 1670 utique
452 1621 492 1656 et
520 1617 651 1656 forma
679 1619 720 1655 et
756 1616 952 1656 orationis
980 1616 1087 1656 serie
1113 1616 1166 1656 ad
1191 1616 1296 1656 hanc
1329 1616 1581 1656 Cretensium

142 1669 334 1711 Biennam
369 1671 570 1724 pertinere
598 1670 770 1710 videtur.

253 1734 361 1776 lbid.
411 1731 677 1786 Ἱεράπυδνα]
707 1737 810 1776 Dion
844 1736 973 1788 princ.
1007 1737 1037 1777 1.
1065 1739 1120 1777 36
1151 1731 1202 1775 τὰ
1230 1731 1478 1786 Ἱεριέπυδιά
1509 1748 1582 1777 vo-

143 1793 223 1829 cat.
279 1791 462 1832 Tabulae
489 1792 610 1830 Hiera
630 1795 684 1830 20
712 1791 765 1830 Μ.
783 1792 825 1831 Ρ.
857 1803 882 1831 a
911 1791 1076 1841 menna,
1107 1791 1336 1832 Ravennati
1365 1792 1578 1843 Ierapina3

142 1844 197 1884 ad
226 1856 343 1897 quam
390 1847 561 1886 formam
588 1845 631 1885 in
659 1846 851 1894 synodica
879 1845 1128 1886 Cretensium
1170 1848 1222 1887 ad
1250 1847 1423 1887 Leonem
1456 1848 1582 1899 impe-

144 1902 336 1961 ratorem.
360 1900 534 1952 epistola
571 1900 828 1952 Euphronius
867 1901 1078 1952 episcopus
1122 1901 1376 1954 Hierapinae.
1445 1902 1582 1942 verius

142 1958 206 1994 est
228 1951 482 2005 Ἱεραπυτνα,
512 1959 556 1995 ut
575 1955 731 2007 lapides
758 1955 943 2008 inscripti
965 1956 1192 1997 ostendunt.
1250 1957 1345 1998 vide
1372 1957 1418 1996 B.
1447 1958 1580 1997 Mont-
1627 2000 1630 2003 ,

142 2009 439 2050 sauconiiniar.
454 2010 546 2050 Ital.
578 2013 685 2062 p.74
702 2009 746 2050 C.
761 2011 825 2059 V.‚
855 2010 924 2051 ubi
944 2023 1154 2063 perperam
1176 2010 1322 2051 IEPA
1354 2009 1475 2051 HYF
1473 2011 1580 2063 NH,

142 2069 184 2103 et
209 2064 324 2106 Edm.
353 2064 553 2105 Cbishulli
579 2066 715 2119 Antiq.
745 2065 873 2107 Asiat.
903 2079 942 2118 p.
973 2070 1065 2106 126.

250 2127 359 2171 Ibid.
417 2128 624 2181 Καμάρα]
655 2131 749 2172 olim
777 2132 894 2182 Lato,
927 2136 1031 2172 teste
1060 2132 1280 2185 Stephano,
1311 2132 1421 2173 cuius
1450 2131 1577 2172 verba

147 2184 205 2225 lo.
234 2185 432 2226 meursius
459 2187 488 2226 1.
517 2190 540 2226 1
570 2186 718 2227 Cretae
746 2199 843 2227 suae
881 2200 915 2227 c.
945 2191 972 2227 7
1004 2191 1115 2227 recte
1143 2188 1359 2229 constituit.

251 2260 363 2303 Ibid.
393 2267 461 2304 23.
483 2254 729 2313 ”AazvyyogJ
758 2264 863 2305 hanc
880 2264 1037 2305 insulae
1068 2265 1206 2305 urbem
1233 2265 1406 2306 nondum
1431 2266 1578 2318 reperi.

143 2316 318 2368 suspicio
363 2318 414 2357 de
458 2319 600 2358 mendo
641 2331 731 2358 esse
771 2324 930 2372 potest,
974 2320 1053 2360 nisi
1092 2321 1132 2359 in
1160 2320 1324 2368 Nuntia,
1351 2333 1470 2373 quam
1499 2322 1579 2360 lac.

139 2370 442 2467 ggssr’rffpgilplo
480 2374 646 2427 addidit,
686 2374 794 2414 inter
822 2374 1038 2415 Cretenses
1066 2374 1275 2428 episcopos
1302 2371 1325 2412 ὅ
1354 2372 1580 2426 Ἀλλύγγου

165 2555 175 2564 .
235 2501 360 2564 stud.
419 2502 708 2558 Χερσόνησος]
737 2507 884 2547 navale
916 2510 1004 2546 erat
1026 2507 1154 2558 Lycti,
1182 2506 1292 2546 euius
1318 2505 1481 2559 praesul
1509 2505 1580 2545 Ni-

141 2568 295 2597 smmus
323 2558 525 2599 Nicaenae
565 2563 764 2601 secundae
812 2562 967 2611 synodo
1007 2562 1217 2602 scribendo
1258 2562 1390 2602 adfuit
1415 2575 1455 2613 p.
1483 2563 1579 2601 354.

137 2607 408 2706 zXikss-uoroo'moon,-
444 2610 615 2667 Κρήτης
662 2615 703 2655 in
749 2615 862 2657 Actis
899 2617 1059 2658 conc-ilii
1094 2616 1287 2670 Ephesini
1323 2630 1363 2670 p.
1401 2619 1483 2658 437
1517 2615 1580 2655 di-
