1780 3132
508 143 584 185 DE
618 106 988 187 ΊῊΕΜΑΤῙΒΠΕΞμ
1007 142 1111 186 LlB.
1146 141 1179 185 Ι.
1514 141 1574 186 17

119 258 274 314 τωρίων
296 253 506 311 διηκόνουν
527 263 611 306 τοῖς
630 260 841 310 βασιλεῦσι
862 253 1138 314 στρατεύουσι,
1168 256 1234 298 καὶ
1255 254 1332 306 τὰς
1346 258 1427 298 τῶν
1450 272 1575 311 στρα-

119 330 273 369 τιωτῶν
289 325 446 383 τροφὰς
463 326 504 376 ἐξ
526 323 686 378 ἑτοίμου
707 325 968 382 παρέχοντες,
1003 324 1054 368 τά
1071 342 1113 367 τε
1131 328 1211 368 τῶν
1225 325 1426 379 βασιλέων
1444 323 1576 377 ἄπλη-

121 411 197 437 κτα
222 396 520 443 διευθετοῢντες
540 395 606 435 καὶ
625 393 699 444 τὰς
720 392 841 444 ὁδοὺς
863 394 1183 450 ἐκκαθαίροντες.
1251 394 1318 435 καὶ
1343 397 1472 434 ταῦτα
1503 394 1575 446 μὲν

120 462 172 505 τὰ
192 467 272 506 ’τῶν
286 461 513 517 Ῥωμαίων·
550 462 614 504 ὅτε
636 463 680 504 δὲ
700 463 862 518 Πέρσαι
881 460 1075 518 ἐκράτουν
1096 464 1162 503 καὶ
1185 462 1278 515 μετ’
1305 461 1452 510 αὐτοὺς
1471 463 1576 503 lissa-

88 529 300 583 ὄκεδόνες,
345 533 402 581 εἷς
428 531 672 588 σατραπείας
701 524 752 585 ἦν
782 531 999 587 διῃρημένη
1029 529 1054 585 ἦ
1088 535 1200 573 πᾶσα
1223 531 1361 581 Ἀσία,
1407 531 1476 572 καὶ
1499 547 1576 572 σα-

118 597 277 657 τράπης
293 599 366 654 μὲν
382 594 432 654 ἦν
446 601 620 651 Λυδῶν,
655 599 787 656 ἕτερος
807 600 851 641 δὲ
874 602 1061 656 Φρυγῶν,
1095 598 1218 648 ἄλλος
1238 600 1280 641 δὲ
1299 597 1454 649 Ἰώνων,
1490 598 1573 640 ἕτε-
1597 598 1625 631 Ρ
1650 601 1672 636 5

121 684 193 725 ρος
223 668 268 710 δὲ
297 665 565 725 Παμφύλων,
611 667 733 717 ἄλλος
766 668 811 710 δὲ
843 669 1010 724 Καρῶν,
1057 666 1179 717 ἄλλος
1208 668 1253 709 δὲ
1279 664 1578 723 Παφλαγόνων,

120 735 244 787 ἄλλος
274 737 318 778 δὲ
336 739 551 788 Βιθυνῶν,
593 738 660 778 καὶ
688 735 824 786 ἅπλῶς
856 741 969 779 πᾶσα
999 734 1024 791 ἦ
1047 737 1163 778 Ἀσία
1190 735 1315 791 μικρὰ
1340 736 1578 789 καλουμένη,

119 802 177 855 ὥς
195 802 325 847 ἐδόκει
343 809 400 862 τῷ
417 805 562 862 Πέρσῃ
582 804 751 848 κᾶπειτα
770 811 853 855 τοῖς
874 804 1115 856 Μακεδόσι,
1151 802 1427 860 διεμεμέριστό
1447 822 1488 846 τε
1511 806 1578 845 καὶ

63 884 110 920 10
120 871 359 925 διετάττετο,
389 875 455 916 καὶ
476 873 598 924 ἄλλος
618 874 692 929 μὲν
710 878 791 917 τῶν
812 875 1016 928 δημοσίων
1036 871 1285 931 πραγμάτων
1300 867 1433 927 ἦρχεν,
1458 872 1580 923 ἄλλος

118 941 164 984 δὲ
181 946 261 984 τῶν
282 946 591 1000 στρατιωτικῶν.
659 944 727 985 καὶ
747 948 876 985 ταῦτα
893 943 967 997 μὲν
984 944 1046 985 ἐπὶ
1068 946 1274 985 τοσοῦτον.

248 1031 455 1076 Ἐνταῦθα
483 1034 618 1076 τοίνυν
643 1031 744 1076 ἴστω
763 1033 808 1076 τὸ
834 1033 959 1089 πέρας
981 1037 1055 1076 τοῦ
1075 1037 1148 1088 τῆς
1168 1033 1366 1086 ἀνατολῆς
1388 1029 1580 1085 θέματος.

117 1099 157 1142 οἳ
190 1100 236 1143 δὲ
263 1099 467 1158 λεγόμενοι
495 1100 751 1160 τουρμάρχαι
782 1103 837 1152 εἷς
871 1100 1094 1158 ὑπουργίαν
1123 1105 1202 1144 τῶν
1227 1103 1465 1157 στρατηγῶν
1489 1097 1582 1141 ἐτά-

98 1173 294 1221 χθησαν.
362 1171 546 1223 σημαίνει
571 1172 615 1213 δὲ
634 1171 882 1223 τὸιτοιοῦτον
900 1169 1058 1224 ἀξίωμα
1080 1169 1150 1212 τὸν
1172 1169 1312 1223 ἔχοντα
1331 1166 1410 1225 ὑφ’
1439 1166 1583 1210 ἑαυτὸν

66 1246 111 1282 15
122 1233 373 1291 στρατιώτας
400 1236 650 1294 τοξοφόρους
674 1240 956 1287 πεντακοσίους
985 1240 1052 1279 καὶ
1083 1237 1307 1286 πελταστὰς
1327 1237 1582 1292 τριακοσίους

115 1304 182 1344 καὶ
207 1301 467 1357 δεξιολάβους
485 1303 641 1346 ἑκατόν.
713 1303 841 1355 οὕτως
860 1304 937 1361 γὰρ
958 1312 1083 1348 κεῖται
1105 1306 1147 1348 ἐν
1168 1309 1218 1363 τῇ
1234 1306 1367 1365 βίβλῳ
1394 1303 1580 1347 Ἰωάννου

119 1372 409 1429 Φιλαδελφέως
426 1377 499 1415 τοῦ
514 1372 763 1427 καλουμένου
785 1374 952 1416 Λυδοῦ.

394 1489 499 1536 Θέμοι
525 1489 700 1536 δεύτερον
732 1490 777 1527 τὸ
809 1490 1039 1537 καλούμενον
1061 1488 1305 1536 Ἅρμενιακόν.

252 1575 314 1619 Τὸ
347 1577 460 1632 θέμα
490 1578 536 1620 τὸ
571 1577 818 1632 καλούμενον
850 1577 1110 1635 Ἀρμενιακὸν
1151 1577 1198 1620 οὗ
1235 1575 1376 1633 κύριον
1415 1574 1493 1629 ἔχει
1535 1576 1579 1618 τὸ

58 1641 268 1700 ξοὸνομα,
303 1645 397 1689 οὐδὲ
418 1645 568 1704 ἀρχαία
600 1647 659 1697 τίς
686 1648 793 1690 ἐστιν
822 1645 848 1702 ἡ
877 1646 1023 1690 τούτου
1056 1647 1328 1704 προσηγορία,
1375 1645 1479 1686 ἀλλὰ
1500 1644 1578 1686 ἀπὸ

205 1777 226 1811 1
242 1776 423 1819 στρατιῶν
438 1776 472 1811 V
564 1777 587 1811 4
601 1773 648 1811 τὰ
662 1777 739 1810 τῶν
755 1788 809 1811 om
825 1777 859 1809 V
950 1776 971 1811 5
985 1773 1097 1820 Ἀσία]
1119 1775 1288 1822 βασιλεία
1307 1775 1367 1809 Ac
1460 1775 1578 1817 7παμ-

205 1822 347 1865 φυλέων
368 1823 400 1857 Α
536 1821 576 1857 δὲ
598 1828 680 1857 ante
701 1820 962 1867 Παφλαγόνων
986 1823 1054 1857 add
1079 1823 1109 1856 C
1247 1823 1293 1858 20
1316 1818 1412 1864 ἀρχή
1436 1821 1466 1854 C

111 1945 187 1970 rum
211 1933 461 1970 “inserviebant
490 1935 761 1981 imperatoribus
796 1935 1052 1981 expeditionem
1086 1935 1316 1979 facientibus,
1357 1938 1579 1968 commeatum

113 1980 283 2014 exercitui
307 1987 467 2026 prompte
490 1988 719 2027 procurantes
733 2008 742 2024 ‚
768 1987 804 2016 et
827 1982 1056 2027 imperatoria
1079 1982 1230 2016 tentoria
1254 1986 1519 2026 componentes,
1543 1987 1580 2014 et

112 2025 190 2060 vias
214 2033 416 2072 purgantes.
466 2035 502 2062 et
525 2028 610 2062 haec
633 2028 771 2073 quidem
797 2028 1041 2061 Romanorum.
1090 2029 1227 2071 quando
1252 2039 1337 2061 vero
1358 2028 1488 2060 Persae
1513 2027 1578 2059 ini-

111 2071 246 2118 perium
279 2073 485 2107 obtinebant
516 2080 552 2107 et
584 2080 664 2119 post
695 2074 758 2107 hos
779 2073 1010 2117 Macedones,
1043 2074 1207 2107 universa
1232 2073 1314 2108 Asia
1343 2073 1381 2106 in
1404 2072 1577 2118 satrapias
1614 2092 1618 2096 -

113 2117 228 2152 divisa
250 2123 338 2153 erat.
387 2125 493 2165 atque
516 2119 602 2154 alius
627 2120 764 2164 quidem
788 2126 865 2153 erat
889 2126 1032 2164 satrapa
1055 2119 1253 2163 Lydorum,
1279 2118 1366 2152 alius
1386 2119 1575 2163 Phrygum,

112 2163 200 2198 alius
219 2164 353 2208 Ionum,
375 2165 463 2199 alius
486 2165 782 2211 Pamphyliorum,
806 2165 894 2199 alius
919 2166 1058 2209 Carum,
1082 2165 1169 2199 alius
1193 2165 1464 2209 Paphlagonum,
1490 2164 1579 2198 alius

110 2208 355 2254 Bithynorum,
379 2217 415 2245 et
437 2217 476 2246 ut
498 2213 607 2246 verbo
632 2211 756 2254 dicam,
783 2212 948 2245 universa
972 2211 1068 2255 Asia,
1095 2211 1208 2245 minor
1230 2211 1336 2253 dicta,
1361 2215 1464 2255 prout
1488 2210 1577 2243 Per-

111 2256 161 2290 sis
185 2255 296 2290 visum
319 2262 396 2291 erat
419 2263 454 2291 et
479 2264 604 2302 postea
627 2257 900 2300 Macedonibus,
924 2257 1038 2291 divisa
1063 2257 1370 2301 administrataque
1395 2257 1473 2290 suit.
1522 2262 1577 2290 at-

111 2312 180 2346 que
203 2301 290 2335 alius
314 2302 451 2346 quidem
475 2306 580 2338 rebus
604 2303 766 2337 civilibus
790 2308 965 2349 praeerat,
992 2303 1081 2339 alius
1103 2315 1188 2338 vero
1213 2303 1436 2337 militaribus.
1472 2307 1578 2347 atque

109 2347 198 2381 haec
220 2347 358 2392 quidem
382 2348 562 2384 hactenus.

200 2414 252 2449 Et
283 2415 342 2450 hic
373 2416 454 2451 finis
489 2422 564 2452 esto
600 2417 644 2452 de
676 2417 828 2452 themate
857 2416 1053 2451 Anatolico.
1099 2421 1250 2451 ceterum
1283 2416 1344 2462 qui
1378 2416 1463 2450 dicti
1494 2420 1575 2450 sunt

109 2458 358 2507 τουρμοὶρχαι,
383 2463 427 2496 ad
451 2462 678 2498 ministerium
698 2464 953 2509 praefectorum
975 2462 1128 2497 instituti
1150 2469 1242 2497 sunt.
1293 2463 1468 2506 significat
1490 2473 1575 2496 vero

111 2506 323 2541 eiuscemodi
346 2507 498 2553 dignitas
522 2521 598 2544 eum
623 2510 683 2555 qui
707 2513 847 2563 praeest
869 2509 1064 2553 sagittariis
1087 2508 1308 2553 quingentis,
1332 2508 1477 2547 scutatis
1501 2514 1576 2541 tre-

110 2552 236 2596 centis,
258 2553 488 2599 stipatoribus
510 2561 658 2590 centum.
706 2560 758 2591 lta
781 2555 872 2590 enim
895 2555 1043 2590 habetur
1066 2554 1102 2588 in
1126 2554 1215 2590 libro
1241 2554 1381 2589 Ioannis
1397 2553 1575 2588 Philadel-

109 2597 265 2644 phausia,
289 2599 350 2644 qui
372 2599 486 2636 dictus
509 2608 563 2636 est
585 2601 722 2646 Lydus.

435 2690 568 2726 Thema
590 2692 810 2737 secundum,
833 2691 966 2726 dictum
992 2690 1252 2725 Armeniacum.

200 2759 442 2794 Armeniacum
466 2760 559 2805 quod
583 2760 712 2794 dicitur
733 2759 860 2803 thema,
883 2759 1059 2804 propriam
1083 2758 1350 2804 appellationem
1367 2769 1435 2791 non
1452 2756 1571 2792 habet.

110 2816 223 2850 neque
247 2806 338 2840 enim
361 2811 502 2840 vetusta
525 2811 580 2840 est
603 2806 690 2841 haec
713 2805 923 2852 appellatio,
955 2805 1018 2839 sed
1044 2817 1117 2839 eam
1142 2817 1163 2840 a
1183 2805 1310 2839 vicinis
1333 2810 1439 2849 atque
1461 2801 1571 2837 finiti-

169 2858 282 2893 Const.
314 2859 440 2902 Porph.
1274 2855 1297 2895 2
