1780 3132
267 143 361 191 478
798 150 1142 190 WssssEmNGn

268 263 354 303 ciae
382 262 483 302 enim
511 262 600 302 suit.
655 260 747 301 vide
787 261 903 312 epist.
937 259 1238 313 provincialium
1263 259 1490 308 synodicam
1519 264 1613 301 tom.
1642 265 1671 301 9

266 317 404 356 concil.
435 316 581 355 Labbei
621 327 659 366 p.
687 318 781 354 339.

373 373 466 418 395,
494 373 557 407 22.
614 366 767 417 Χῶμα]
801 367 906 407 haud
934 367 1052 407 aliter
1076 367 1224 407 Plinius
1251 370 1292 406 et
1307 367 1563 409 Ptolemaeus,
1589 368 1670 408 Eu-

265 425 407 464 doxius
436 417 585 465 πόλεως
614 417 817 469 Χώματος
844 421 1046 472 ἐπαρχίας
1066 418 1229 464 Λυκίας
1260 421 1299 460 in
1319 421 1516 472 Ephesino
1539 434 1577 474 Ρ.
1588 424 1671 462 536

263 481 513 518 memoratur.
569 486 669 526 quae
694 475 796 515 hanc
826 475 984 526 excipit,
1025 475 1119 515 mihi
1147 475 1324 514 inaudita
1352 478 1424 522 est,
1452 487 1669 528 vereorque

266 537 309 572 ut
336 533 421 570 sine
450 529 590 568 mendo
620 529 685 569 sit.
752 529 982 568 arbitrabar
1019 526 1295 579 Κορύδαλλα,
1322 529 1426 568 unde
1454 527 1670 579 Κορυδαλ-

264 587 366 624 λὲων
391 596 530 624 numus
558 582 677 622 Thes.
719 582 870 622 Britan.
895 587 989 622 tom.
1021 586 1047 622 2
1072 595 1110 634 Ρ.
1127 586 1230 629 262,
1275 586 1314 621 et
1340 581 1383 620 ἐν
1409 579 1670 632 Κορυδάλοις

265 641 370 692 (sive
397 637 527 690 potius
557 634 857 687 Κορυδάλλοις)
888 632 1163 685 Ἀλέξανδρος
1193 631 1273 673 eim}
1303 634 1558 684 μοναζόντων
1581 633 1678 673 §nl-⁴

265 705 412 738 σκοπος
450 691 598 731 Basilio
637 691 691 730 Μ.
731 690 844 742 epist.
884 693 987 738 218,
1024 690 1107 741 legi
1144 701 1284 742 posse:
1322 689 1391 729 sed
1418 689 1458 728 id
1486 688 1672 741 oppidum

266 747 426 799 longius
453 757 478 785 a
507 746 673 796 vulgato
715 744 860 793 distat,
891 749 930 782 et
967 745 1139 783 fortasse
1177 744 1216 784 in
1253 740 1570 794 Κομιστάραος,
1596 754 1672 795 quo

267 802 414 852 Lyciae
442 799 595 839 urbium
623 798 743 837 index
773 797 919 847 finitur,
949 798 1157 838 delitescit.

373 862 481 905 lln'd.
538 861 688 910 Μῦρα]
717 862 817 901 bene
841 873 912 902 ms,
940 862 1175 914 metropolin
1200 861 1322 900 fuisse
1353 865 1512 912 praeter
1539 860 1672 900 Mala-

266 921 347 960 lam
379 916 583 957 concilium
601 916 786 956 Chalced.
816 920 855 954 et
873 914 1075 964 synodica
1100 915 1401 967 provincialium
1430 915 1480 954 ad
1502 915 1672 954 Leonem

266 974 436 1026 epistola
463 971 644 1010 dubitare
672 974 822 1010 vetant.
884 968 1056 1010 Basilius
1100 969 1362 1009 Seleuciensis
1388 969 1467 1009 Vit.
1495 968 1538 1009 S.
1566 968 1672 1017 'rhe-

265 1030 352 1067 clae
381 1031 418 1066 1.
447 1038 485 1077 p.
508 1029 616 1064 272:
647 1019 942 1072 ἀπαγγέλλεται
974 1017 1078 1062 εἶναι
1118 1021 1222 1060 κατά
1254 1018 1305 1060 τὰ
1336 1021 1470 1071 Μῦρα
1498 1019 1519 1058 ὁ
1549 1021 1676 1059 Παῦ-

265 1084 358 1127 λος·
413 1081 483 1130 τῆς
521 1077 685 1120 Λυκίας
730 1075 775 1114 δέ
803 1075 916 1115 ἐστιν
957 1072 1064 1127 αὕτη
1097 1076 1282 1126 βελτίστη
1322 1075 1392 1113 καὶ
1423 1071 1675 1127 φαιδροτάῐη

266 1133 393 1178 πόλις.
462 1137 601 1172 vetera
628 1131 802 1171 Theclae
845 1130 948 1171 Acta
988 1144 1014 1171 a
1042 1131 1193 1171 Grabio
1234 1129 1434 1182 Specileg.
1475 1133 1497 1170 1
1525 1142 1564 1181 p.
1596 1132 1674 1168 114
1743 1135 1746 1138 ·

266 1188 469 1242 publicata
503 1181 664 1235 Μύραν
703 1184 775 1235 τῆς
802 1182 967 1229 Λυκίας
1003 1186 1219 1237 appellant,
1249 1185 1363 1232 male,
1389 1196 1437 1224 ac
1462 1186 1675 1236 propterea

267 1241 528 1295 corrigenda:
555 1240 691 1292 paullo
719 1238 820 1278 enim
848 1243 940 1278 ante
968 1237 1011 1276 ἑν
1028 1237 1208 1289 Μύροις.

375 1305 482 1348 Ιὺὶά.
513 1309 579 1345 23.
629 1300 803 1352 Ἀρνεά]
834 1300 1024 1353 Ἀρνεαί,
1056 1304 1159 1343 unde
1195 1303 1236 1342 in
1264 1302 1443 1354 pluribus
1469 1300 1628 1342 Notitiis
1655 1296 1677 1337 ὅ

263 1359 468 1410 ’Λρνεῶν.
500 1357 727 1410 Stephanus
752 1350 932 1406 ’Λρνεαί
959 1351 1075 1402 πόλις
1102 1356 1264 1401 Λυκίας
1290 1353 1436 1408 μικρά.
1490 1355 1676 1405 Cyaneae

269 1419 360 1456 sunt
388 1414 492 1466 apud
519 1412 687 1452 Plinium
716 1413 744 1450 5
772 1415 837 1451 27.

375 1467 483 1510 Ιῠὶά,
547 1463 779 1514 Ἀπερλαί]
822 1465 881 1504 ita
920 1476 1038 1504 manu
1084 1464 1240 1503 exarati
1280 1463 1385 1504 libri.
1453 1463 1678 1503 Ptolemaeo

263 1520 498 1572 Ἀηερραι’,
539 1519 696 1561 Notitiis
740 1519 819 1558 lac.
850 1518 975 1558 Goari
1016 1515 1037 1554 ὁ
1071 1517 1284 1568 Ἀπρίλων
1323 1517 1549 1570 episcopus,
1585 1528 1678 1569 per·

296 1589 419 1617 eram.

267 1590 293 1629 p
374 1628 482 1671 Ibid.
540 1622 712 1672 Ψελλὸς]
741 1625 844 1665 lianc
871 1629 911 1664 et
934 1625 995 1664 illi
1022 1624 1242 1676 oppositam
1268 1624 1536 1676 Antiphenum
1561 1623 1678 1665 Stra-

265 1686 317 1726 bo
347 1687 399 1724 14
426 1697 465 1735 Ρ.
483 1685 564 1722 666
589 1685 707 1733 atque
736 1679 806 1719 alii
836 1679 1074 1719 describunt.
1131 1678 1174 1715 ἐν
1196 1678 1313 1731 Φέλῳ
1335 1675 1566 1716 Λολλιανόν
1593 1675 1679 1720 ἐπί-

267 1751 417 1775 σκοπον
447 1736 618 1776 Basilius
656 1735 710 1774 Μ.
742 1734 856 1785 epist.
886 1736 968 1772 218
1007 1733 1274 1782 commendat3
1316 1731 1384 1773 ubi
1409 1743 1460 1772 ex
1486 1732 1679 1773 Vaticano

268 1805 327 1833 ms
355 1791 399 1831 ὲν
433 1789 578 1842 Ψελλῷ
606 1788 761 1828 admitti
787 1791 1031 1839 oportuerat.

376 1855 484 1897 Ibid.
516 1858 581 1894 24.
640 1848 865 1904 Κάνὸυβα]
899 1852 1050 1891 Plinius
1078 1855 1118 1891 et
1145 1850 1371 1903 Stephanus
1397 1850 1472 1890 hoc
1498 1848 1680 1903 probant,

270 1905 471 1959 Κόνδυβα
486 1910 747 1957 Ptolemaeus,
777 1906 884 1945 haud
919 1906 1030 1946 bene.
1089 1905 1371 1946 Constantinus
1398 1900 1552 1949 πόλεως
1565 1903 1682 1942 Καν-

269 1962 407 2013 δήβων
431 1963 598 2004 Nicaeni
630 1961 788 2002 secundi
827 1973 865 2011 Ρ.
882 1961 936 1999 52
978 1966 1017 1999 et
1046 1959 1262 1997 Κανδίκων
1301 1972 1340 2010 Ρ.
1355 1960 1437 1998 355
1465 1958 1556 1998 hinc
1581 1957 1683 2006 fuit3

268 2019 469 2071 inserique
498 2019 598 2058 adeo
626 2016 722 2055 urbs
750 2015 854 2054 haec
882 2014 1163 2067 Geographiae
1192 2013 1236 2054 S.
1267 2013 1469 2053 debuerat.

377 2083 485 2125 lbid.
543 2079 761 2129 Εὖδοκιάς]
778 2080 953 2119 Notitiae
973 2079 1077 2119 haud
1092 2078 1395 2131 praeterierunt,
1415 2081 1563 2130 estque,
1579 2076 1683 2130 quod

268 2142 309 2177 et
337 2138 581 2178 Holsteinius
625 2135 776 2175 monuit
813 2133 976 2174 Photius
1015 2134 1311 2172 Eudoxatorum
1347 2131 1576 2184 provinciae
1603 2131 1683 2180 lay-

269 2193 418 2232 ciorum
446 2193 487 2232 in
515 2191 681 2231 concilio
714 2188 1153 2239 Constantinopolitano
1183 2186 1254 2225 sub
1281 2186 1439 2226 Menna.

376 2256 485 2298 Ibid.
541 2252 739 2305 Πάταρα]
766 2254 868 2293 hanc
894 2253 1065 2292 nobilem
1094 2251 1188 2290 fecit
1215 2249 1433 2291 delubrum
1455 2246 1682 2302 Apollinis,

270 2311 475 2364 quondam
504 2309 653 2362 opibus
683 2312 726 2348 et
746 2306 914 2347 oraculi
938 2304 1022 2358 fide
1042 2305 1252 2357 Delphico
1269 2304 1420 2345 simile.
1475 2303 1592 2344 ultra
1616 2305 1684 2342 est

270 2363 473 2406 Xanthus
507 2364 656 2416 flumen
697 2366 741 2403 et
781 2360 983 2402 Xanthus
1024 2359 1237 2412 oppidum,
1276 2358 1403 2412 inquit
1430 2358 1538 2398 Mela
1566 2360 1590 2396 1
1620 2359 1684 2396 15.

269 2420 372 2460 adde
403 2420 642 2459 Strabonem
671 2420 724 2456 14
751 2430 788 2468 p.
808 2417 899 2455 665.

378 2472 484 2514 Ibid.
544 2470 711 2522 Κόμβη]
741 2471 967 2510 Ptolemaeo
999 2463 1178 2517 Κόμβα,
1208 2471 1247 2507 et
1274 2468 1378 2506 forte
1406 2466 1563 2506 verius:
1594 2476 1686 2504 nam

269 2522 289 2580 ᾇ
324 2524 504 2576 Κόμβων
531 2539 610 2565 non
642 2530 792 2565 tantum
822 2529 882 2563 est
909 2522 950 2562 in
965 2522 1125 2562 Notitiis
1150 2523 1228 2562 lac.
1257 2521 1394 2569 Goari,
1423 2520 1492 2559 sed
1524 2522 1563 2557 et
1578 2518 1684 2557 Con-

269 2582 467 2622 stantinus
496 2578 651 2623 πόλεως
673 2577 855 2628 Κόμβων
881 2577 1056 2617 Nicaeno
1087 2577 1256 2615 secundo
1272 2577 1401 2627 p.356
1428 2571 1683 2624 subscripsit:

273 2637 377 2676 unde
405 2636 549 2676 mirere
572 2639 613 2673 et
639 2634 742 2673 hanc
771 2633 811 2673 in
841 2631 1099 2684 Geograpliia
1128 2630 1170 2670 S.
1200 2641 1286 2669 esse
1315 2629 1548 2681 neglectam.
