1780 3132
263 142 356 186 296
568 146 825 187 BANDURII
865 148 1358 192 ANIMADVERSIONES

366 256 432 306 52,
462 258 500 295 1.
555 254 786 306 Λεωνίδης]
829 258 921 297 vide
949 259 1188 300 Herodotum
1224 260 1251 301 l.
1282 260 1322 311 7,
1352 261 1602 304 Plutarchum
1629 263 1669 304 in

262 309 431 353 Lacon..
460 308 634 349 Tullium
659 310 777 349 Tusc.
810 316 962 363 quaest.
993 318 1030 363 1,
1055 314 1269 354 Diodorum
1294 315 1393 355 Bibl.
1420 320 1457 356 2.
1502 335 1503 340 =

368 361 475 403 lbid.
505 366 543 401 6.
599 362 893 414 Peloponnesus
931 378 1032 418 quae
1067 367 1186 407 hodie
1214 365 1367 408 Morea
1394 369 1548 420 dicitur,
1577 369 1669 410 olim

261 415 518 466 scriptoribus
546 415 700 455 Latinis
727 417 880 458 Achaia
908 420 1150 461 vocabatur:
1180 422 1236 460 sic
1253 422 1414 462 Orosius
1445 427 1468 462 1
1497 427 1535 472 2,
1561 423 1670 475 Apu-

259 469 359 508 leius
386 469 478 507 item
510 472 536 507 6
565 467 690 516 Asini,
717 472 782 510 ubi
807 473 1106 514 Lacedaemona
1136 475 1307 515 nobilem
1325 475 1499 516 Achaiae
1529 477 1668 516 civita-

259 529 335 561 tem
367 527 497 571 vocat,
526 526 566 560 et
581 526 634 561 10
658 523 828 565 eiusdem
839 525 1070 567 Corinthum
1098 528 1181 567 eius
1212 534 1329 580 caput
1358 534 1570 581 nuncupat.
1595 531 1669 569 Pe-

260 575 468 626 loponnesi
505 579 636 615 autem
673 578 789 618 situm
828 580 1007 631 pluribus
1046 581 1234 622 describit
1259 582 1486 623 Marcianus
1514 583 1668 625 Heracl.

257 642 293 668 v.
322 632 415 668 510.

365 681 472 723 [bid.
501 685 541 721 8.
597 679 622 732 ἦ
651 682 786 732 νῆσος]
813 687 1107 740 Peloponnesus
1135 689 1357 741 peninsula,
1382 702 1463 730 non
1479 702 1584 730 vero
1609 690 1669 731 in-

256 736 358 786 sula,
388 740 431 775 ut
458 748 571 774 nemo
599 737 778 787 ignorat.

364 787 471 830 Ibid.
500 784 557 837 μ’]
583 791 786 832 Hierocles
816 794 886 834 sub
927 794 1119 835 Corintho
1150 796 1359 847 metropoli
1387 796 1509 838 totius
1534 797 1670 838 Hella-

256 843 328 882 dos
357 844 474 882 urbes
501 847 554 882 :33
579 852 770 885 recenset.

365 896 471 937 lln'd.
501 901 566 936 20.
623 897 828 936 πλατάνου
859 898 1018 952 φύλλῳ]
1047 902 1199 941 Plinius
1224 906 1263 940 et
1282 903 1390 944 Mela
1415 904 1604 954 Dionysio
1630 904 1672 944 in

260 951 334 990 hoc
364 951 629 999 consentiunt,
673 953 767 992 licet
805 953 954 993 Plinius
987 956 1198 995 Tauricam
1239 956 1527 998 Cherronesum
1553 957 1672 997 hede-

257 1017 328 1044 rae
357 1005 454 1043 folio
484 1004 649 1044 similem
677 1018 764 1046 esse
791 1008 951 1048 scribat.
1007 1009 1098 1047 vide
1125 1010 1284 1049 morelli
1309 1014 1438 1051 notas.
1534 1011 1539 1015 ’

363 1061 429 1100 53.
458 1062 495 1097 3.
552 1057 815 1106 ἐβασιλεύετο
859 1056 904 1098 τὸ
942 1061 1052 1111 πρὶν]
1097 1063 1348 1111 Thucydides
1384 1065 1412 1104 l.
1455 1068 1492 1105 1.
1531 1069 1674 1105 narrat

257 1113 384 1151 nores
428 1124 513 1151 cum
541 1112 762 1153 Heraclidis
800 1118 856 1154 80
885 1127 990 1155 annio
1028 1120 1119 1167 post
1159 1117 1352 1157 excidium
1380 1118 1528 1158 Troiae
1558 1119 1672 1158 Pelo-

259 1176 474 1217 ponnesum
500 1167 699 1216 tenuisse,
726 1181 810 1207 cum
835 1169 1050 1208 Dorienses
1076 1171 1205 1209 altero
1231 1171 1394 1210 oraculo
1425 1172 1573 1221 moniti,
1601 1183 1674 1224 per

253 1221 466 1270 angustias
497 1218 649 1260 Crisaei
693 1221 802 1261 sinus
843 1222 975 1262 adorti
1005 1223 1240 1263 Heraclidas
1275 1225 1524 1264 dominantes
1558 1227 1674 1278 fuga-

254 1280 370 1319 runt3
417 1273 484 1325 qui
522 1278 661 1325 postea
695 1279 786 1314 sunt
828 1277 982 1316 reversi
1027 1277 1068 1316 in
1107 1278 1418 1330 Peloponnesum
1454 1279 1554 1318 duce
1596 1279 1674 1319 Ca:

253 1340 365 1368 rano.
393 1328 504 1367 Mon.

363 1379 470 1422 lbid.
498 1384 537 1419 6.
603 1373 680 1431 ἀφ’
719 1374 848 1432 οὗπερ
888 1379 958 1419 ὑπ’
995 1381 1254 1434 ἀμφοτέρων]
1323 1385 1426 1425 hanc
1453 1385 1672 1435 victoriam,

255 1447 370 1487 quam
400 1435 449 1473 de
479 1434 613 1474 Persis
641 1434 787 1475 Graeci
815 1441 1083 1488 reportarunt,
1112 1438 1234 1476 fuisse
1265 1434 1399 1476 κοινὸν
1427 1435 1674 1491 κατόρθωμα

250 1484 452 1538 Ἑλλήνων
481 1488 618 1527 scribit
646 1489 881 1529 Plutarchus
910 1491 952 1529 in
981 1490 1168 1531 Aristide.
1193 1492 1300 1530 Mon.

363 1540 471 1582 [bid.
497 1546 536 1582 ³7.
592 1542 794 1583 Mardonii
828 1544 987 1583 caedem
1015 1548 1172 1584 constat
1209 1557 1260 1585 ex
1287 1545 1422 1584 eodem
1454 1544 1669 1584 Plutarcho

256 1596 307 1636 ab
336 1595 563 1635 Arimnesto
593 1595 802 1647 Spartiata
830 1602 1031 1648 patratam
1060 1610 1170 1648 esse,
1197 1599 1263 1651 qui
1288 1611 1387 1638 saxo
1417 1602 1535 1650 caput
1562 1598 1674 1638 Mar-

258 1650 365 1689 donii
397 1649 606 1698 contrivit;
634 1654 678 1688 ut
714 1662 765 1690 ex
791 1650 1023 1702 Amphiarai
1061 1653 1224 1691 oraculo
1263 1653 1552 1704 praemonitum
1589 1653 1675 1691 fue-

257 1709 334 1744 rat.
364 1704 473 1743 Mon.
1280 1720 1282 1723 ’

366 1755 475 1796 Ibid.
506 1759 571 1795 11.
631 1751 903 1806 Θουκυδίδης]
934 1758 1026 1797 vide
1054 1758 1324 1807 Thucydidem
1354 1759 1382 1799 Ι.
1411 1760 1451 1798 5·

364 1809 474 1850 Ibid.
505 1813 570 1850 18.
626 1807 872 1858 σθλαβόνειν
915 1816 955 1850 et
983 1809 1218 1861 σκλαβόνειν
1253 1814 1298 1852 in
1333 1815 1580 1853 servitutem
1608 1823 1677 1852 re-

258 1864 415 1916 digere.
471 1864 622 1915 passim
648 1868 778 1904 autem
807 1865 980 1905 occurrit
1005 1866 1106 1906 haec
1132 1878 1214 1905 vox
1238 1867 1344 1918 apud
1371 1866 1586 1918 scriptores
1596 1865 1676 1915 By-

257 1919 458 1958 zantinos.

322 2012 325 2013 ⁷
363 1970 471 2012 Ibid.
499 1974 564 2011 19.
621 1967 642 2009 ὅ
671 1966 852 2020 λοιμικὸς
880 1970 1074 2021 θάνατος]
1112 1973 1161 2013 de
1199 1973 1274 2013 hac
1299 1973 1547 2025 pestilentia,
1575 1984 1677 2025 quae

262 2025 485 2076 imperante
519 2024 772 2076 Copronymo
811 2025 851 2064 in
891 2038 1046 2066 omnem
1081 2030 1279 2067 terrarum
1315 2028 1449 2066 orbem
1489 2030 1680 2079 grassata

259 2083 332 2129 est,
359 2079 594 2119 mentionem
624 2079 778 2118 faciunt
813 2079 1029 2131 scriptores
1059 2080 1166 2120 illius
1205 2080 1315 2127 aevi,
1345 2085 1386 2120 et
1411 2080 1604 2132 imprimis
1633 2079 1678 2120 S.

257 2133 502 2184 Nicephorus
538 2133 773 2184 patriarcha
808 2132 871 2172 CP
896 2134 938 2172 in
965 2134 1154 2185 operibus
1186 2146 1265 2174 mss
1281 2164 1293 2185 ‚
1321 2146 1422 2187 quae
1450 2134 1678 2186 propediem

257 2199 284 2227 a
310 2186 425 2226 nobis
454 2187 634 2227 edent-ur.

371 2239 479 2280 Ibid.
509 2244 576 2281 20.
634 2236 653 2277 ὁ
680 2238 750 2291 τῆς
778 2240 949 2290 κοπρίας
977 2235 1205 2289 ἐπώνυμος]
1235 2241 1508 2282 ZonaranV
1535 2243 1563 2281 4
1595 2239 1681 2278 Ko-

256 2287 476 2344 πρώνυμος
505 2294 659 2334 dicitur.

362 2348 428 2392 54,
459 2351 497 2387 2.
564 2342 861 2397 γαρασὸοειδὴς
911 2358 983 2398 pro
1027 2346 1306 2397 γεροντοειὸής
1344 2347 1531 2400 usurpari
1567 2347 1679 2387 vide-

254 2403 335 2449 tur,
359 2404 403 2439 ut
419 2401 473 2440 sit
501 2401 605 2453 quod
634 2401 846 2442 Terentius
875 2400 990 2440 dicit:
1019 2404 1139 2441 vetus
1170 2404 1305 2443 vietus
1335 2406 1583 2443 veternosus
1609 2412 1678 2442 se-

259 2462 359 2495 nem.
386 2454 495 2495 Mon.

368 2506 475 2548 Ibid.
534 2505 735 2557 Νικήτας]
766 2507 930 2548 Nicetae
957 2507 1070 2547 huius
1100 2508 1278 2560 patricii,
1306 2508 1583 2561 Christophori
1614 2520 1679 2547 so-

259 2560 340 2601 ceri
355 2592 366 2610 ‚
394 2565 557 2614 praeter
583 2562 969 2614 Porphyrogenitum
998 2563 1172 2603 meminit
1211 2567 1249 2602 et
1286 2564 1367 2603 Leo
1401 2561 1681 2617 grammaticus
