1780 3132
275 154 338 198 32
539 154 902 197 CONSTANTINI
938 155 1430 199 PORPHYROGENITI

773 256 821 292 ια’
845 258 943 303 θέμα
966 259 1199 304 Σεβαστείας.

402 316 570 373 Ὁμοίως
598 320 641 361 δὲ
671 320 737 361 καὶ
766 319 810 361 τὸ
840 321 950 374 θέμα
977 326 1046 375 τῆς
1066 322 1305 373 Σεβαστείας
1335 323 1400 363 καὶ
1426 321 1521 363 αὐτὸ
1551 322 1594 364 ἐκ
1625 328 1696 376 τῆς

276 386 458 441 δευτέρας
478 387 680 439 Ἀρμενίας
700 385 929 442 ἀπάρχεται.
996 387 1040 429 τὸ
1066 388 1108 428 δὲ
1137 393 1208 442 τῆς
1237 387 1386 437 πόλεως
1413 387 1539 442 ὄνομα
1557 390 1599 430 ἐκ
1623 395 1695 432 τοῦ

274 457 469 505 σεβαστοῢ
491 454 695 508 Καίσαρος
709 453 873 495 Ἰουλίου
894 455 1145 509 προσείληφε,
1167 458 1238 497 τοῦ
1255 455 1325 507 τὴν
1345 455 1549 509 Καίσαρος
1567 455 1693 511 ἀρχὴν

272 519 430 574 πρώτου
455 521 748 574 κρατυναμὲνου
769 523 834 562 καὶ
857 523 1077 576 μοναρχίαν
1096 521 1166 573 τὴν
1185 523 1427 576 πολυαρχίαν
1449 521 1724 565 κατασκευά-5

273 603 425 634 σαντος.
493 588 652 640 Καῖσαρ
674 588 716 628 δὲ
733 588 930 642 ἐπεκλήθη
954 589 1023 629 οὐκ
1041 589 1082 628 ἐκ
1102 593 1172 642 τῆς
1192 588 1303 637 ἀξίας
1325 587 1426 629 ἀλλὰ
1444 589 1486 630 ἔκ
1506 593 1575 642 τῆς
1595 589 1693 630 ἀνα-

271 658 394 706 τομῆς
411 656 480 706 τῆς
504 654 674 707 γαστρὸς
695 658 765 708 τῆς
781 656 950 709 μητέρος
971 655 1105 696 αὐτοῦ.
1172 653 1457 708 τελευτησάσης
1474 655 1550 710 γὰρ
1573 655 1695 708 αὐτῆς

272 719 430 774 ἴσπαιρε
452 719 496 760 τὸ
517 721 666 775 βρέφος
687 723 751 762 καὶ
773 721 996 772 ἀπελάκτιζε
1006 754 1019 773 ,
1046 724 1108 762 καὶ
1133 722 1416 775 ὁιατμηθείσης
1437 726 1508 776 τῆς
1526 722 1696 777 γαστρὸς

273 788 393 840 αὐτῆς
423 788 563 840 ἐξῆλθε
595 786 848 842 βρυχώμενος
877 787 1007 843 ὥσπερ
1035 805 1094 837 τις
1125 787 1296 842 σκύμνος
1323 789 1501 837 λέοντος·
1555 788 1629 842 τὴν
1651 789 1694 829 δὲ

273 853 473 907 ἄνα-τομὴν
498 855 651 904 τζαΐσαι
678 859 863 896 καλοῦσιν
893 855 929 896 οἳ
943 853 1142 908 Ῥωμαῖοι.
1210 855 1306 897 ὅθεν
1324 858 1389 897 καὶ
1409 857 1570 911 Καῖσαρ
1589 856 1693 896 ἓπω-
1706 862 1748 896 10

270 918 456 974 νομάσθη
479 921 544 961 διὰ
567 921 638 974 τὴν
659 920 872 973 ἀνατομήν,
908 920 1036 977 ὥσπερ
1057 922 1226 975 εἴπομεν.
1292 924 1356 963 καὶ
1375 927 1500 964 ταῦτα
1517 922 1589 976 μὲν
1606 923 1695 977 περὶ

270 989 520 1039 Σεβαστειάς.
587 991 711 1028 πᾶσαι
735 983 804 1029 οὖν
827 988 868 1028 αἱ
901 987 1032 1037 πόλεις
1059 989 1099 1029 αἶ
1126 987 1362 1042 καλούμεναι
1390 988 1628 1044 Καισάρειαι
1652 990 1695 1030 ἐκ

268 1056 383 1096 τοῦδε
403 1058 473 1096 τοῦ
493 1052 683 1110 φιλτάτου
706 1056 912 1110 Καίσαρος
927 1055 998 1108 τὴν
1016 1057 1293 1110 προσωνυμίαν
1313 1054 1535 1111 ἐσχήκασιν.

627 1136 675 1181 ιβ’
696 1135 796 1180 θὲμα
818 1133 861 1170 τό
884 1134 1106 1179 καλούμενον
1130 1137 1339 1172 Λυκανδοῢ.

396 1198 444 1240 Ὁ
463 1199 507 1240 δὲ
526 1199 744 1247 Λυκανδὸς
761 1199 862 1250 χθὲς
882 1200 946 1239 καὶ
966 1199 1040 1252 πρὸ
1060 1203 1204 1253 μικροῦ
1233 1202 1287 1248 εἷς
1303 1197 1413 1247 τάξιν
1430 1197 1610 1250 θέματος
1627 1200 1691 1239 καὶ
1707 1202 1747 1237 15

267 1265 419 1316 πόλεως
435 1264 706 1320 ἐχρημάτισεν,
741 1266 801 1304 ἐπὶ
821 1270 899 1306 τῶν
912 1263 1068 1319 χρόνων
1088 1265 1268 1313 Λεόντος
1287 1269 1358 1306 τοῦ
1375 1265 1558 1318 ἀοιδίμου
1574 1268 1695 1318 βασι-

267 1335 377 1382 λέως.
445 1332 590 1387 ἕρημος
613 1332 688 1386 γὰρ
714 1326 762 1385 ἧν
792 1332 836 1372 τὸ
864 1330 1053 1386 πρότερον
1080 1332 1146 1372 καὶ
1176 1331 1356 1385 ἀοίκητος
1386 1331 1541 1385 κάκείνη
1569 1333 1634 1372 καὶ
1667 1329 1692 1385 ἦ

267 1400 485 1454 καλουμένη
507 1398 743 1452 Τζαμανὸὸς
762 1400 827 1438 καὶ
854 1398 905 1439 τὰ
933 1398 1280 1452 συμπαρακείμενα
1315 1397 1415 1452 με’ρη
1445 1402 1524 1440 τῶν
1551 1397 1695 1453 Ἀρμε-

266 1457 395 1510 νίων(
414 1468 479 1508 καὶ
509 1465 579 1508 οὐκ
608 1461 657 1519 ἦν
686 1464 812 1518 ὄνομα
842 1464 984 1516 αὐτῶν,
1019 1463 1108 1506 οὕτε
1137 1465 1176 1506 ἓν
1206 1463 1308 1522 λόγῳ
1341 1464 1428 1506 οὔτε
1455 1465 1495 1505 ἓν
1517 1465 1694 1521 ἀριθμῷ.

267 1534 330 1577 ὅτε
351 1535 394 1576 δὲ
413 1532 433 1575 ὅ
454 1534 576 1588 μέγας
593 1534 735 1581 ἐκεῖνος
759 1533 823 1573 καὶ
843 1531 1108 1586 γιγαντοειὸὴς
1124 1531 1346 1587 Ἀρμένιος,
1389 1529 1410 1573 ὃ
1437 1535 1508 1585 τῆς
1530 1531 1749 1586 {Ayyov-Qo

267 1604 374 1658 ρι’νης
402 1605 472 1655 τῆς
496 1601 751 1656 λαικαστρίας
780 1596 960 1655 γαμβρός
967 1629 981 1650 ,
1029 1597 1049 1640 ὁ
1077 1597 1292 1655 μακρόχειρ
1322 1600 1464 1648 ἐκεῖνος
1492 1600 1556 1640 καὶ
1583 1615 1694 1655 περι-

352 1717 375 1750 2
397 1716 461 1758 τῆς
485 1719 564 1760 post
586 1712 686 1757 θὲμα
703 1725 755 1747 om
771 1713 800 1746 C
889 1715 910 1748 7
933 1713 999 1756 τῆς
1019 1710 1172 1755 γαστρὸς
1194 1713 1261 1747 add
1277 1711 1335 1747 Ac
1425 1710 1641 1755 τελευτώσης
1661 1714 1695 1745 V

354 1763 396 1795 10
417 1759 514 1800 τζέσε
537 1760 596 1793 AC
687 1758 722 1792 οἱ
746 1770 798 1791 om
823 1758 852 1791 C
966 1757 1093 1798 τζέσαρ
1116 1759 1176 1791 AC
1292 1754 1428 1800 ἐκλήθη
1451 1757 1481 1790 C
1597 1756 1694 1791 1412)

351 1804 587 1848 καλούμενον]
610 1804 675 1837 τοῦ
697 1805 726 1837 C
820 1802 861 1837 15
877 1801 1038 1850 θέματος
1062 1799 1290 1844 ἐχρημάτιζεν
1312 1799 1401 1835 ἀλλὰ
1424 1800 1487 1835 καὶ
1508 1799 1647 1840 πόλεως
1663 1803 1696 1834 V

356 1852 398 1886 16
419 1848 559 1893 χρόνων
588 1850 654 1882 τοῦ
677 1847 879 1892 μακαρίτου
902 1846 964 1880 καὶ
988 1847 1093 1889 αγίου
1116 1858 1186 1888 μου
1209 1846 1360 1890 πατρός.
1406 1843 1536 1888 ἔρημος
1558 1844 1628 1890 γὰρ
1648 1841 1695 1890 ἦν

353 1893 395 1929 τὸ
423 1896 568 1939 πρῶτον
599 1894 631 1926 V
767 1893 808 1927 18
840 1890 1042 1936 καλουμένη
1069 1903 1121 1925 om
1145 1892 1176 1925 V
1309 1893 1554 1935 παρακείμενα
1575 1892 1605 1925 C

694 1992 825 2026 Thema
839 1991 1058 2025 undecimum
1075 1991 1269 2025 Sebasteae.

354 2049 521 2083 Similiter
543 2053 579 2082 et
601 2048 786 2083 Sebasteae
807 2047 919 2081 thema
941 2058 982 2079 ex
1005 2046 1133 2080 minore
1149 2046 1306 2079 Armenia
1326 2045 1459 2079 initium
1473 2045 1590 2080 habet.
1615 2047 1698 2080 urbs

263 2105 346 2128 vero
372 2106 491 2127 nomen
519 2105 614 2127 suum
647 2091 685 2126 ἐκ
720 2093 787 2126 τοῦ
821 2091 1019 2135 σεβαστοῦ,
1055 2091 1091 2124 id
1126 2098 1177 2124 est
1201 2093 1243 2124 ab
1265 2092 1418 2133 Augusto
1441 2091 1591 2124 Caesare
1610 2091 1696 2125 Iulio

265 2140 416 2183 accepit3
442 2139 500 2183 qui
525 2140 653 2171 Caesar
676 2138 853 2183 imperium
874 2137 1001 2181 primus
1025 2137 1207 2179 occupavit
1230 2142 1264 2169 et
1287 2135 1494 2168 monachiam
1519 2147 1562 2169 ex
1586 2138 1697 2170 πολυ-

265 2185 384 2229 αρχίᾳ,
409 2184 444 2217 id
469 2189 522 2217 est
543 2183 720 2216 multorum
739 2182 980 2225 dominatione,
1005 2181 1193 2215 constituit.
1239 2181 1367 2214 Caesar
1389 2186 1500 2214 autem
1523 2181 1699 2224 cognomi-

264 2237 362 2263 natus
387 2229 454 2262 fuit
476 2240 542 2261 non
564 2239 582 2261 a
606 2228 794 2271 dignitate,
828 2228 889 2261 sed
921 2227 962 2260 ab
993 2226 1158 2259 incisione
1181 2225 1271 2259 uteri
1293 2225 1410 2259 matris
1431 2236 1531 2267 suae,
1568 2231 1698 2259 mortua

264 2274 430 2317 siquidem
454 2273 532 2317 ipsa
557 2273 746 2318 palpitabat
768 2272 882 2305 infans
914 2283 954 2305 ac
981 2270 1173 2311 resiliebat3
1204 2274 1415 2314 quapropter
1445 2281 1544 2303 caeso
1577 2271 1696 2304 matris

263 2325 361 2352 utero
386 2318 501 2361 erupit
521 2319 669 2351 fremens
693 2318 801 2351 instar
825 2316 927 2350 catuli
949 2315 1070 2349 leonis.
1109 2315 1306 2349 incisionem
1329 2325 1412 2348 vero
1435 2315 1580 2349 Romani
1602 2316 1698 2356 τζαῒ-

262 2374 323 2397 σαι
347 2367 484 2396 vocant.
533 2363 621 2396 unde
645 2367 679 2396 et
699 2363 830 2395 Caesar
852 2366 1063 2406 nuncupatus
1088 2365 1139 2394 est
1163 2362 1204 2393 ob
1227 2360 1314 2394 inam
1338 2359 1542 2403 sectionem,
1569 2361 1620 2394 uti
1642 2359 1697 2392 di-

263 2409 384 2444 ximus,
433 2412 536 2450 atque
558 2408 642 2440 haec
664 2407 796 2449 quidem
821 2407 864 2441 de
886 2407 1063 2440 Sebastea.
1098 2416 1212 2438 omnes
1234 2405 1350 2448 itaque
1372 2405 1475 2439 urbes
1497 2415 1586 2449 quae
1606 2404 1698 2439 Cae·

263 2465 383 2487 sai-eae
406 2453 575 2496 dicuntur,
599 2453 641 2485 ab
664 2452 730 2485 hoc
753 2452 927 2485 carissimo
952 2451 1101 2485 Caesare
1124 2450 1383 2495 appellationem
1406 2454 1634 2495 sumpserunt.

606 2518 736 2551 Thema
760 2519 1000 2552 duodecimum
1029 2517 1157 2550 dictum
1185 2517 1355 2561 Lycandi.

351 2574 535 2618 Lycandus
568 2585 635 2607 non
667 2574 715 2607 ita
748 2573 878 2617 pridem
909 2575 1001 2608 inter
1029 2573 1178 2607 themata
1209 2584 1249 2606 ac
1280 2574 1383 2607 urbes
1414 2566 1549 2606 censeri
1570 2571 1695 2616 coepit,

262 2619 472 2663 temporibus
504 2619 658 2652 nimirum
680 2619 809 2651 Leonis
831 2619 920 2654 illius
945 2617 1110 2663 praeclari
1133 2618 1368 2662 imperatoris=
1398 2622 1499 2651 antea
1523 2617 1609 2650 enim
1633 2627 1696 2650 va-

264 2676 327 2697 cua
351 2666 392 2698 ab
415 2663 536 2697 incolis
559 2669 594 2698 et
616 2663 805 2697 inhabitata
826 2669 911 2707 erat,
932 2671 999 2697 tam
1020 2664 1097 2707 ipsa
1121 2674 1218 2706 quam
1242 2662 1459 2696 Tzamandus
1481 2666 1516 2695 et
1536 2661 1698 2696 universa

263 2709 444 2743 Armeniae
465 2709 610 2743 finitima
630 2709 747 2753 regio,
780 2719 891 2752 neque
915 2719 1028 2742 eornm
1050 2719 1170 2741 nomen
1194 2707 1260 2741 ullo
1284 2708 1320 2741 in
1343 2707 1454 2752 pretio
1476 2712 1536 2740 aut
1557 2717 1696 2740 numero

263 2761 352 2788 erat.
397 2763 538 2798 magnus
567 2765 651 2788 vero
682 2753 741 2787 isse
775 2758 810 2788 et
830 2753 964 2799 giganti
985 2753 1105 2788 similis
1127 2752 1326 2797 Armenius,
1353 2751 1546 2796 Augurines
1565 2751 1696 2786 Laeca-
