<?xml version="1.0" encoding="UTF-8"?>
<!DOCTYPE html PUBLIC "-//W3C//DTD XHTML 1.0 Transitional//EN"
    "http://www.w3.org/TR/xhtml1/DTD/xhtml1-transitional.dtd">
<html xmlns="http://www.w3.org/1999/xhtml" xml:lang="en" lang="en">
 <head>
  <title>
</title>
<meta http-equiv="Content-Type" content="text/html;charset=utf-8" />
  <meta name='ocr-system' content='tesseract 3.04.00' />
  <meta name='ocr-capabilities' content='ocr_page ocr_carea ocr_par ocr_line ocrx_word'/>
</head>
<body>
  <div class='ocr_page' id='page_1' title='image "./corpusscriptorum09niebuoft_0063.png"; bbox 0 0 1780 3132; ppageno 0'>
   <div class='ocr_carea' id='block_1_1' title="bbox 517 175 1586 223">
    <p class='ocr_par' dir='ltr' id='par_1_1' title="bbox 517 175 1586 223">
     <span class='ocr_line' id='line_1_1' title="bbox 517 175 1586 223; baseline 0.005 -5"><span class='ocrx_word' id='word_1_1' title='bbox 517 177 593 218; x_wconf 93' lang='lat' dir='ltr'><strong>DE</strong></span> <span class='ocrx_word' id='word_1_2' title='bbox 627 175 983 222; x_wconf 83' lang='lat' dir='ltr'><strong>THEMATIBUS</strong></span> <span class='ocrx_word' id='word_1_3' title='bbox 1017 177 1123 221; x_wconf 88' lang='lat' dir='ltr'><strong>LIB.</strong></span> <span class='ocrx_word' id='word_1_4' title='bbox 1155 178 1207 223; x_wconf 91' lang='lat'><strong>11.</strong></span> <span class='ocrx_word' id='word_1_5' title='bbox 1524 177 1586 223; x_wconf 84' lang='lat'><strong>53</strong></span> 
     </span>
    </p>
   </div>
   <div class='ocr_carea' id='block_1_2' title="bbox 61 286 1702 1782">
    <p class='ocr_par' dir='ltr' id='par_1_2' title="bbox 61 286 1702 1782">
     <span class='ocr_line' id='line_1_2' title="bbox 133 286 1587 347; baseline 0.001 -15"><span class='ocrx_word' id='word_1_6' title='bbox 133 286 256 332; x_wconf 87' lang='grc' dir='ltr'><strong><em>τόπον</em></strong></span> <span class='ocrx_word' id='word_1_7' title='bbox 275 286 397 331; x_wconf 73' lang='grc' dir='ltr'><strong><em>αὐτὸν</em></strong></span> <span class='ocrx_word' id='word_1_8' title='bbox 423 290 495 332; x_wconf 74' lang='grc' dir='ltr'><strong><em>εἶσὶ</em></strong></span> <span class='ocrx_word' id='word_1_9' title='bbox 519 293 634 343; x_wconf 78' lang='grc' dir='ltr'><strong><em>νῆσοι</em></strong></span> <span class='ocrx_word' id='word_1_10' title='bbox 656 287 703 341; x_wconf 74' lang='grc' dir='ltr'><strong>ζ’,</strong></span> <span class='ocrx_word' id='word_1_11' title='bbox 736 288 1054 344; x_wconf 82' lang='grc' dir='ltr'><strong><em>Πελοποννήσιοι</em></strong></span> <span class='ocrx_word' id='word_1_12' title='bbox 1074 288 1294 347; x_wconf 75' lang='grc' dir='ltr'><em>λεγόμεναι.</em></span> <span class='ocrx_word' id='word_1_13' title='bbox 1362 292 1429 333; x_wconf 83' lang='grc' dir='ltr'><strong><em>καὶ</em></strong></span> <span class='ocrx_word' id='word_1_14' title='bbox 1459 288 1587 342; x_wconf 74' lang='grc' dir='ltr'><strong><em>οὕτως</em></strong></span> 
     </span>
     <span class='ocr_line' id='line_1_3' title="bbox 131 354 587 411; baseline 0 -12"><span class='ocrx_word' id='word_1_15' title='bbox 131 358 205 410; x_wconf 76' lang='grc' dir='ltr'><strong><em>μὲν</em></strong></span> <span class='ocrx_word' id='word_1_16' title='bbox 223 354 249 411; x_wconf 77' lang='grc' dir='ltr'><strong><em>ἦ</em></strong></span> <span class='ocrx_word' id='word_1_17' title='bbox 266 355 587 411; x_wconf 72' lang='grc' dir='ltr'><strong><em>Πελοπόννησος.</em></strong></span> 
     </span>
     <span class='ocr_line' id='line_1_4' title="bbox 260 422 1584 484; baseline 0.001 -17"><span class='ocrx_word' id='word_1_18' title='bbox 260 424 546 479; x_wconf 78' lang='grc' dir='ltr'><strong><em>Ἔβασιλεύετο</em></strong></span> <span class='ocrx_word' id='word_1_19' title='bbox 565 425 610 469; x_wconf 86' lang='grc' dir='ltr'><strong>τὸ</strong></span> <span class='ocrx_word' id='word_1_20' title='bbox 628 426 720 480; x_wconf 82' lang='grc' dir='ltr'><strong><em>πρὶν</em></strong></span> <span class='ocrx_word' id='word_1_21' title='bbox 741 422 767 478; x_wconf 74' lang='grc' dir='ltr'>ἡ</span> <span class='ocrx_word' id='word_1_22' title='bbox 787 424 1098 480; x_wconf 78' lang='grc' dir='ltr'><strong><em>Πελοπόννησος</em></strong></span> <span class='ocrx_word' id='word_1_23' title='bbox 1116 426 1159 467; x_wconf 80' lang='grc' dir='ltr'><strong>ἔκ</strong></span> <span class='ocrx_word' id='word_1_24' title='bbox 1177 429 1249 468; x_wconf 78' lang='grc' dir='ltr'><strong>τοῦ</strong></span> <span class='ocrx_word' id='word_1_25' title='bbox 1270 429 1351 468; x_wconf 76' lang='grc' dir='ltr'><strong>τῶν</strong></span> <span class='ocrx_word' id='word_1_26' title='bbox 1366 424 1584 484; x_wconf 65' lang='grc' dir='ltr'><strong>εΗρακλει-</strong></span> 
     </span>
     <span class='ocr_line' id='line_1_5' title="bbox 133 491 1584 552; baseline 0.001 -17"><span class='ocrx_word' id='word_1_27' title='bbox 133 493 213 536; x_wconf 80' lang='grc' dir='ltr'><strong>δῶν</strong></span> <span class='ocrx_word' id='word_1_28' title='bbox 232 494 389 549; x_wconf 84' lang='grc' dir='ltr'><strong><em>γένους,</em></strong></span> <span class='ocrx_word' id='word_1_29' title='bbox 432 495 572 551; x_wconf 67' lang='grc' dir='ltr'><strong><em>μέχρις</em></strong></span> <span class='ocrx_word' id='word_1_30' title='bbox 601 492 649 535; x_wconf 75' lang='grc' dir='ltr'><strong>ἂν</strong></span> <span class='ocrx_word' id='word_1_31' title='bbox 676 493 874 543; x_wconf 85' lang='grc' dir='ltr'><strong><em>Φίλιππος</em></strong></span> <span class='ocrx_word' id='word_1_32' title='bbox 902 491 922 535; x_wconf 83' lang='grc' dir='ltr'><em>ὃ</em></span> <span class='ocrx_word' id='word_1_33' title='bbox 953 495 1162 536; x_wconf 69' lang='grc' dir='ltr'><strong><em>ΠἸακεδὼν</em></strong></span> <span class='ocrx_word' id='word_1_34' title='bbox 1190 492 1342 536; x_wconf 78' lang='grc' dir='ltr'><strong><em>τούτων</em></strong></span> <span class='ocrx_word' id='word_1_35' title='bbox 1374 493 1584 552; x_wconf 72' lang='grc' dir='ltr'><strong><em>ἐκράτησε.</em></strong></span> 
     </span>
     <span class='ocr_line' id='line_1_6' title="bbox 98 560 1586 620; baseline -0.001 -16"><span class='ocrx_word' id='word_1_36' title='bbox 98 562 411 615; x_wconf 74' lang='grc' dir='ltr'><strong><em>ὁδιενεχθέντων</em></strong></span> <span class='ocrx_word' id='word_1_37' title='bbox 439 563 516 618; x_wconf 82' lang='grc' dir='ltr'><strong><em>γὰρ</em></strong></span> <span class='ocrx_word' id='word_1_38' title='bbox 540 567 620 605; x_wconf 84' lang='grc' dir='ltr'><strong>τῶν</strong></span> <span class='ocrx_word' id='word_1_39' title='bbox 644 560 868 615; x_wconf 71' lang='grc' dir='ltr'><strong><em>Ἀθηναίων</em></strong></span> <span class='ocrx_word' id='word_1_40' title='bbox 891 562 990 618; x_wconf 83' lang='grc' dir='ltr'><strong><em>πρὸς</em></strong></span> <span class='ocrx_word' id='word_1_41' title='bbox 1007 563 1102 612; x_wconf 77' lang='grc' dir='ltr'><strong><em>τοὺς</em></strong></span> <span class='ocrx_word' id='word_1_42' title='bbox 1118 564 1474 617; x_wconf 82' lang='grc' dir='ltr'><strong><em>Λακεδαιμονίους</em></strong></span> <span class='ocrx_word' id='word_1_43' title='bbox 1494 564 1586 620; x_wconf 86' lang='grc' dir='ltr'><strong><em>περὶ</em></strong></span> 
     </span>
     <span class='ocr_line' id='line_1_7' title="bbox 129 625 1583 688; baseline 0.003 -18"><span class='ocrx_word' id='word_1_44' title='bbox 129 631 346 685; x_wconf 81' lang='grc' dir='ltr'><strong><em>πρωτείων,</em></strong></span> <span class='ocrx_word' id='word_1_45' title='bbox 379 631 456 687; x_wconf 71' lang='grc' dir='ltr'><strong>ἀφ’</strong></span> <span class='ocrx_word' id='word_1_46' title='bbox 482 625 602 686; x_wconf 74' lang='grc' dir='ltr'><strong><em>οὗπερ</em></strong></span> <span class='ocrx_word' id='word_1_47' title='bbox 623 627 695 670; x_wconf 71' lang='grc' dir='ltr'><strong><em>ὑπ’</em></strong></span> <span class='ocrx_word' id='word_1_48' title='bbox 722 629 962 686; x_wconf 74' lang='grc' dir='ltr'><strong><em>ἀμφοτέρων</em></strong></span> <span class='ocrx_word' id='word_1_49' title='bbox 986 629 1189 686; x_wconf 87' lang='grc' dir='ltr'><strong><em>ὁΠέρσης</em></strong></span> <span class='ocrx_word' id='word_1_50' title='bbox 1211 630 1385 686; x_wconf 70' lang='grc' dir='ltr'><strong><em>ἡττήθη,</em></strong></span> <span class='ocrx_word' id='word_1_51' title='bbox 1424 629 1583 688; x_wconf 79' lang='grc' dir='ltr'><strong><em>Ξέρξης</em></strong></span> 
     </span>
     <span class='ocr_line' id='line_1_8' title="bbox 127 696 1582 756; baseline 0.003 -18"><span class='ocrx_word' id='word_1_52' title='bbox 127 697 274 748; x_wconf 71' lang='grc' dir='ltr'><strong><em>ἐκεῖνος</em></strong></span> <span class='ocrx_word' id='word_1_53' title='bbox 303 696 323 740; x_wconf 86' lang='grc' dir='ltr'><strong>ὅ</strong></span> <span class='ocrx_word' id='word_1_54' title='bbox 357 697 616 755; x_wconf 80' lang='grc' dir='ltr'><strong><em>περιβόητος,</em></strong></span> <span class='ocrx_word' id='word_1_55' title='bbox 663 699 759 754; x_wconf 83' lang='grc' dir='ltr'><strong><em>πεζῇ</em></strong></span> <span class='ocrx_word' id='word_1_56' title='bbox 781 698 853 752; x_wconf 75' lang='grc' dir='ltr'><strong><em>μὲν</em></strong></span> <span class='ocrx_word' id='word_1_57' title='bbox 875 696 952 740; x_wconf 70' lang='grc' dir='ltr'><strong><em>ὑπὸ</em></strong></span> <span class='ocrx_word' id='word_1_58' title='bbox 973 700 1325 752; x_wconf 79' lang='grc' dir='ltr'><strong><em>Λακεδαιμονίων,</em></strong></span> <span class='ocrx_word' id='word_1_59' title='bbox 1360 699 1424 742; x_wconf 81' lang='grc' dir='ltr'><strong>ὅτε</strong></span> <span class='ocrx_word' id='word_1_60' title='bbox 1450 702 1582 756; x_wconf 83' lang='grc' dir='ltr'><strong><em>Μαρ-</em></strong></span> 
     </span>
     <span class='ocr_line' id='line_1_9' title="bbox 129 763 1702 825; baseline 0.002 -18"><span class='ocrx_word' id='word_1_61' title='bbox 129 763 260 815; x_wconf 88' lang='grc' dir='ltr'><strong><em>δόνιος</em></strong></span> <span class='ocrx_word' id='word_1_62' title='bbox 280 766 422 816; x_wconf 73' lang='grc' dir='ltr'><strong><em>ἕκεΐνος</em></strong></span> <span class='ocrx_word' id='word_1_63' title='bbox 440 767 514 809; x_wconf 74' lang='grc' dir='ltr'><strong>σὺν</strong></span> <span class='ocrx_word' id='word_1_64' title='bbox 532 768 647 808; x_wconf 85' lang='grc' dir='ltr'><strong><em>παντὶ</em></strong></span> <span class='ocrx_word' id='word_1_65' title='bbox 666 771 723 822; x_wconf 74' lang='grc' dir='ltr'><strong>τῷ</strong></span> <span class='ocrx_word' id='word_1_66' title='bbox 743 770 828 823; x_wconf 79' lang='grc' dir='ltr'><strong><em>λαῷ</em></strong></span> <span class='ocrx_word' id='word_1_67' title='bbox 851 765 1086 818; x_wconf 71' lang='grc' dir='ltr'><strong><em>ἐπεπτώκει,</em></strong></span> <span class='ocrx_word' id='word_1_68' title='bbox 1120 769 1235 823; x_wconf 74' lang='grc' dir='ltr'><strong><em>νηΐτῃ</em></strong></span> <span class='ocrx_word' id='word_1_69' title='bbox 1267 768 1310 809; x_wconf 77' lang='grc' dir='ltr'><strong>δὲ</strong></span> <span class='ocrx_word' id='word_1_70' title='bbox 1341 766 1472 825; x_wconf 79' lang='grc' dir='ltr'><strong><em>στόλῳ</em></strong></span> <span class='ocrx_word' id='word_1_71' title='bbox 1499 766 1575 810; x_wconf 70' lang='grc' dir='ltr'><strong><em>ὑπ’</em></strong></span> <span class='ocrx_word' id='word_1_72' title='bbox 1601 775 1632 810; x_wconf 92' lang='grc' dir='ltr'>Ρ</span> <span class='ocrx_word' id='word_1_73' title='bbox 1657 774 1702 810; x_wconf 79' lang='lat'><strong>25</strong></span> 
     </span>
     <span class='ocr_line' id='line_1_10' title="bbox 121 830 1583 891; baseline 0.002 -16"><span class='ocrx_word' id='word_1_74' title='bbox 121 831 378 888; x_wconf 72' lang='grc' dir='ltr'><strong><em>Ἀθηναίων,</em></strong></span> <span class='ocrx_word' id='word_1_75' title='bbox 414 833 478 877; x_wconf 79' lang='grc' dir='ltr'><strong>ὅτε</strong></span> <span class='ocrx_word' id='word_1_76' title='bbox 503 835 777 889; x_wconf 81' lang='grc' dir='ltr'><strong><em>Θεμιστοκλῆς</em></strong></span> <span class='ocrx_word' id='word_1_77' title='bbox 796 833 1004 891; x_wconf 79' lang='grc' dir='ltr'><strong><em>ἐναυάρχει</em></strong></span> <span class='ocrx_word' id='word_1_78' title='bbox 1023 839 1096 878; x_wconf 82' lang='grc' dir='ltr'><strong>τοῦ</strong></span> <span class='ocrx_word' id='word_1_79' title='bbox 1115 834 1274 887; x_wconf 89' lang='grc' dir='ltr'><strong><em>στόλου,</em></strong></span> <span class='ocrx_word' id='word_1_80' title='bbox 1298 860 1357 867; x_wconf 92' lang='lat'><em>-</em></span> <span class='ocrx_word' id='word_1_81' title='bbox 1379 835 1490 890; x_wconf 82' lang='grc' dir='ltr'><strong><em>μάχη</em></strong></span> <span class='ocrx_word' id='word_1_82' title='bbox 1511 830 1583 878; x_wconf 70' lang='grc' dir='ltr'><strong>οὖν</strong></span> 
     </span>
     <span class='ocr_line' id='line_1_11' title="bbox 73 900 1579 961; baseline 0.002 -18"><span class='ocrx_word' id='word_1_83' title='bbox 73 900 330 959; x_wconf 73' lang='grc' dir='ltr'><strong><em>1οἕκροτήθη</em></strong></span> <span class='ocrx_word' id='word_1_84' title='bbox 357 903 460 959; x_wconf 86' lang='grc' dir='ltr'><strong><em>πρὸς</em></strong></span> <span class='ocrx_word' id='word_1_85' title='bbox 487 903 726 961; x_wconf 75' lang='grc' dir='ltr'><strong><em>ἀμφοτέρων</em></strong></span> <span class='ocrx_word' id='word_1_86' title='bbox 757 904 847 960; x_wconf 83' lang='grc' dir='ltr'><strong><em>περὶ</em></strong></span> <span class='ocrx_word' id='word_1_87' title='bbox 877 905 1091 960; x_wconf 78' lang='grc' dir='ltr'><strong><em>πρωτείων,</em></strong></span> <span class='ocrx_word' id='word_1_88' title='bbox 1135 905 1201 946; x_wconf 82' lang='grc' dir='ltr'><strong><em>καὶ</em></strong></span> <span class='ocrx_word' id='word_1_89' title='bbox 1230 902 1486 960; x_wconf 77' lang='grc' dir='ltr'><strong><em>διεκράτησεν</em></strong></span> <span class='ocrx_word' id='word_1_90' title='bbox 1512 904 1579 946; x_wconf 67' lang='grc' dir='ltr'><strong>ἐπ’</strong></span> 
     </span>
     <span class='ocr_line' id='line_1_12' title="bbox 124 970 1582 1029; baseline 0.003 -18"><span class='ocrx_word' id='word_1_91' title='bbox 124 970 369 1028; x_wconf 76' lang='grc' dir='ltr'><strong><em>ἀμφοτέροις</em></strong></span> <span class='ocrx_word' id='word_1_92' title='bbox 391 970 411 1013; x_wconf 84' lang='grc' dir='ltr'><strong><em>ὃ</em></strong></span> <span class='ocrx_word' id='word_1_93' title='bbox 435 970 609 1026; x_wconf 86' lang='grc' dir='ltr'><strong><em>πόλεμος</em></strong></span> <span class='ocrx_word' id='word_1_94' title='bbox 633 971 700 1025; x_wconf 66' lang='grc' dir='ltr'><strong>ἔτη</strong></span> <span class='ocrx_word' id='word_1_95' title='bbox 722 970 795 1023; x_wconf 82' lang='grc' dir='ltr'><strong><em>κζ’,</em></strong></span> <span class='ocrx_word' id='word_1_96' title='bbox 831 972 974 1022; x_wconf 77' lang='grc' dir='ltr'><strong><em>καθὼς</em></strong></span> <span class='ocrx_word' id='word_1_97' title='bbox 1002 971 1253 1026; x_wconf 77' lang='grc' dir='ltr'><strong><em>Θουκυδίδης</em></strong></span> <span class='ocrx_word' id='word_1_98' title='bbox 1281 970 1302 1014; x_wconf 84' lang='grc' dir='ltr'><strong>ὅ</strong></span> <span class='ocrx_word' id='word_1_99' title='bbox 1330 970 1582 1029; x_wconf 79' lang='grc' dir='ltr'><strong><em>περιώνυμος</em></strong></span> 
     </span>
     <span class='ocr_line' id='line_1_13' title="bbox 123 1035 1581 1096; baseline 0.002 -16"><span class='ocrx_word' id='word_1_100' title='bbox 123 1037 283 1096; x_wconf 82' lang='grc' dir='ltr'><strong><em>γράφει.</em></strong></span> <span class='ocrx_word' id='word_1_101' title='bbox 349 1037 421 1080; x_wconf 76' lang='grc' dir='ltr'><strong><em>ὑπ’</em></strong></span> <span class='ocrx_word' id='word_1_102' title='bbox 444 1038 628 1094; x_wconf 80' lang='grc' dir='ltr'><strong><em>ἀλλήλων</em></strong></span> <span class='ocrx_word' id='word_1_103' title='bbox 657 1035 726 1082; x_wconf 73' lang='grc' dir='ltr'><strong>οὖν</strong></span> <span class='ocrx_word' id='word_1_104' title='bbox 746 1041 1057 1096; x_wconf 72' lang='grc' dir='ltr'><strong><em>διαφθαρέντων</em></strong></span> <span class='ocrx_word' id='word_1_105' title='bbox 1076 1042 1143 1082; x_wconf 86' lang='grc' dir='ltr'><strong><em>καὶ</em></strong></span> <span class='ocrx_word' id='word_1_106' title='bbox 1162 1044 1234 1095; x_wconf 82' lang='grc' dir='ltr'><strong>τῆς</strong></span> <span class='ocrx_word' id='word_1_107' title='bbox 1252 1043 1434 1092; x_wconf 88' lang='grc' dir='ltr'><strong><em>νεολαίας</em></strong></span> <span class='ocrx_word' id='word_1_108' title='bbox 1453 1041 1581 1083; x_wconf 81' lang='grc' dir='ltr'><strong><em>ἀπολ-</em></strong></span> 
     </span>
     <span class='ocr_line' id='line_1_14' title="bbox 122 1106 1580 1167; baseline 0.003 -19"><span class='ocrx_word' id='word_1_109' title='bbox 122 1107 294 1163; x_wconf 86' lang='grc' dir='ltr'><strong><em>λυμένης</em></strong></span> <span class='ocrx_word' id='word_1_110' title='bbox 314 1108 477 1162; x_wconf 76' lang='grc' dir='ltr'><strong><em>εἰσῆλθε</em></strong></span> <span class='ocrx_word' id='word_1_111' title='bbox 502 1110 701 1157; x_wconf 81' lang='grc' dir='ltr'><strong><em>Φίλιππος</em></strong></span> <span class='ocrx_word' id='word_1_112' title='bbox 719 1106 739 1150; x_wconf 81' lang='grc' dir='ltr'><strong>ὅ</strong></span> <span class='ocrx_word' id='word_1_113' title='bbox 759 1113 831 1150; x_wconf 85' lang='grc' dir='ltr'><strong>τοῦ</strong></span> <span class='ocrx_word' id='word_1_114' title='bbox 847 1107 1110 1165; x_wconf 79' lang='grc' dir='ltr'><strong><em>Ἀλεξάνδρου</em></strong></span> <span class='ocrx_word' id='word_1_115' title='bbox 1131 1107 1279 1164; x_wconf 82' lang='grc' dir='ltr'><strong><em>πατήρ,</em></strong></span> <span class='ocrx_word' id='word_1_116' title='bbox 1309 1111 1376 1151; x_wconf 81' lang='grc' dir='ltr'><strong><em>καὶ</em></strong></span> <span class='ocrx_word' id='word_1_117' title='bbox 1398 1109 1580 1167; x_wconf 81' lang='grc' dir='ltr'><strong><em>ἀμφοτέ-</em></strong></span> 
     </span>
     <span class='ocr_line' id='line_1_15' title="bbox 104 1175 1579 1233; baseline 0.001 -16"><span class='ocrx_word' id='word_1_118' title='bbox 104 1186 221 1231; x_wconf 82' lang='grc' dir='ltr'><strong><em>’ρους</em></strong></span> <span class='ocrx_word' id='word_1_119' title='bbox 244 1175 390 1226; x_wconf 77' lang='grc' dir='ltr'><strong><em>αὐτοὺς</em></strong></span> <span class='ocrx_word' id='word_1_120' title='bbox 417 1175 669 1219; x_wconf 73' lang='grc' dir='ltr'><strong><em>ἐδουλώσατο</em></strong></span> <span class='ocrx_word' id='word_1_121' title='bbox 679 1208 693 1227; x_wconf 86' lang='grc'><strong><em>,</em></strong></span> <span class='ocrx_word' id='word_1_122' title='bbox 736 1176 836 1219; x_wconf 81' lang='grc' dir='ltr'><strong><em>ὥστε</em></strong></span> <span class='ocrx_word' id='word_1_123' title='bbox 857 1176 1033 1233; x_wconf 76' lang='grc' dir='ltr'><strong><em>ῥηθῆναι</em></strong></span> <span class='ocrx_word' id='word_1_124' title='bbox 1053 1176 1120 1219; x_wconf 69' lang='grc' dir='ltr'><strong><em>ἐπ’</em></strong></span> <span class='ocrx_word' id='word_1_125' title='bbox 1145 1177 1268 1219; x_wconf 80' lang='grc' dir='ltr'><strong><em>αὐτοῦ</em></strong></span> <span class='ocrx_word' id='word_1_126' title='bbox 1286 1178 1485 1221; x_wconf 79' lang='grc' dir='ltr'><strong><em>τουτοῖ·τό</em></strong></span> <span class='ocrx_word' id='word_1_127' title='bbox 1507 1177 1579 1219; x_wconf 85' lang='grc' dir='ltr'><strong>λό-</strong></span> 
     </span>
     <span class='ocr_line' id='line_1_16' title="bbox 69 1240 1578 1302; baseline 0.005 -21"><span class='ocrx_word' id='word_1_128' title='bbox 69 1245 113 1281; x_wconf 86' lang='grc'><strong>15</strong></span> <span class='ocrx_word' id='word_1_129' title='bbox 123 1259 208 1298; x_wconf 90' lang='grc' dir='ltr'><strong><em>γιον</em></strong></span> <span class='ocrx_word' id='word_1_130' title='bbox 229 1240 300 1285; x_wconf 75' lang='grc' dir='ltr'><strong>“ἕν</strong></span> <span class='ocrx_word' id='word_1_131' title='bbox 322 1244 366 1286; x_wconf 78' lang='grc' dir='ltr'><strong>δὲ</strong></span> <span class='ocrx_word' id='word_1_132' title='bbox 388 1245 620 1301; x_wconf 82' lang='grc' dir='ltr'><strong><em>διχοστασίῃ</em></strong></span> <span class='ocrx_word' id='word_1_133' title='bbox 646 1246 712 1286; x_wconf 87' lang='grc' dir='ltr'><strong><em>καὶ</em></strong></span> <span class='ocrx_word' id='word_1_134' title='bbox 739 1242 759 1286; x_wconf 82' lang='grc' dir='ltr'>ὁ</span> <span class='ocrx_word' id='word_1_135' title='bbox 787 1244 992 1300; x_wconf 79' lang='grc' dir='ltr'><strong><em>πάγκακος</em></strong></span> <span class='ocrx_word' id='word_1_136' title='bbox 1011 1244 1152 1299; x_wconf 68' lang='grc' dir='ltr'><strong><em>ἔλλαχε</em></strong></span> <span class='ocrx_word' id='word_1_137' title='bbox 1174 1244 1337 1299; x_wconf 75' lang='grc' dir='ltr'><strong><em>τιμῆς.”</em></strong></span> <span class='ocrx_word' id='word_1_138' title='bbox 1409 1243 1578 1302; x_wconf 74' lang='grc' dir='ltr'><strong><em>ὕστερον</em></strong></span> 
     </span>
     <span class='ocr_line' id='line_1_17' title="bbox 121 1308 1577 1367; baseline 0.002 -15"><span class='ocrx_word' id='word_1_139' title='bbox 121 1311 167 1352; x_wconf 73' lang='grc' dir='ltr'><strong>δὲ</strong></span> <span class='ocrx_word' id='word_1_140' title='bbox 193 1308 315 1352; x_wconf 84' lang='grc' dir='ltr'><strong><em>πάλιν</em></strong></span> <span class='ocrx_word' id='word_1_141' title='bbox 343 1316 423 1353; x_wconf 77' lang='grc' dir='ltr'><strong>τῶν</strong></span> <span class='ocrx_word' id='word_1_142' title='bbox 454 1311 708 1354; x_wconf 82' lang='grc' dir='ltr'><strong><em>Μακεδόνων</em></strong></span> <span class='ocrx_word' id='word_1_143' title='bbox 738 1310 816 1354; x_wconf 67' lang='grc' dir='ltr'><strong><em>ὑπὸ</em></strong></span> <span class='ocrx_word' id='word_1_144' title='bbox 843 1311 1051 1365; x_wconf 83' lang='grc' dir='ltr'><strong><em>Ῥωμαίων</em></strong></span> <span class='ocrx_word' id='word_1_145' title='bbox 1083 1311 1339 1366; x_wconf 71' lang='grc' dir='ltr'><strong><em>ἡττηθέντων</em></strong></span> <span class='ocrx_word' id='word_1_146' title='bbox 1348 1344 1362 1363; x_wconf 87' lang='grc'><strong><em>,</em></strong></span> <span class='ocrx_word' id='word_1_147' title='bbox 1410 1317 1522 1356; x_wconf 82' lang='grc' dir='ltr'><strong><em>πᾶσα</em></strong></span> <span class='ocrx_word' id='word_1_148' title='bbox 1550 1312 1577 1367; x_wconf 78' lang='grc' dir='ltr'><strong><em>ἦ</em></strong></span> 
     </span>
     <span class='ocr_line' id='line_1_18' title="bbox 114 1375 1577 1436; baseline 0.003 -17"><span class='ocrx_word' id='word_1_149' title='bbox 114 1375 267 1429; x_wconf 77' lang='grc' dir='ltr'><strong><em>Ἐλλάς</em></strong></span> <span class='ocrx_word' id='word_1_150' title='bbox 287 1395 329 1421; x_wconf 82' lang='grc' dir='ltr'><strong>τε,</strong></span> <span class='ocrx_word' id='word_1_151' title='bbox 359 1381 426 1421; x_wconf 83' lang='grc' dir='ltr'><strong><em>καὶ</em></strong></span> <span class='ocrx_word' id='word_1_152' title='bbox 452 1378 478 1434; x_wconf 72' lang='grc' dir='ltr'><strong>’ἦ</strong></span> <span class='ocrx_word' id='word_1_153' title='bbox 504 1378 812 1434; x_wconf 82' lang='grc' dir='ltr'><strong><em>Πελοπόννησος</em></strong></span> <span class='ocrx_word' id='word_1_154' title='bbox 839 1378 917 1421; x_wconf 73' lang='grc' dir='ltr'><strong><em>ὕπὸ</em></strong></span> <span class='ocrx_word' id='word_1_155' title='bbox 949 1380 1022 1434; x_wconf 84' lang='grc' dir='ltr'><strong>τὴν</strong></span> <span class='ocrx_word' id='word_1_156' title='bbox 1050 1384 1132 1422; x_wconf 84' lang='grc' dir='ltr'><strong>τῶν</strong></span> <span class='ocrx_word' id='word_1_157' title='bbox 1156 1378 1372 1434; x_wconf 66' lang='grc' dir='ltr'><strong>εΡωμαίων</strong></span> <span class='ocrx_word' id='word_1_158' title='bbox 1401 1380 1577 1436; x_wconf 80' lang='grc' dir='ltr'><strong><em>σαγήνην</em></strong></span> 
     </span>
     <span class='ocr_line' id='line_1_19' title="bbox 118 1446 1577 1504; baseline 0.002 -16"><span class='ocrx_word' id='word_1_159' title='bbox 118 1446 266 1502; x_wconf 72' lang='grc' dir='ltr'><strong><em>ἐγένετο</em></strong></span> <span class='ocrx_word' id='word_1_160' title='bbox 277 1478 291 1498; x_wconf 90' lang='lat'><em>‚</em></span> <span class='ocrx_word' id='word_1_161' title='bbox 322 1446 422 1490; x_wconf 80' lang='grc' dir='ltr'><strong><em>ὥστε</em></strong></span> <span class='ocrx_word' id='word_1_162' title='bbox 445 1447 614 1498; x_wconf 82' lang='grc' dir='ltr'><strong><em>δούλους</em></strong></span> <span class='ocrx_word' id='word_1_163' title='bbox 635 1448 722 1489; x_wconf 79' lang='grc' dir='ltr'><strong><em>ἀντ’</em></strong></span> <span class='ocrx_word' id='word_1_164' title='bbox 746 1449 968 1504; x_wconf 72' lang='grc' dir='ltr'><strong><em>ἐλευθέρων</em></strong></span> <span class='ocrx_word' id='word_1_165' title='bbox 990 1449 1189 1503; x_wconf 77' lang='grc' dir='ltr'><strong><em>γενέσθαι.</em></strong></span> <span class='ocrx_word' id='word_1_166' title='bbox 1259 1447 1514 1504; x_wconf 70' lang='grc' dir='ltr'><strong><em>ἒσθλαβώθη</em></strong></span> <span class='ocrx_word' id='word_1_167' title='bbox 1533 1450 1577 1492; x_wconf 80' lang='grc' dir='ltr'><strong>δὲ</strong></span> 
     </span>
     <span class='ocr_line' id='line_1_20' title="bbox 116 1513 1575 1572; baseline 0.003 -17"><span class='ocrx_word' id='word_1_168' title='bbox 116 1519 228 1558; x_wconf 83' lang='grc' dir='ltr'><strong><em>πᾶσα</em></strong></span> <span class='ocrx_word' id='word_1_169' title='bbox 244 1513 270 1569; x_wconf 79' lang='grc' dir='ltr'>ἡ</span> <span class='ocrx_word' id='word_1_170' title='bbox 285 1513 405 1572; x_wconf 83' lang='grc' dir='ltr'><strong><em>χώρα</em></strong></span> <span class='ocrx_word' id='word_1_171' title='bbox 426 1518 491 1558; x_wconf 80' lang='grc' dir='ltr'><strong><em>καὶ</em></strong></span> <span class='ocrx_word' id='word_1_172' title='bbox 513 1517 643 1572; x_wconf 85' lang='grc' dir='ltr'><strong><em>γέγονε</em></strong></span> <span class='ocrx_word' id='word_1_173' title='bbox 663 1515 888 1572; x_wconf 81' lang='grc' dir='ltr'><strong><em>βάρβαρος,</em></strong></span> <span class='ocrx_word' id='word_1_174' title='bbox 914 1515 978 1559; x_wconf 80' lang='grc' dir='ltr'><strong>ὅτε</strong></span> <span class='ocrx_word' id='word_1_175' title='bbox 997 1514 1018 1558; x_wconf 79' lang='grc' dir='ltr'><em>ὃ</em></span> <span class='ocrx_word' id='word_1_176' title='bbox 1041 1516 1222 1571; x_wconf 85' lang='grc' dir='ltr'><strong><em>λοιμικὸς</em></strong></span> <span class='ocrx_word' id='word_1_177' title='bbox 1240 1515 1421 1566; x_wconf 75' lang='grc' dir='ltr'><strong><em>θάνατος</em></strong></span> <span class='ocrx_word' id='word_1_178' title='bbox 1439 1521 1575 1560; x_wconf 83' lang='grc' dir='ltr'><strong><em>πᾶσαν</em></strong></span> 
     </span>
     <span class='ocr_line' id='line_1_21' title="bbox 61 1581 1577 1642; baseline 0.003 -19"><span class='ocrx_word' id='word_1_179' title='bbox 61 1581 304 1637; x_wconf 68' lang='grc' dir='ltr'><strong><em>Ξοέβόσκετο</em></strong></span> <span class='ocrx_word' id='word_1_180' title='bbox 340 1583 413 1638; x_wconf 86' lang='grc' dir='ltr'><strong>τὴν</strong></span> <span class='ocrx_word' id='word_1_181' title='bbox 441 1585 687 1639; x_wconf 80' lang='grc' dir='ltr'><strong><em>οἰκουμένην,</em></strong></span> <span class='ocrx_word' id='word_1_182' title='bbox 723 1583 890 1639; x_wconf 82' lang='grc' dir='ltr'><strong><em>ὁπηνίκα</em></strong></span> <span class='ocrx_word' id='word_1_183' title='bbox 919 1587 1224 1635; x_wconf 84' lang='grc' dir='ltr'><strong><em>Κωνσταντῖνος</em></strong></span> <span class='ocrx_word' id='word_1_184' title='bbox 1252 1583 1273 1627; x_wconf 81' lang='grc' dir='ltr'><strong><em>ὃ</em></strong></span> <span class='ocrx_word' id='word_1_185' title='bbox 1303 1590 1375 1640; x_wconf 84' lang='grc' dir='ltr'><strong>τῆς</strong></span> <span class='ocrx_word' id='word_1_186' title='bbox 1407 1587 1577 1642; x_wconf 90' lang='grc' dir='ltr'><strong><em>κοπριάς</em></strong></span> 
     </span>
     <span class='ocr_line' id='line_1_22' title="bbox 116 1649 1575 1710; baseline 0.001 -17"><span class='ocrx_word' id='word_1_187' title='bbox 116 1649 322 1706; x_wconf 70' lang='grc' dir='ltr'><strong><em>ἐπώνυμος</em></strong></span> <span class='ocrx_word' id='word_1_188' title='bbox 340 1651 392 1694; x_wconf 80' lang='grc' dir='ltr'><strong>τὰ</strong></span> <span class='ocrx_word' id='word_1_189' title='bbox 409 1658 592 1710; x_wconf 81' lang='grc' dir='ltr'><strong><em>σκῆπτρα</em></strong></span> <span class='ocrx_word' id='word_1_190' title='bbox 613 1658 685 1707; x_wconf 81' lang='grc' dir='ltr'><strong>τῆς</strong></span> <span class='ocrx_word' id='word_1_191' title='bbox 703 1657 782 1695; x_wconf 84' lang='grc' dir='ltr'><strong>τῶν</strong></span> <span class='ocrx_word' id='word_1_192' title='bbox 796 1652 1003 1707; x_wconf 88' lang='grc' dir='ltr'><strong><em>Ῥωμαίων</em></strong></span> <span class='ocrx_word' id='word_1_193' title='bbox 1023 1655 1167 1695; x_wconf 85' lang='grc' dir='ltr'><strong><em>διεῖπεν</em></strong></span> <span class='ocrx_word' id='word_1_194' title='bbox 1186 1654 1334 1709; x_wconf 80' lang='grc' dir='ltr'><strong><em>ἀρχῆς,</em></strong></span> <span class='ocrx_word' id='word_1_195' title='bbox 1365 1652 1467 1697; x_wconf 80' lang='grc' dir='ltr'><strong><em>ὥστε.</em></strong></span> <span class='ocrx_word' id='word_1_196' title='bbox 1485 1653 1575 1697; x_wconf 80' lang='grc' dir='ltr'><strong><em>τινὰ</em></strong></span> 
     </span>
     <span class='ocr_line' id='line_1_23' title="bbox 114 1719 1573 1782; baseline 0.002 -21"><span class='ocrx_word' id='word_1_197' title='bbox 114 1723 195 1762; x_wconf 83' lang='grc' dir='ltr'><strong>τῶν</strong></span> <span class='ocrx_word' id='word_1_198' title='bbox 217 1720 262 1762; x_wconf 70' lang='grc' dir='ltr'><strong>ἐκ</strong></span> <span class='ocrx_word' id='word_1_199' title='bbox 282 1719 595 1777; x_wconf 78' lang='grc' dir='ltr'><strong><em>Πελοποννήσου</em></strong></span> <span class='ocrx_word' id='word_1_200' title='bbox 613 1722 716 1778; x_wconf 88' lang='grc' dir='ltr'><strong><em>μέγα</em></strong></span> <span class='ocrx_word' id='word_1_201' title='bbox 736 1726 964 1778; x_wconf 80' lang='grc' dir='ltr'><strong><em>φρονοῦντα</em></strong></span> <span class='ocrx_word' id='word_1_202' title='bbox 986 1722 1048 1763; x_wconf 76' lang='grc' dir='ltr'><strong><em>ε’πὶ</em></strong></span> <span class='ocrx_word' id='word_1_203' title='bbox 1069 1726 1118 1779; x_wconf 83' lang='grc' dir='ltr'><strong>τῇ</strong></span> <span class='ocrx_word' id='word_1_204' title='bbox 1138 1722 1263 1764; x_wconf 77' lang='grc' dir='ltr'><strong><em>αὐτοῦ</em></strong></span> <span class='ocrx_word' id='word_1_205' title='bbox 1282 1722 1473 1782; x_wconf 69' lang='grc' dir='ltr'><strong><em>εὐγενείᾳ,</em></strong></span> <span class='ocrx_word' id='word_1_206' title='bbox 1504 1723 1573 1765; x_wconf 72' lang='grc' dir='ltr'><strong><em>ἵνα</em></strong></span> 
     </span>
    </p>
   </div>
   <div class='ocr_carea' id='block_1_3' title="bbox 205 1846 1478 1896">
    <p class='ocr_par' dir='ltr' id='par_1_3' title="bbox 205 1846 1478 1896">
     <span class='ocr_line' id='line_1_24' title="bbox 205 1846 1478 1896; baseline 0.001 -12"><span class='ocrx_word' id='word_1_207' title='bbox 205 1850 226 1884; x_wconf 89' lang='grc'><strong>1</strong></span> <span class='ocrx_word' id='word_1_208' title='bbox 250 1846 367 1894; x_wconf 74' lang='grc' dir='ltr'><strong><em>αὐτῆς</em></strong></span> <span class='ocrx_word' id='word_1_209' title='bbox 391 1849 421 1883; x_wconf 83' lang='lat' dir='ltr'>C</span> <span class='ocrx_word' id='word_1_210' title='bbox 519 1850 541 1885; x_wconf 81' lang='lat'><strong>3</strong></span> <span class='ocrx_word' id='word_1_211' title='bbox 565 1848 607 1884; x_wconf 87' lang='grc' dir='ltr'><strong>τὸ</strong></span> <span class='ocrx_word' id='word_1_212' title='bbox 634 1861 689 1884; x_wconf 89' lang='lat' dir='ltr'><strong>om</strong></span> <span class='ocrx_word' id='word_1_213' title='bbox 712 1849 741 1882; x_wconf 91' lang='lat' dir='ltr'>C</span> <span class='ocrx_word' id='word_1_214' title='bbox 833 1849 909 1884; x_wconf 71' lang='grc' dir='ltr'><strong><em>τῶν</em></strong></span> <span class='ocrx_word' id='word_1_215' title='bbox 932 1861 987 1884; x_wconf 89' lang='lat' dir='ltr'><strong>om</strong></span> <span class='ocrx_word' id='word_1_216' title='bbox 1010 1849 1041 1884; x_wconf 85' lang='lat' dir='ltr'>C</span> <span class='ocrx_word' id='word_1_217' title='bbox 1136 1852 1179 1886; x_wconf 90' lang='lat'><strong>18</strong></span> <span class='ocrx_word' id='word_1_218' title='bbox 1203 1847 1354 1890; x_wconf 68' lang='grc' dir='ltr'><strong><em>δούλοις</em></strong></span> <span class='ocrx_word' id='word_1_219' title='bbox 1374 1850 1478 1896; x_wconf 85' lang='lat' dir='ltr'><strong>vulgo</strong></span> 
     </span>
    </p>
   </div>
   <div class='ocr_carea' id='block_1_4' title="bbox 79 1961 1621 2875">
    <p class='ocr_par' dir='ltr' id='par_1_4' title="bbox 109 1961 1569 2053">
     <span class='ocr_line' id='line_1_25' title="bbox 111 1961 1569 2008; baseline 0.002 -12"><span class='ocrx_word' id='word_1_220' title='bbox 111 1961 198 1996; x_wconf 83' lang='lat' dir='ltr'><strong>haec</strong></span> <span class='ocrx_word' id='word_1_221' title='bbox 228 1961 307 2006; x_wconf 88' lang='lat' dir='ltr'><strong>ipsa</strong></span> <span class='ocrx_word' id='word_1_222' title='bbox 336 1961 415 1996; x_wconf 88' lang='lat' dir='ltr'><strong>loca</strong></span> <span class='ocrx_word' id='word_1_223' title='bbox 443 1966 575 2007; x_wconf 80' lang='lat' dir='ltr'><strong>septem</strong></span> <span class='ocrx_word' id='word_1_224' title='bbox 609 1963 690 1996; x_wconf 83' lang='lat' dir='ltr'><strong>su‘nt</strong></span> <span class='ocrx_word' id='word_1_225' title='bbox 720 1962 874 2007; x_wconf 83' lang='lat' dir='ltr'><strong>insulae,</strong></span> <span class='ocrx_word' id='word_1_226' title='bbox 906 1973 997 2007; x_wconf 88' lang='lat' dir='ltr'><strong>quae</strong></span> <span class='ocrx_word' id='word_1_227' title='bbox 1018 1961 1292 2008; x_wconf 81' lang='lat' dir='ltr'><strong>Peloponnesiae</strong></span> <span class='ocrx_word' id='word_1_228' title='bbox 1317 1967 1569 2008; x_wconf 83' lang='lat' dir='ltr'><strong>nuncupantur.</strong></span> 
     </span>
     <span class='ocr_line' id='line_1_26' title="bbox 109 2006 859 2053; baseline 0 -11"><span class='ocrx_word' id='word_1_229' title='bbox 109 2018 152 2042; x_wconf 85' lang='lat' dir='ltr'><strong>ac</strong></span> <span class='ocrx_word' id='word_1_230' title='bbox 170 2006 222 2042; x_wconf 80' lang='lat' dir='ltr'><strong>sic</strong></span> <span class='ocrx_word' id='word_1_231' title='bbox 244 2007 380 2051; x_wconf 86' lang='lat' dir='ltr'><strong>quidem</strong></span> <span class='ocrx_word' id='word_1_232' title='bbox 402 2008 662 2053; x_wconf 82' lang='lat' dir='ltr'><strong>Peloponnesus</strong></span> <span class='ocrx_word' id='word_1_233' title='bbox 682 2020 720 2042; x_wconf 87' lang='lat' dir='ltr'><strong>se</strong></span> <span class='ocrx_word' id='word_1_234' title='bbox 743 2008 859 2042; x_wconf 87' lang='lat' dir='ltr'><strong>habet.</strong></span> 
     </span>
    </p>

    <p class='ocr_par' dir='ltr' id='par_1_5' title="bbox 79 2052 1621 2875">
     <span class='ocr_line' id='line_1_27' title="bbox 202 2052 1621 2100; baseline -0.001 -14"><span class='ocrx_word' id='word_1_235' title='bbox 202 2052 293 2088; x_wconf 84' lang='lat' dir='ltr'>Olim</span> <span class='ocrx_word' id='word_1_236' title='bbox 321 2054 459 2098; x_wconf 88' lang='lat' dir='ltr'><strong>quidem</strong></span> <span class='ocrx_word' id='word_1_237' title='bbox 490 2054 588 2098; x_wconf 85' lang='lat' dir='ltr'><strong>regio</strong></span> <span class='ocrx_word' id='word_1_238' title='bbox 612 2053 671 2086; x_wconf 84' lang='lat' dir='ltr'><strong>illa</strong></span> <span class='ocrx_word' id='word_1_239' title='bbox 696 2055 956 2099; x_wconf 82' lang='lat' dir='ltr'><strong>gubernabatur</strong></span> <span class='ocrx_word' id='word_1_240' title='bbox 979 2052 1125 2099; x_wconf 89' lang='lat' dir='ltr'><strong>imperio</strong></span> <span class='ocrx_word' id='word_1_241' title='bbox 1151 2053 1194 2087; x_wconf 85' lang='lat' dir='ltr'><strong>ab</strong></span> <span class='ocrx_word' id='word_1_242' title='bbox 1220 2052 1482 2086; x_wconf 88' lang='lat' dir='ltr'><strong>Heraclidarum</strong></span> <span class='ocrx_word' id='word_1_243' title='bbox 1507 2064 1570 2098; x_wconf 84' lang='lat' dir='ltr'><strong>ge-</strong></span> <span class='ocrx_word' id='word_1_244' title='bbox 1618 2095 1621 2100; x_wconf 35' lang='grc'><strong><em>,</em></strong></span> 
     </span>
     <span class='ocr_line' id='line_1_28' title="bbox 109 2099 1569 2144; baseline 0 -12"><span class='ocrx_word' id='word_1_245' title='bbox 109 2109 206 2142; x_wconf 89' lang='lat' dir='ltr'><strong>nere,</strong></span> <span class='ocrx_word' id='word_1_246' title='bbox 229 2099 340 2133; x_wconf 86' lang='lat' dir='ltr'><strong>donec</strong></span> <span class='ocrx_word' id='word_1_247' title='bbox 356 2100 536 2144; x_wconf 89' lang='lat' dir='ltr'><strong>Philippus</strong></span> <span class='ocrx_word' id='word_1_248' title='bbox 560 2100 706 2134; x_wconf 88' lang='lat' dir='ltr'><strong>Macedo</strong></span> <span class='ocrx_word' id='word_1_249' title='bbox 732 2111 792 2133; x_wconf 89' lang='lat' dir='ltr'><strong>eos</strong></span> <span class='ocrx_word' id='word_1_250' title='bbox 815 2099 959 2134; x_wconf 89' lang='lat' dir='ltr'><strong>devicit.</strong></span> <span class='ocrx_word' id='word_1_251' title='bbox 1006 2099 1133 2133; x_wconf 86' lang='lat' dir='ltr'><strong>etenim</strong></span> <span class='ocrx_word' id='word_1_252' title='bbox 1156 2109 1230 2132; x_wconf 91' lang='lat' dir='ltr'><strong>cum</strong></span> <span class='ocrx_word' id='word_1_253' title='bbox 1253 2099 1482 2132; x_wconf 81' lang='lat' dir='ltr'><strong>Athenienses</strong></span> <span class='ocrx_word' id='word_1_254' title='bbox 1506 2099 1569 2132; x_wconf 75' lang='lat' dir='ltr'><strong>ad·</strong></span> 
     </span>
     <span class='ocr_line' id='line_1_29' title="bbox 107 2144 1569 2189; baseline 0.001 -12"><span class='ocrx_word' id='word_1_255' title='bbox 107 2155 231 2179; x_wconf 80' lang='lat' dir='ltr'><strong>versus</strong></span> <span class='ocrx_word' id='word_1_256' title='bbox 253 2145 547 2179; x_wconf 85' lang='lat' dir='ltr'><strong>Lacedaemonios</strong></span> <span class='ocrx_word' id='word_1_257' title='bbox 572 2146 615 2179; x_wconf 91' lang='lat' dir='ltr'><strong>de</strong></span> <span class='ocrx_word' id='word_1_258' title='bbox 640 2145 836 2189; x_wconf 83' lang='lat' dir='ltr'><strong>principatu</strong></span> <span class='ocrx_word' id='word_1_259' title='bbox 862 2145 1141 2187; x_wconf 84' lang='lat' dir='ltr'><strong>contendissent,</strong></span> <span class='ocrx_word' id='word_1_260' title='bbox 1177 2156 1221 2178; x_wconf 87' lang='lat' dir='ltr'><strong>ex</strong></span> <span class='ocrx_word' id='word_1_261' title='bbox 1253 2155 1320 2188; x_wconf 92' lang='lat' dir='ltr'><strong>quo</strong></span> <span class='ocrx_word' id='word_1_262' title='bbox 1345 2145 1388 2178; x_wconf 84' lang='lat' dir='ltr'><strong>ab</strong></span> <span class='ocrx_word' id='word_1_263' title='bbox 1413 2144 1569 2189; x_wconf 86' lang='lat' dir='ltr'><strong>utrisque</strong></span> 
     </span>
     <span class='ocr_line' id='line_1_30' title="bbox 106 2188 1566 2235; baseline 0.001 -13"><span class='ocrx_word' id='word_1_264' title='bbox 106 2188 216 2223; x_wconf 81' lang='lat' dir='ltr'><strong>Persa</strong></span> <span class='ocrx_word' id='word_1_265' title='bbox 235 2190 349 2224; x_wconf 86' lang='lat' dir='ltr'><strong>victus</strong></span> <span class='ocrx_word' id='word_1_266' title='bbox 373 2197 446 2235; x_wconf 85' lang='lat' dir='ltr'><strong>est,</strong></span> <span class='ocrx_word' id='word_1_267' title='bbox 471 2190 605 2224; x_wconf 82' lang='lat' dir='ltr'><strong>Xerxes</strong></span> <span class='ocrx_word' id='word_1_268' title='bbox 629 2191 686 2224; x_wconf 84' lang='lat' dir='ltr'><strong>ille</strong></span> <span class='ocrx_word' id='word_1_269' title='bbox 711 2191 977 2235; x_wconf 83' lang='lat' dir='ltr'><strong>famosissimus,</strong></span> <span class='ocrx_word' id='word_1_270' title='bbox 1009 2190 1164 2235; x_wconf 84' lang='lat' dir='ltr'><strong>pedestri</strong></span> <span class='ocrx_word' id='word_1_271' title='bbox 1188 2189 1319 2235; x_wconf 84' lang='lat' dir='ltr'><strong>praelio</strong></span> <span class='ocrx_word' id='word_1_272' title='bbox 1345 2201 1365 2223; x_wconf 85' lang='lat' dir='ltr'><strong>a</strong></span> <span class='ocrx_word' id='word_1_273' title='bbox 1389 2189 1566 2223; x_wconf 85' lang='lat' dir='ltr'><strong>Lacedae-</strong></span> 
     </span>
     <span class='ocr_line' id='line_1_31' title="bbox 106 2235 1565 2281; baseline 0 -13"><span class='ocrx_word' id='word_1_274' title='bbox 106 2235 230 2269; x_wconf 85' lang='lat' dir='ltr'><strong>moniis</strong></span> <span class='ocrx_word' id='word_1_275' title='bbox 255 2243 438 2281; x_wconf 85' lang='lat' dir='ltr'><strong>superatus</strong></span> <span class='ocrx_word' id='word_1_276' title='bbox 461 2243 531 2270; x_wconf 84' lang='lat' dir='ltr'><strong>tum</strong></span> <span class='ocrx_word' id='word_1_277' title='bbox 557 2248 630 2270; x_wconf 90' lang='lat' dir='ltr'><strong>cum</strong></span> <span class='ocrx_word' id='word_1_278' title='bbox 654 2237 856 2271; x_wconf 77' lang='lat' dir='ltr'><strong>Mardonius</strong></span> <span class='ocrx_word' id='word_1_279' title='bbox 882 2248 955 2270; x_wconf 89' lang='lat' dir='ltr'><strong>cum</strong></span> <span class='ocrx_word' id='word_1_280' title='bbox 981 2235 1153 2270; x_wconf 86' lang='lat' dir='ltr'><strong>universis</strong></span> <span class='ocrx_word' id='word_1_281' title='bbox 1176 2235 1286 2280; x_wconf 88' lang='lat' dir='ltr'><strong>copiis</strong></span> <span class='ocrx_word' id='word_1_282' title='bbox 1310 2235 1474 2279; x_wconf 84' lang='lat' dir='ltr'><strong>concidit,</strong></span> <span class='ocrx_word' id='word_1_283' title='bbox 1503 2247 1565 2269; x_wconf 89' lang='lat' dir='ltr'><strong>na-</strong></span> 
     </span>
     <span class='ocr_line' id='line_1_32' title="bbox 106 2280 1567 2327; baseline 0.001 -14"><span class='ocrx_word' id='word_1_284' title='bbox 106 2280 178 2314; x_wconf 82' lang='lat' dir='ltr'><strong>vali</strong></span> <span class='ocrx_word' id='word_1_285' title='bbox 209 2291 294 2316; x_wconf 86' lang='lat' dir='ltr'><strong>vero</strong></span> <span class='ocrx_word' id='word_1_286' title='bbox 329 2282 552 2327; x_wconf 83' lang='lat' dir='ltr'><strong>expeditione</strong></span> <span class='ocrx_word' id='word_1_287' title='bbox 586 2283 630 2316; x_wconf 88' lang='lat' dir='ltr'><strong>ab</strong></span> <span class='ocrx_word' id='word_1_288' title='bbox 662 2282 934 2316; x_wconf 88' lang='lat' dir='ltr'><strong>Atheniensibus</strong></span> <span class='ocrx_word' id='word_1_289' title='bbox 969 2287 1039 2316; x_wconf 89' lang='lat' dir='ltr'><strong>tum</strong></span> <span class='ocrx_word' id='word_1_290' title='bbox 1073 2291 1147 2315; x_wconf 88' lang='lat' dir='ltr'><strong>cum</strong></span> <span class='ocrx_word' id='word_1_291' title='bbox 1179 2280 1434 2315; x_wconf 87' lang='lat' dir='ltr'><strong>Themistocles</strong></span> <span class='ocrx_word' id='word_1_292' title='bbox 1464 2280 1567 2314; x_wconf 84' lang='lat' dir='ltr'><strong>classi</strong></span> 
     </span>
     <span class='ocr_line' id='line_1_33' title="bbox 105 2325 1566 2372; baseline 0 -12"><span class='ocrx_word' id='word_1_293' title='bbox 105 2325 279 2371; x_wconf 79' lang='lat' dir='ltr'><strong>praefuit3</strong></span> <span class='ocrx_word' id='word_1_294' title='bbox 319 2327 505 2362; x_wconf 81' lang='lat' dir='ltr'><strong>certamine</strong></span> <span class='ocrx_word' id='word_1_295' title='bbox 540 2328 659 2372; x_wconf 80' lang='lat' dir='ltr'><strong>itaque</strong></span> <span class='ocrx_word' id='word_1_296' title='bbox 690 2328 783 2362; x_wconf 88' lang='lat' dir='ltr'><strong>inter</strong></span> <span class='ocrx_word' id='word_1_297' title='bbox 814 2334 981 2372; x_wconf 86' lang='lat' dir='ltr'><strong>utrosque</strong></span> <span class='ocrx_word' id='word_1_298' title='bbox 1015 2326 1194 2361; x_wconf 89' lang='lat' dir='ltr'><strong>commisso</strong></span> <span class='ocrx_word' id='word_1_299' title='bbox 1230 2326 1273 2360; x_wconf 90' lang='lat' dir='ltr'><strong>de</strong></span> <span class='ocrx_word' id='word_1_300' title='bbox 1308 2327 1566 2372; x_wconf 82' lang='lat' dir='ltr'><strong>praerogativa,</strong></span> 
     </span>
     <span class='ocr_line' id='line_1_34' title="bbox 105 2371 1566 2419; baseline 0 -13"><span class='ocrx_word' id='word_1_301' title='bbox 105 2372 229 2406; x_wconf 84' lang='lat' dir='ltr'><strong>bellum</strong></span> <span class='ocrx_word' id='word_1_302' title='bbox 253 2373 415 2418; x_wconf 85' lang='lat' dir='ltr'><strong>utrinque</strong></span> <span class='ocrx_word' id='word_1_303' title='bbox 438 2385 502 2419; x_wconf 88' lang='lat' dir='ltr'><strong>per</strong></span> <span class='ocrx_word' id='word_1_304' title='bbox 525 2375 568 2408; x_wconf 70' lang='lat'><strong>27</strong></span> <span class='ocrx_word' id='word_1_305' title='bbox 592 2385 700 2408; x_wconf 87' lang='lat' dir='ltr'><strong>annos</strong></span> <span class='ocrx_word' id='word_1_306' title='bbox 723 2374 927 2419; x_wconf 89' lang='lat' dir='ltr'><strong>productum</strong></span> <span class='ocrx_word' id='word_1_307' title='bbox 951 2377 1016 2416; x_wconf 85' lang='lat' dir='ltr'><strong>est,</strong></span> <span class='ocrx_word' id='word_1_308' title='bbox 1042 2378 1081 2407; x_wconf 88' lang='lat' dir='ltr'><strong>ut</strong></span> <span class='ocrx_word' id='word_1_309' title='bbox 1102 2371 1315 2419; x_wconf 88' lang='lat' dir='ltr'><strong>percelebris</strong></span> <span class='ocrx_word' id='word_1_310' title='bbox 1338 2372 1566 2417; x_wconf 88' lang='lat' dir='ltr'><strong>Thucydides</strong></span> 
     </span>
     <span class='ocr_line' id='line_1_35' title="bbox 104 2417 1564 2464; baseline 0 -13"><span class='ocrx_word' id='word_1_311' title='bbox 104 2417 290 2452; x_wconf 84' lang='lat' dir='ltr'><strong>memoriae</strong></span> <span class='ocrx_word' id='word_1_312' title='bbox 320 2418 450 2464; x_wconf 88' lang='lat' dir='ltr'><strong>prodit.</strong></span> <span class='ocrx_word' id='word_1_313' title='bbox 498 2430 581 2463; x_wconf 84' lang='lat' dir='ltr'><strong>ergo</strong></span> <span class='ocrx_word' id='word_1_314' title='bbox 612 2420 821 2464; x_wconf 77' lang='lat' dir='ltr'><strong>profligatos</strong></span> <span class='ocrx_word' id='word_1_315' title='bbox 855 2431 874 2454; x_wconf 89' lang='lat' dir='ltr'><strong>a</strong></span> <span class='ocrx_word' id='word_1_316' title='bbox 905 2430 943 2452; x_wconf 90' lang='lat' dir='ltr'><strong>se</strong></span> <span class='ocrx_word' id='word_1_317' title='bbox 969 2418 1139 2463; x_wconf 88' lang='lat' dir='ltr'><strong>invicem,</strong></span> <span class='ocrx_word' id='word_1_318' title='bbox 1172 2418 1353 2452; x_wconf 84' lang='lat' dir='ltr'><strong>iuventute</strong></span> <span class='ocrx_word' id='word_1_319' title='bbox 1375 2423 1564 2463; x_wconf 83' lang='lat' dir='ltr'><strong>prostrata,</strong></span> 
     </span>
     <span class='ocr_line' id='line_1_36' title="bbox 102 2463 1564 2511; baseline 0 -14"><span class='ocrx_word' id='word_1_320' title='bbox 102 2463 234 2498; x_wconf 86' lang='lat' dir='ltr'><strong>invasit</strong></span> <span class='ocrx_word' id='word_1_321' title='bbox 254 2464 457 2511; x_wconf 85' lang='lat' dir='ltr'><strong>Philippus,</strong></span> <span class='ocrx_word' id='word_1_322' title='bbox 495 2464 685 2499; x_wconf 83' lang='lat' dir='ltr'><strong>Alexandri</strong></span> <span class='ocrx_word' id='word_1_323' title='bbox 708 2471 829 2511; x_wconf 88' lang='lat' dir='ltr'><strong>pater,</strong></span> <span class='ocrx_word' id='word_1_324' title='bbox 863 2470 899 2499; x_wconf 89' lang='lat' dir='ltr'><strong>et</strong></span> <span class='ocrx_word' id='word_1_325' title='bbox 930 2470 1097 2508; x_wconf 88' lang='lat' dir='ltr'><strong>utrosque</strong></span> <span class='ocrx_word' id='word_1_326' title='bbox 1129 2463 1292 2498; x_wconf 83' lang='lat' dir='ltr'><strong>servituti</strong></span> <span class='ocrx_word' id='word_1_327' title='bbox 1317 2463 1473 2508; x_wconf 82' lang='lat' dir='ltr'><strong>addixit,</strong></span> <span class='ocrx_word' id='word_1_328' title='bbox 1512 2463 1564 2498; x_wconf 88' lang='lat' dir='ltr'><strong>ita</strong></span> 
     </span>
     <span class='ocr_line' id='line_1_37' title="bbox 102 2507 1562 2555; baseline -0.001 -12"><span class='ocrx_word' id='word_1_329' title='bbox 102 2514 142 2543; x_wconf 89' lang='lat' dir='ltr'><strong>ut</strong></span> <span class='ocrx_word' id='word_1_330' title='bbox 165 2508 231 2543; x_wconf 91' lang='lat' dir='ltr'><strong>hoc</strong></span> <span class='ocrx_word' id='word_1_331' title='bbox 253 2521 391 2546; x_wconf 78' lang='lat' dir='ltr'><strong>carmen</strong></span> <span class='ocrx_word' id='word_1_332' title='bbox 418 2510 462 2544; x_wconf 89' lang='lat' dir='ltr'><strong>de</strong></span> <span class='ocrx_word' id='word_1_333' title='bbox 484 2510 562 2554; x_wconf 89' lang='lat' dir='ltr'><strong>ipso</strong></span> <span class='ocrx_word' id='word_1_334' title='bbox 587 2511 756 2555; x_wconf 89' lang='lat' dir='ltr'><strong>prolatum</strong></span> <span class='ocrx_word' id='word_1_335' title='bbox 781 2511 828 2546; x_wconf 90' lang='lat' dir='ltr'><strong>sit</strong></span> <span class='ocrx_word' id='word_1_336' title='bbox 850 2507 916 2544; x_wconf 77' lang='lat' dir='ltr'><strong>“in</strong></span> <span class='ocrx_word' id='word_1_337' title='bbox 940 2510 1095 2544; x_wconf 84' lang='lat' dir='ltr'><strong>dissidiis</strong></span> <span class='ocrx_word' id='word_1_338' title='bbox 1118 2515 1230 2543; x_wconf 82' lang='lat' dir='ltr'><strong>autem</strong></span> <span class='ocrx_word' id='word_1_339' title='bbox 1252 2508 1308 2542; x_wconf 87' lang='lat' dir='ltr'><strong>vel</strong></span> <span class='ocrx_word' id='word_1_340' title='bbox 1331 2508 1562 2554; x_wconf 83' lang='lat' dir='ltr'><strong>nequissimus</strong></span> 
     </span>
     <span class='ocr_line' id='line_1_38' title="bbox 101 2552 1561 2601; baseline 0.001 -14"><span class='ocrx_word' id='word_1_341' title='bbox 101 2554 332 2600; x_wconf 83' lang='lat' dir='ltr'><strong>principatum</strong></span> <span class='ocrx_word' id='word_1_342' title='bbox 356 2552 526 2590; x_wconf 86' lang='lat' dir='ltr'><strong>obtinet.&#39;’</strong></span> <span class='ocrx_word' id='word_1_343' title='bbox 571 2562 694 2601; x_wconf 88' lang='lat' dir='ltr'><strong>postea</strong></span> <span class='ocrx_word' id='word_1_344' title='bbox 716 2563 827 2591; x_wconf 88' lang='lat' dir='ltr'><strong>autem</strong></span> <span class='ocrx_word' id='word_1_345' title='bbox 842 2582 852 2600; x_wconf 84' lang='lat'><strong><em>‚</em></strong></span> <span class='ocrx_word' id='word_1_346' title='bbox 885 2556 964 2590; x_wconf 80' lang='lat' dir='ltr'><strong>vice</strong></span> <span class='ocrx_word' id='word_1_347' title='bbox 987 2567 1090 2590; x_wconf 84' lang='lat' dir='ltr'><strong>versa</strong></span> <span class='ocrx_word' id='word_1_348' title='bbox 1111 2555 1362 2590; x_wconf 88' lang='lat' dir='ltr'><strong>Macedonibus</strong></span> <span class='ocrx_word' id='word_1_349' title='bbox 1386 2567 1407 2589; x_wconf 85' lang='lat' dir='ltr'><strong>a</strong></span> <span class='ocrx_word' id='word_1_350' title='bbox 1431 2555 1561 2589; x_wconf 87' lang='lat' dir='ltr'><strong>Roma-</strong></span> 
     </span>
     <span class='ocr_line' id='line_1_39' title="bbox 102 2600 1560 2647; baseline 0 -14"><span class='ocrx_word' id='word_1_351' title='bbox 102 2600 156 2634; x_wconf 89' lang='lat' dir='ltr'><strong>nis</strong></span> <span class='ocrx_word' id='word_1_352' title='bbox 173 2601 359 2645; x_wconf 85' lang='lat' dir='ltr'><strong>superatis,</strong></span> <span class='ocrx_word' id='word_1_353' title='bbox 385 2601 494 2635; x_wconf 88' lang='lat' dir='ltr'><strong>omnis</strong></span> <span class='ocrx_word' id='word_1_354' title='bbox 517 2602 669 2636; x_wconf 87' lang='lat' dir='ltr'><strong>Graecia</strong></span> <span class='ocrx_word' id='word_1_355' title='bbox 690 2610 726 2636; x_wconf 83' lang='lat' dir='ltr'><strong>et</strong></span> <span class='ocrx_word' id='word_1_356' title='bbox 742 2603 999 2647; x_wconf 86' lang='lat' dir='ltr'><strong>Peloponnesus</strong></span> <span class='ocrx_word' id='word_1_357' title='bbox 1015 2602 1246 2636; x_wconf 86' lang='lat' dir='ltr'><strong>Romanorum</strong></span> <span class='ocrx_word' id='word_1_358' title='bbox 1269 2611 1420 2645; x_wconf 85' lang='lat' dir='ltr'><strong>sagenae</strong></span> <span class='ocrx_word' id='word_1_359' title='bbox 1442 2601 1560 2644; x_wconf 86' lang='lat' dir='ltr'><strong>iugum</strong></span> 
     </span>
     <span class='ocr_line' id='line_1_40' title="bbox 101 2645 1558 2693; baseline 0 -14"><span class='ocrx_word' id='word_1_360' title='bbox 101 2645 301 2690; x_wconf 84' lang='lat' dir='ltr'><strong>subierunt,</strong></span> <span class='ocrx_word' id='word_1_361' title='bbox 334 2647 384 2680; x_wconf 86' lang='lat' dir='ltr'><strong>ita</strong></span> <span class='ocrx_word' id='word_1_362' title='bbox 408 2652 446 2680; x_wconf 89' lang='lat' dir='ltr'><strong>ut</strong></span> <span class='ocrx_word' id='word_1_363' title='bbox 464 2648 594 2681; x_wconf 85' lang='lat' dir='ltr'><strong>Graeci</strong></span> <span class='ocrx_word' id='word_1_364' title='bbox 617 2649 712 2682; x_wconf 90' lang='lat' dir='ltr'><strong>servi</strong></span> <span class='ocrx_word' id='word_1_365' title='bbox 740 2660 800 2693; x_wconf 90' lang='lat' dir='ltr'><strong>pro</strong></span> <span class='ocrx_word' id='word_1_366' title='bbox 823 2648 942 2681; x_wconf 86' lang='lat' dir='ltr'><strong>liberis</strong></span> <span class='ocrx_word' id='word_1_367' title='bbox 966 2646 1154 2682; x_wconf 86' lang='lat' dir='ltr'><strong>evaserint.</strong></span> <span class='ocrx_word' id='word_1_368' title='bbox 1203 2651 1355 2680; x_wconf 85' lang='lat' dir='ltr'><strong>ceterum</strong></span> <span class='ocrx_word' id='word_1_369' title='bbox 1384 2646 1420 2680; x_wconf 86' lang='lat' dir='ltr'><strong>in</strong></span> <span class='ocrx_word' id='word_1_370' title='bbox 1443 2645 1558 2679; x_wconf 86' lang='lat' dir='ltr'><strong>servi-</strong></span> 
     </span>
     <span class='ocr_line' id='line_1_41' title="bbox 100 2691 1560 2738; baseline -0.001 -13"><span class='ocrx_word' id='word_1_371' title='bbox 100 2697 209 2725; x_wconf 81' lang='lat' dir='ltr'><strong>tutem</strong></span> <span class='ocrx_word' id='word_1_372' title='bbox 230 2693 371 2726; x_wconf 86' lang='lat' dir='ltr'><strong>redacta</strong></span> <span class='ocrx_word' id='word_1_373' title='bbox 396 2692 464 2726; x_wconf 82' lang='lat' dir='ltr'><strong>fuit</strong></span> <span class='ocrx_word' id='word_1_374' title='bbox 486 2693 650 2728; x_wconf 86' lang='lat' dir='ltr'><strong>universa</strong></span> <span class='ocrx_word' id='word_1_375' title='bbox 673 2695 771 2738; x_wconf 81' lang='lat' dir='ltr'><strong>regio</strong></span> <span class='ocrx_word' id='word_1_376' title='bbox 803 2706 844 2727; x_wconf 87' lang='lat' dir='ltr'><strong>ac</strong></span> <span class='ocrx_word' id='word_1_377' title='bbox 875 2695 1024 2728; x_wconf 85' lang='lat' dir='ltr'><strong>barbara</strong></span> <span class='ocrx_word' id='word_1_378' title='bbox 1054 2693 1197 2735; x_wconf 81' lang='lat' dir='ltr'><strong>effecta,</strong></span> <span class='ocrx_word' id='word_1_379' title='bbox 1229 2693 1367 2736; x_wconf 87' lang='lat' dir='ltr'><strong>quando</strong></span> <span class='ocrx_word' id='word_1_380' title='bbox 1392 2691 1560 2737; x_wconf 81' lang='lat' dir='ltr'><strong>pestilens</strong></span> 
     </span>
     <span class='ocr_line' id='line_1_42' title="bbox 100 2737 1560 2784; baseline -0.001 -14"><span class='ocrx_word' id='word_1_381' title='bbox 100 2738 239 2771; x_wconf 86' lang='lat' dir='ltr'><strong>morbus</strong></span> <span class='ocrx_word' id='word_1_382' title='bbox 261 2737 298 2771; x_wconf 87' lang='lat' dir='ltr'><strong>in</strong></span> <span class='ocrx_word' id='word_1_383' title='bbox 321 2749 452 2771; x_wconf 87' lang='lat' dir='ltr'><strong>omnem</strong></span> <span class='ocrx_word' id='word_1_384' title='bbox 476 2743 644 2773; x_wconf 83' lang='lat' dir='ltr'><strong>terrarum</strong></span> <span class='ocrx_word' id='word_1_385' title='bbox 668 2741 786 2774; x_wconf 88' lang='lat' dir='ltr'><strong>orbem</strong></span> <span class='ocrx_word' id='word_1_386' title='bbox 809 2745 987 2784; x_wconf 81' lang='lat' dir='ltr'><strong>grassatus</strong></span> <span class='ocrx_word' id='word_1_387' title='bbox 1011 2743 1076 2782; x_wconf 80' lang='lat' dir='ltr'><strong>est,</strong></span> <span class='ocrx_word' id='word_1_388' title='bbox 1111 2750 1179 2782; x_wconf 90' lang='lat' dir='ltr'><strong>quo</strong></span> <span class='ocrx_word' id='word_1_389' title='bbox 1203 2743 1360 2782; x_wconf 88' lang='lat' dir='ltr'><strong>tempore</strong></span> <span class='ocrx_word' id='word_1_390' title='bbox 1385 2738 1560 2770; x_wconf 88' lang='lat' dir='ltr'><strong>Constan-</strong></span> 
     </span>
     <span class='ocr_line' id='line_1_43' title="bbox 99 2781 1560 2831; baseline 0 -16"><span class='ocrx_word' id='word_1_391' title='bbox 99 2781 194 2816; x_wconf 81' lang='lat' dir='ltr'><strong>tinus</strong></span> <span class='ocrx_word' id='word_1_392' title='bbox 216 2782 459 2829; x_wconf 85' lang='lat' dir='ltr'><strong>Copronymus</strong></span> <span class='ocrx_word' id='word_1_393' title='bbox 482 2785 711 2819; x_wconf 86' lang='lat' dir='ltr'><strong>Romanorum</strong></span> <span class='ocrx_word' id='word_1_394' title='bbox 734 2785 872 2829; x_wconf 87' lang='lat' dir='ltr'><strong>imperii</strong></span> <span class='ocrx_word' id='word_1_395' title='bbox 895 2789 1035 2831; x_wconf 87' lang='lat' dir='ltr'><strong>sceptra</strong></span> <span class='ocrx_word' id='word_1_396' title='bbox 1058 2784 1162 2821; x_wconf 84' lang='lat' dir='ltr'><strong>rexit.</strong></span> <span class='ocrx_word' id='word_1_397' title='bbox 1223 2784 1342 2827; x_wconf 86' lang='lat' dir='ltr'><strong>itaque</strong></span> <span class='ocrx_word' id='word_1_398' title='bbox 1366 2782 1560 2828; x_wconf 85' lang='lat' dir='ltr'><strong>quempiam</strong></span> 
     </span>
     <span class='ocr_line' id='line_1_44' title="bbox 79 2827 1559 2875; baseline 0 -14"><span class='ocrx_word' id='word_1_399' title='bbox 79 2838 120 2861; x_wconf 69' lang='grc' dir='ltr'><strong>,θ</strong></span> <span class='ocrx_word' id='word_1_400' title='bbox 142 2827 380 2875; x_wconf 86' lang='lat' dir='ltr'><strong>Peloponneso</strong></span> <span class='ocrx_word' id='word_1_401' title='bbox 404 2828 583 2865; x_wconf 84' lang='lat' dir='ltr'><strong>oriundum</strong></span> <span class='ocrx_word' id='word_1_402' title='bbox 606 2831 650 2866; x_wconf 89' lang='lat' dir='ltr'><strong>de</strong></span> <span class='ocrx_word' id='word_1_403' title='bbox 674 2831 857 2866; x_wconf 84' lang='lat' dir='ltr'><strong>nobilitate</strong></span> <span class='ocrx_word' id='word_1_404' title='bbox 879 2842 955 2875; x_wconf 86' lang='lat' dir='ltr'><strong>sua,</strong></span> <span class='ocrx_word' id='word_1_405' title='bbox 981 2829 1148 2865; x_wconf 75' lang='lat' dir='ltr'><strong>ne‘dicam</strong></span> <span class='ocrx_word' id='word_1_406' title='bbox 1167 2829 1387 2874; x_wconf 83' lang='lat' dir='ltr'><strong>ignobilitate</strong></span> <span class='ocrx_word' id='word_1_407' title='bbox 1406 2827 1559 2873; x_wconf 77' lang='lat' dir='ltr'><strong>glorian-</strong></span> 
     </span>
    </p>
   </div>
  </div>
 </body>
</html>
