1780 3132
214 170 268 209 1N
293 165 647 210 CONSTANTlNl
688 167 1002 209 PORPH.L1}3.
1030 168 1100 207 DE
1123 160 1255 206 ΑΒΜ.
1279 166 1386 206 mu).
1425 155 1518 205 345

86 280 666 389 32353321132232’13131'ffl
690 280 1071 376 ἒιῗᾶῖςἜᾶἓῗῖἓῆῗὲ
1096 278 1523 386 adsectati&

82 391 274 431 'civitates
304 391 529 431 maritimae
557 392 785 431 destructae
805 392 965 440 fuerint,
995 389 1176 443 pluribus
1205 389 1305 430 haec
1336 388 1470 428 omnia
1497 399 1524 426 a

84 445 208 486 Lucio
239 458 272 485 c.
292 449 318 485 ⁸7
345 448 374 485 8
390 450 430 484 et
446 450 474 486 9
499 451 813 498 pertractantur,
843 447 915 486 sed
945 446 1004 486 ita
1030 449 1164 485 tamen
1191 449 1235 484 ut
1261 456 1342 485 non
1368 454 1522 483 omnem

83 501 314 552 scrupulum
347 500 443 540 mihi
472 501 614 541 demat.

195 568 289 616 137,
320 569 383 606 13.
439 565 496 620 τῷ
523 564 607 619 ναῷ
650 563 722 604 τοῦ
751 563 873 616 ἁγίου
904 562 1137 617 Στεφάνου]
1179 565 1284 605 hanc
1311 564 1448 605 aedem
1478 561 1522 602 S-

89 619 291 673 Stephani
318 621 570 662 aedificatam
599 622 724 661 fuisse
764 634 789 661 a
819 621 1021 671 Polymiro
1052 633 1176 674 rege,
1206 621 1247 660 in
1277 632 1401 672 eaque
1428 617 1524 657 reli-

87 675 202 728 quias
224 676 346 716 Nerei
385 675 585 716 Achillaei
625 681 665 716 et
690 676 894 717 Pancratii
934 680 1168 725 martyrum,
1197 687 1352 714 necnon
1383 675 1523 713 Petro-

91 730 226 785 uelJae
254 743 303 771 ac
329 730 559 772 Domitillae
589 731 811 784 virginum,
847 731 899 771 ab
936 731 1074 770 eodem
1101 742 1201 784 rege
1226 731 1355 770 Roma
1382 739 1525 780 aspor-

86 787 208 834 tatas,
238 785 438 837 repositas
467 784 592 826 fuisse
620 786 761 827 scribit
789 786 949 826 Tubero
977 788 1005 825 5
1030 786 1059 826 l.
1089 786 1116 827 l.
1172 786 1361 836 templum
1390 788 1524 824 autem

86 838 165 879 hoc
191 838 235 880 S.
256 839 454 893 Stephani
482 853 569 880 cum
600 841 692 881 aliis
721 841 902 881 omnibus
931 841 1089 892 templis
1119 853 1167 881 ac
1194 839 1385 880 aedificiis
1414 838 1527 878 urbis

82 893 316 946 Ragusinae
345 907 530 935 eversum
558 896 636 936 fuit
663 896 737 936 illo
764 896 967 936 horrendo
997 899 1242 936 terraemotu
1272 895 1338 948 qui
1367 907 1404 935 a.
1426 892 1522 934 Chr.

76 950 194 990 1667
223 950 384 992 accidit.

194 1013 304 1057 Ibid.
334 1017 400 1056 15.
473 1013 759 1069 Ἀσπαλάθου]
791 1016 888 1056 urbs
917 1015 1128 1069 Spalatum
1158 1017 1244 1056 sive
1276 1016 1526 1068 Aspalatum,

80 1081 183 1124 quae
211 1071 306 1111 olim
334 1071 578 1113 Diocletiani
616 1072 815 1124 palatium
853 1071 949 1121 fuit,
992 1072 1168 1112 habitari
1209 1076 1352 1124 coepta
1395 1075 1456 1110 est
1498 1084 1525 1110 a

79 1123 335 1166 Salonitanis
372 1127 527 1168 civibus
578 1131 789 1180 postquam
833 1126 990 1167 Salona
1029 1139 1055 1166 a
1097 1126 1235 1167 Slavis
1268 1140 1338 1166 seu
1381 1125 1526 1166 Gothis

78 1191 228 1222 eversa
254 1181 343 1234 fuit,
371 1186 418 1222 ut
446 1182 588 1222 scribit
617 1182 795 1222 Thomas
821 1181 1038 1221 archidiac.
1066 1181 1224 1232 spalat.
1256 1182 1297 1221 in
1329 1181 1428 1222 Hist.
1449 1180 1528 1220 Sa-

79 1235 164 1276 lon.
195 1247 229 1274 c.
258 1239 324 1276 10.
382 1236 475 1277 vide
502 1241 543 1277 et
569 1236 781 1278 historiam
808 1237 968 1277 Michae
995 1237 1121 1277 Madii
1151 1237 1297 1277 editam
1323 1236 1429 1288 apud
1446 1236 1526 1276 Lu-

82 1288 186 1330 cium
216 1303 251 1331 c.
276 1292 343 1332 15.

185 1354 294 1398 Ibid.
324 1361 390 1399 19.
449 1356 739 1408 ἑπισκοπεῖον]
758 1357 822 1398 hic
841 1370 922 1398 non
943 1357 1147 1409 significat
1175 1357 1323 1398 aedem
1348 1367 1525 1398 sacram

79 1410 377 1465 episcopalem
393 1444 404 1464 ‚
433 1417 479 1453 ut
504 1413 738 1465 Ducangius
767 1412 1016 1453 existimavit
1043 1413 1086 1452 in
1104 1413 1254 1453 GLGr.
1286 1413 1354 1453 ubi
1384 1412 1526 1452 laudat

80 1465 186 1507 hunc
199 1466 539 1520 Porphyrogeniti
552 1468 695 1518 locum,
710 1468 780 1508 sed
796 1466 961 1508 domum
977 1467 1282 1521 episcopalem,
1294 1480 1396 1520 quae
1415 1467 1528 1519 prius

79 1525 170 1562 erat
194 1521 435 1563 domicilium
453 1523 597 1563 Severi
613 1522 845 1563 Salonitani
860 1523 971 1574 civis,
990 1523 1056 1575 qui
1083 1524 1188 1575 quod
1207 1523 1351 1563 ceteris
1373 1522 1527 1562 maiore

75 1576 317 1617 auctoritate
344 1578 529 1630 polleret,
559 1590 731 1631 magnus
763 1578 940 1619 Severus
979 1578 1276 1630 appellabatur,
1305 1582 1350 1618 ut
1383 1578 1527 1618 scribit

76 1630 254 1672 Thomas
286 1632 506 1673 archidiac.
547 1634 575 1672 l.
606 1634 632 1672 l.
662 1633 765 1673 idem
793 1633 968 1685 scriptor
1009 1646 1043 1672 c.
1072 1637 1123 1673 11
1156 1633 1215 1673 sic
1241 1634 1291 1673 de
1320 1632 1523 1685 episcopio

83 1683 237 1727 habet:
264 1689 366 1727 tunc
382 1689 733 1740 praenominatus
752 1686 944 1729 Severus
971 1687 1232 1730 domicilium
1251 1699 1386 1737 suum,
1414 1686 1526 1740 quod

80 1741 128 1782 in
156 1738 345 1793 Spalato
385 1744 572 1783 sortitus
608 1741 783 1794 fuerat,
816 1741 983 1797 quando
1025 1742 1078 1784 de
1103 1742 1261 1785 insulis
1290 1742 1523 1792 redierunt,

69 1793 258 1836 rdonavit
295 1795 515 1838 ecclesiae
552 1809 648 1838 cum
686 1800 798 1838 turri
828 1797 1026 1851 anyulari
1066 1802 1111 1839 et
1145 1797 1323 1851 palatie,
1354 1799 1524 1849 episco-

71 1851 191 1902 pium
217 1849 278 1891 ibi
306 1849 406 1902 fieri
439 1855 649 1893 statuens.
720 1851 862 1906 ibique
890 1851 1153 1902 venerabilis
1187 1851 1367 1906 praesul
1396 1850 1523 1892 loan-

72 1916 152 1947 nes
179 1907 380 1957 primitus
407 1905 605 1947 habitare
633 1909 789 1959 coepit.
861 1907 911 1946 de
950 1908 1050 1947 aede
1091 1920 1189 1947 vero
1218 1920 1338 1947 sacra
1367 1907 1522 1959 episco-

72 1959 158 2012 pali
186 1960 245 1999 sic
274 1961 378 2000 idem
405 1962 635 2015 subiungit:
666 1961 816 2003 videns
838 1974 940 2015 eryo
967 1961 1169 2014 populum
1199 1964 1244 2002 in
1270 1961 1403 2003 divini
1427 1961 1520 2002 cul-

72 2015 145 2056 tus
174 2026 321 2055 amore
351 2027 653 2066 succrescere,
682 2019 831 2057 statim
860 2016 1038 2070 ayyredi
1069 2019 1213 2070 coepit
1232 2029 1340 2070 opus
1370 2016 1521 2058 lauda-

71 2066 171 2119 bile,
205 2073 248 2110 et
282 2070 483 2123 templum
526 2069 668 2122 Iovis,
697 2072 808 2125 quod
842 2073 888 2113 in
925 2074 1023 2125 ipso
1063 2069 1293 2125 Au-qustali
1320 2069 1521 2123 aedificio

70 2122 398 2167 eaecelsioribus
421 2124 574 2176 suerat
599 2129 841 2167 structuris
859 2131 1061 2179 erectum,
1094 2127 1148 2168 ab
1165 2127 1375 2168 idolorum
1403 2139 1520 2168 mun-

73 2176 194 2218 davit
217 2176 446 2230 fiymensts,
475 2182 630 2222 ianuas
658 2183 703 2222 in
741 2193 791 2221 eo
826 2193 1041 2236 serasque
1080 2185 1360 2223 constituens.
1419 2186 1521 2223 tunc

71 2231 346 2274 solemnitate
375 2233 664 2277 dedicationis
688 2235 855 2277 indicta
883 2245 1070 2289 magnus*
1105 2238 1288 2293 undique
1333 2236 1520 2291 populus

73 2285 345 2329 coadunatus
373 2293 453 2330 est.
523 2288 635 2341 fecit
663 2303 765 2344 eryo
805 2304 865 2331 ex
893 2290 1001 2343 fano
1029 2291 1108 2333 illo
1136 2293 1382 2340 ecclesiam,
1413 2304 1519 2333 con-

68 2351 255 2382 secrans
286 2355 378 2384 eam
417 2346 463 2384 in
498 2356 650 2398 mayna
686 2346 908 2387 devotione
938 2350 982 2387 et
1018 2347 1208 2400 tripudio
1236 2351 1416 2391 omnium
1445 2349 1519 2401 qui

71 2401 373 2449 convenerant,
398 2398 456 2439 ad
482 2398 684 2441 honorem
713 2401 782 2442 dei
810 2405 854 2441 et
879 2401 1101 2454 ylariosae
1125 2405 1306 2456 viryinis
1328 2401 1516 2444 Mariae.

67 2449 234 2492 clerum
261 2456 402 2493 autem
426 2452 485 2494 ibi
513 2458 682 2508 statuit,
713 2458 785 2510 qui
807 2456 939 2497 divini
966 2456 1111 2499 cultus
1133 2457 1337 2513 obsequia
1365 2458 1518 2500 diebus

74 2505 262 2558 sinyulis
289 2511 534 2550 exerceret.

181 2570 292 2613 Ibid.
322 2577 391 2613 20.
446 2573 521 2612 τοῦ
549 2569 668 2624 ἁγίου
706 2571 891 2627 Admau]
930 2589 1074 2630 corpus
1093 2577 1136 2618 S.
1163 2579 1307 2619 Domni
1335 2593 1406 2620 seu
1436 2580 1517 2619 Do-

70 2626 168 2688 muii
205 2631 245 2667 et
275 2640 421 2680 corpus
451 2629 495 2669 S.
528 2629 732 2670 Anastasii
759 2633 972 2683 martyris,
1005 2634 1055 2673 de
1083 2646 1160 2686 quo
1189 2636 1368 2688 loquitur
1397 2636 1517 2687 paulo

75 2681 185 2726 mfra
213 2682 389 2737 scriptor
417 2687 573 2737 noster,
603 2684 759 2727 Salona
788 2688 992 2730 translata
1031 2690 1194 2731 fuerunt
1222 2691 1448 2745 Spalatum,
1477 2695 1516 2731 et
