1780 3132
227 136 281 175 ΙΝ
326 131 680 173 CONSTANTiNl
721 133 918 172 PORPH.
957 131 1029 170 DE
1065 130 1228 170 THEM.
1269 130 1313 168 L.
1344 130 1396 168 ll.
1445 121 1538 166 295

95 246 298 301 expressis
341 246 479 286 verbis
516 246 702 300 inquiens
734 242 815 284 ‘find
861 244 1175 296 κονσιλιαρίων,
1221 240 1409 281 τουτέστι
1436 241 1542 291 βου-

98 300 271 342 λευτῶν.
1028 335 1032 338 .

204 359 272 409 49,
297 357 367 396 15·
426 350 515 406 λα’]
543 357 586 397 in
612 369 693 397 mss
722 359 763 396 et
790 355 831 396 in
847 344 1034 396 Hierocle
1064 354 1216 408 legitur
1245 346 1318 401 λβ.
1349 356 1392 393 at
1421 350 1543 397 urbes

93 415 147 455 31
181 416 338 453 tantum
366 411 580 465 utrobique
606 415 879 452 recensentur.
909 411 1100 451 fortassis
1128 408 1341 462 trigesima
1370 407 1546 448 secunda

93 467 360 516 Cassandria,
391 479 494 519 quae
522 467 629 507 inter
657 466 941 507 celeberrimas
963 466 1083 506 urbes
1109 466 1197 515 fuit,
1229 464 1323 503 olim
1349 462 1546 503 Potidaea

92 523 215 573 dicta,
241 522 493 562 numeranda
525 527 614 572 est3
644 526 684 562 et
713 522 817 562 hanc
849 522 1177 574 praetermissam
1206 523 1302 572 puto
1332 518 1465 571 potius
1493 517 1544 557 li-

92 577 222 619 brarii
248 577 405 617 incuria
447 589 566 630 quam
593 576 830 630 μνημοιίκῷ
870 577 1047 617 auctoris
1083 570 1366 625 ἁμαρτήματι.
1423 572 1544 613 urbes

98 637 232 673 autem
259 644 362 685 quae
407 631 471 671 hic
500 638 763 672 recensentur
793 632 1062 672 conferendae
1093 644 1179 670 cum
1208 630 1407 680 Hierocle,
1437 627 1545 680 apud

93 699 210 741 quem
238 688 457 740 pleraeque
486 687 685 728 diversae.
757 692 932 728 ceterum
972 688 1191 739 pleraeque
1217 685 1359 725 harum
1387 683 1545 724 urbium

93 743 354 795 reperiuntur
382 742 487 794 apud
509 743 666 783 Livium
698 743 725 783 l.
746 745 819 794 45,
845 743 911 783 ubi
942 741 1194 794 Amphipolis
1222 740 1377 793 primae
1404 738 1545 792 regio-

91 799 156 838 nis
185 800 306 850 caput
330 797 456 837 fuisse
485 797 653 848 dicitur,
678 798 969 839 Thessalonice
998 797 1210 847 secundae,
1240 795 1352 835 Pelle
1384 795 1545 846 tertiae,

93 857 265 906 quartae
295 852 530 904 Pelagonia.

199 909 269 957 50,
299 909 339 948 4.
369 904 442 958 ιζ’]
490 920 701 961 perperam
727 909 769 949 in
798 908 917 949 editis
954 902 1025 953 ιςέ
1066 907 1213 960 quippe
1241 906 1362 946 urbes
1390 909 1443 946 17
1472 917 1547 945 nu-

91 967 313 1003 merantur.
380 963 547 1003 totidem
590 968 630 1004 et
666 965 873 1004 Hierocles
918 963 1024 1015 apud
1053 962 1304 1002 Holstenium
1332 965 1544 1010 recenset;

90 1018 198 1071 apud
227 1016 418 1058 Carolum
449 1030 546 1058 vero
578 1032 604 1059 a
633 1020 677 1060 S.
708 1021 834 1059 Paulo
863 1019 984 1059 urbes
1022 1022 1075 1058 18
1105 1021 1379 1058 numerantur.

157 1090 160 1095 ·
200 1071 312 1114 Ibid.
339 1076 379 1112 7.
436 1071 768 1126 Βουραμίνσιος]
800 1075 893 1114 vide
917 1075 1156 1114 Hieroclem.

200 1126 311 1169 Ibid.
343 1130 409 1168 11.
467 1126 724 1182 Στρυμόνος]
754 1129 948 1179 Strymon
978 1128 1139 1179 fluvium,
1169 1128 1236 1181 qui
1263 1125 1546 1167 Macedoniam

93 1196 120 1224 a
148 1182 332 1224 Thracia
361 1182 519 1235 dividit,
548 1188 594 1223 ut
621 1185 764 1224 scribit
787 1184 954 1234 Scylax,
982 1183 1166 1237 pluribus
1195 1195 1221 1222 a
1248 1182 1546 1235 tranquillitate

90 1250 234 1278 cursus
260 1237 456 1278 laudatur
499 1251 524 1278 a
551 1238 704 1279 Basilio
734 1240 888 1292 Magno
927 1239 969 1279 in
1009 1239 1183 1291 epistola
1212 1238 1263 1278 ad
1299 1237 1544 1290 Gregorium

90 1293 396 1334 Nazianzenum
425 1291 475 1331 de
504 1294 720 1334 solitudine
748 1295 927 1336 Pontica.

197 1346 306 1389 Ibid.
342 1350 407 1388 18.
483 1345 581 1394 τούς
620 1344 776 1396 ἔξωθεν
814 1345 888 1387 καί
924 1345 1146 1396 παλαιούς]
1187 1346 1252 1386 hic
1283 1350 1474 1387 externos
1504 1352 1545 1388 et

89 1403 276 1456 antiquos
306 1404 489 1455 appellat
527 1404 929 1457 Porphyrogenitus,
962 1416 1072 1444 more
1109 1406 1340 1444 sanctorum
1369 1408 1543 1454 patrum,

88 1459 262 1510 gentiles
295 1470 366 1498 seu
396 1458 576 1499 ethnicos
606 1459 841 1512 scriptores,
867 1461 1150 1511 Ptolemaeum,
1179 1457 1430 1498 Marcianum
1461 1459 1541 1500 He-

88 1514 322 1563 racleotam‚
350 1512 605 1564 Strabonem,
636 1519 710 1555 etc.

195 1566 305 1609 Ibid.
335 1571 401 1609 20.
461 1569 657 1617 Παῦλος]
701 1570 804 1610 haec
830 1569 1032 1610 habentur
1055 1568 1146 1609 Act.
1177 1572 1231 1608 2⁷
1259 1572 1299 1617 2,
1327 1581 1407 1608 non
1439 1581 1465 1608 a
1492 1569 1540 1608 1).

91 1622 218 1663 Paulo
250 1623 322 1663 sed
351 1635 378 1663 a
405 1621 449 1664 S.
464 1624 576 1665 Luca
605 1625 771 1677 scripta.
830 1624 1110 1665 Aristarchum
1141 1628 1273 1664 autem
1302 1623 1355 1663 ad
1383 1622 1539 1664 Coloss.

87 1680 115 1718 4
141 1678 324 1731 appellat
351 1678 400 1717 D.
431 1679 581 1719 Paulus
611 1678 892 1731 συνέκδημον,
925 1675 1289 1729 συναιχμάλωτον,
1330 1676 1541 1728 συνεργόν.

196 1735 264 1781 51,
291 1735 330 1772 4.
386 1732 436 1785 τῇ
465 1733 648 1784 θυγατρί
672 1732 744 1771 καί
770 1733 817 1786 τῇ
851 1730 986 1784 πόλει]
1017 1738 1210 1786 excerpta
1239 1746 1291 1774 ex
1316 1733 1344 1771 l.
1363 1736 1390 1773 ⁷
1422 1734 1542 1774 Stra-

87 1787 203 1827 bonis
231 1787 338 1827 hanc
376 1789 516 1828 urbem
543 1789 812 1830 instauratam
850 1789 975 1829 fuisse
1004 1789 1219 1842 perhibent
1249 1802 1275 1829 a
1304 1787 1540 1829 Cassandro

88 1842 265 1895 Philippi
292 1854 458 1894 socero,
490 1844 556 1896 qui
583 1844 635 1884 ab
663 1856 792 1884 uxore
822 1844 1116 1884 Thessalonica
1144 1843 1372 1883 Alexandri
1401 1843 1541 1897 magni

87 1909 230 1937 sorore
259 1909 404 1937 nomen
435 1899 564 1939 eidem
597 1900 687 1939 urbi
719 1899 920 1951 imposuit,
951 1911 1040 1939 cum
1071 1904 1193 1940 antea
1212 1899 1388 1939 Therme
1418 1911 1541 1939 voca-

88 1955 212 1993 retur.
269 1953 366 1992 vide
392 1953 612 1994 Diodorum
640 1955 667 1995 l.
700 1957 768 1994 19.

196 2005 307 2048 Ibid.
327 2012 367 2048 6.
425 2002 506 2046 ἀπὸ
531 2003 734 2061 Ἕλληνος]
765 2009 859 2049 vide
877 2009 1122 2051 Strabonem
1151 2011 1179 2050 l.
1196 2015 1235 2059 9,
1265 2010 1542 2060 Thucydidem

87 2062 117 2101 l.
146 2065 185 2113 1,
221 2063 290 2115 qui
327 2063 467 2103 eadem
505 2065 632 2104 ferme
661 2065 824 2105 habent.
893 2064 1123 2116 Stephanus
1154 2077 1253 2105 vero
1281 2066 1451 2119 loquens
1489 2066 1540 2105 de

87 2117 187 2156 urbe
216 2118 392 2158 eiusdem
419 2119 591 2159 nominis
621 2120 679 2160 ait
708 2118 872 2157 ἐκτάῖθε
902 2114 981 2156 {mo
1008 2114 1215 2171 Ἕλληνος,
1244 2117 1296 2157 ου’
1324 2119 1399 2158 τοῦ
1425 2119 1542 2160 Δευ-

87 2168 284 2216 καλίωνος
312 2169 420 2210 ἀλλὰ
454 2173 528 2212 τοῦ
557 2173 696 2212 Φθίου
726 2171 797 2212 καὶ
822 2171 1077 2225 Χρυσίππης
1106 2174 1179 2226 τῆς
1197 2171 1326 2226 Ἴρου.

199 2224 309 2268 Ιόἰά.
341 2232 407 2269 17.
475 2225 614 2274 πόλεις
654 2228 743 2279 σθ’]
787 2229 865 2269 hae
908 2233 963 2269 79
1003 2231 1123 2270 urbes
1161 2230 1202 2270 in
1229 2231 1440 2284 provincia
1467 2243 1541 2271 seu

88 2282 347 2333 praefectura
374 2283 555 2324 Helladis
582 2280 663 2321 ὑπὸ
694 2279 940 2321 ἀνθύπατον
969 2290 1231 2326 recensentur
1259 2286 1311 2326 ab
1339 2286 1540 2327 Hierocle.

196 2334 306 2377 Ibid.
365 2336 599 2390 Σκαρφιάν]
631 2340 689 2378 sic
721 2343 760 2378 et
777 2339 997 2380 Hierocles.
1030 2341 1181 2381 Strabo
1208 2342 1236 2381 l.
1267 2345 1307 2381 9.
1338 2336 1541 2394 Σκάρφην

85 2394 220 2437 vocat,
246 2391 483 2433 Eustathius
513 2406 612 2433 vero
646 2389 903 2445 Σκάρφειαν.

198 2444 308 2487 Ibid.
344 2451 411 2487 20.
479 2441 691 2497 Εὔβοιαν]
732 2450 782 2487 de
814 2449 1002 2489 Euboeae
1042 2450 1200 2491 insulae
1245 2451 1345 2502 situ,
1378 2452 1541 2504 gemina

87 2501 389 2554 appellatione,
419 2503 584 2543 urbibus
614 2508 654 2542 et
685 2504 831 2543 incolis
851 2505 1083 2546 Marcianus
1112 2506 1273 2547 Heracl.
1306 2519 1344 2547 v,
1361 2509 1457 2548 595.
1488 2519 1541 2548 ex

87 2567 166 2607 quo
195 2561 356 2598 constat
389 2557 586 2599 Chalcida
617 2560 837 2599 maximam
855 2559 1043 2600 Euboeae
1078 2562 1218 2602 urbem
1248 2566 1288 2601 et
1313 2563 1429 2615 quasi
1459 2574 1541 2602 me-

87 2611 266 2662 tropolin
298 2612 447 2662 fuisse,
478 2617 522 2652 ut
562 2612 663 2652 nihil
692 2614 833 2654 mirum
878 2615 931 2654 sit
959 2617 1176 2657 nonnullos
1207 2617 1364 2657 insulae
1395 2629 1541 2659 nomen

88 2665 174 2706 cius
199 2666 378 2708 civitatis
407 2668 612 2719 tribuisse,
642 2672 686 2709 ut
710 2669 778 2709 hic
806 2669 948 2710 scribit
974 2670 1205 2723 imperator.
1237 2673 1348 2713 mor..
