1780 3132
290 193 363 232 DE
400 189 846 232 ADM¹N15TRANDO
890 187 1111 231 IMPERIO
1149 186 1267 229 CAP.
1310 186 1376 228 53.
1468 180 1561 228 259

127 290 281 335 υόντων
307 287 363 339 ὦς
389 291 518 344 δῆθεν
546 290 659 341 ξένιά
685 305 758 342 μοι
785 291 1024 343 πέμποντες,
1052 288 1097 329 ἐν
1125 283 1324 342 συμβόλῳ
1357 286 1402 325 δὲ
1431 301 1569 339 παρα-

127 356 358 411 βαλλόντων
383 357 466 397 τῶν
494 356 730 410 ἐρχομένων
767 353 963 407 καράβων
999 354 1119 406 ὑμῶν
1145 354 1217 393 καί
1245 352 1335 393 ἐκεῖ
1353 350 1571 404 μενόντων,

128 423 236 473 ἐμοῦ
265 423 314 462 δὲ
347 424 574 472 πέμποντος
615 420 688 462 καί
724 422 777 460 δι’
808 420 946 460 ἵππων
972 421 1169 473 φέροντος
1195 416 1292 466 τούς
1319 419 1572 471 ἐρχομένους

127 489 357 540 νεωτέρους
384 489 428 529 ἐν
455 488 505 543 τῇ
532 483 650 528 πόλει
686 487 759 527 καί
785 482 834 526 τοὶ
862 482 1121 536 πεμπόμενα.
1178 485 1248 525 καί
1275 481 1325 538 δὴ
1351 483 1412 539 τῷ
1435 481 1575 539 τρόπῳ

93 551 255 609 ὀτούτῳ
272 553 343 593 ἐπὶ
359 553 474 606 διετῆ
499 551 651 604 χρόνον
681 552 726 593 ἐκ
755 551 829 593 τοῦ
845 548 951 591 κατὰ
979 551 1107 604 μέρος
1133 550 1370 604 ἐρχομένων
1397 550 1481 591 τῶν
1493 551 1576 590 Βο-

126 619 366 671 σποριαναῖν
390 615 498 669 μετὰ
526 618 608 660 τῶν
638 619 790 672 ξενίων,
817 615 921 670 πρὸς
948 614 992 658 τὸ
1024 614 1082 668 μή
1111 618 1350 670 γνωσθῆναι
1378 618 1430 671 τῇ
1458 614 1577 655 πόλει

127 682 202 724 ’τόν
231 681 354 724 δόλον
380 681 507 738 ἔφερε
533 684 611 736 μὲν
639 681 795 731 αὖτούς
825 683 1001 733 πεζικαῖς
1029 683 1076 722 ἐκ
1101 684 1177 722 τοῦ
1204 678 1421 734 συμβόλου
1451 679 1472 722 ὃ
1500 680 1577 721 τοῦ

123 746 363 803 Ἀσοὶνδρου
392 745 510 803 υἱός,
550 749 622 790 καί
658 747 763 800 μετὰ
805 747 967 801 ἡμέρας
1004 745 1125 796 τινὰς
1159 745 1286 787 πάλιν
1316 747 1388 788 έπί
1414 743 1576 787 πάντων

127 813 232 868 πρὸς
260 811 441 868 εσπέραν
477 813 656 855 οἷπέλυεν
684 813 856 867 αυτούς,
893 814 1032 868 φησίν,
1060 811 1132 854 έπί
1159 810 1210 853 τοὶ
1238 809 1330 866 ἔξω,
1362 809 1419 859 ὥς
1449 813 1578 865 δῆθεν

72 885 116 919 10
128 880 406 934 βραδέστερον
435 877 505 920 διὰ
535 878 608 934 τήν
638 894 781 933 ωραν·
839 876 876 919 οἱ
906 881 952 920 δὲ
973 876 1234 932 ἐξερχόμενοι
1259 880 1306 919 ἐκ
1331 879 1406 931 τῆς
1431 877 1578 931 χώρας

127 940 232 999 ἄχρι
257 947 383 999 τριῶν
398 947 553 997 μιλίων
572 947 735 993 σκοτιοῖς
760 946 940 997 βαθείας
967 946 1189 998 γενομένης
1216 943 1480 998 ὑπέστρεφον
1509 942 1580 983 καί

127 1005 305 1065 ἤρχοντο
333 1011 378 1052 έν
408 1012 465 1067 τῷ
490 1015 695 1067 λεγομένω
715 1012 845 1067 λιμνω
874 1012 946 1050 καί
973 1012 1134 1050 ἐκεῖθεν
1162 1008 1233 1050 διὰ
1263 1007 1451 1062 καράβου
1479 1005 1580 1063 ἔφε-

128 1091 200 1130 ρεν
231 1074 387 1124 αὖτούς
412 1077 458 1117 ἐν
484 1082 577 1126 ταῖς
605 1074 794 1128 ἐώσαις,
824 1077 895 1116 καί
934 1074 1004 1116 διὰ
1042 1077 1120 1116 τοῦ
1143 1075 1437 1128 παραπυλίου,
1464 1070 1489 1114 ὃ
1520 1070 1579 1114 εἶ-

126 1142 202 1196 χεν
227 1143 273 1184 έν
302 1143 360 1198 τῷ
387 1142 542 1195 τείχει,
572 1143 787 1197 εἰσέφερεν
815 1139 971 1189 αὗτούς
997 1142 1042 1183 ἐν
1073 1141 1131 1198 τῷ
1158 1139 1256 1197 οἴκῳ
1286 1142 1422 1181 αὐτοῦ
1446 1140 1579 1194 μηδε-

73 1215 114 1249 15
128 1205 198 1256 νὸς
227 1205 397 1262 εἰδότος,
423 1209 465 1249 εἰ
488 1206 547 1262 μή
574 1211 681 1261 τίγε
708 1212 821 1261 τρεῖς
848 1209 930 1248 τῶν
948 1207 1110 1248 παίδων
1140 1206 1274 1248 αὐτοῦ’
1306 1207 1388 1248 τῶν
1409 1208 1578 1247 Βοσπο-

127 1274 280 1325 ριανῶν
307 1271 380 1313 καί
403 1272 532 1325 μόνον
561 1274 715 1314 πιστῶν
737 1274 872 1313 αὐτοῦ
899 1267 1041 1324 ὄντων,
1067 1270 1158 1320 ἑνὸς
1185 1274 1264 1324 μὲν
1292 1274 1368 1313 τοῦ
1394 1274 1439 1313 έν
1466 1288 1578 1323 συμ-

125 1336 235 1394 βόλῳ
263 1338 550 1391 ἀπερχομένου
589 1339 663 1379 καί
689 1340 911 1392 μηνύοντος
954 1333 1190 1391 ἀναχωρεῖν
1217 1336 1316 1386 τούς
1347 1337 1693 1392 καράβους,Ρ152

125 1398 256 1444 ἄλλου
282 1404 330 1444 δὲ
356 1404 428 1444 τοῦ
457 1404 786 1459 ὑποστρέφοντος
811 1402 910 1451 τοὺς
938 1402 1254 1456 Βοσποριανούς
1283 1405 1356 1444 καί
1381 1403 1580 1458 φέροντος

125 1469 170 1510 ἒν
195 1469 360 1522 λιμαῖνι,
389 1465 536 1523 ἑτέρου
566 1471 612 1510 δὲ
639 1470 715 1510 τοῦ
732 1471 777 1510 ἐκ
806 1471 987 1522 λιμῶνος
1013 1469 1118 1522 μετὰ
1149 1469 1336 1522 καράβου
1371 1469 1578 1522 α’ποκομί-

64 1535 266 1586 εθζοντος
294 1535 339 1576 έν
365 1540 457 1583 ταῖς
481 1533 647 1583 Σώσαις
675 1537 747 1576 καί
771 1535 1135 1583 οἷποκαθιστῶντος
1161 1536 1206 1576 έν
1235 1537 1292 1590 τῷ
1316 1537 1388 1576 τοῦ
1415 1533 1578 1586 Λαμά-

122 1614 206 1654 χου-
232 1597 353 1657 οἴκῳ,
383 1599 454 1640 καί
481 1602 534 1640 δι’
573 1595 634 1641 ὧν
670 1601 905 1655 α’πέτρεφεν
945 1598 1098 1650 αὐτοὺς
1128 1602 1172 1642 ἐν
1208 1606 1302 1648 ταῖς
1339 1601 1576 1655 ἀποθήκαις

120 1664 269 1721 αὐτοῦ,
297 1663 400 1719 μήτε
421 1666 492 1719 τῆς
509 1664 666 1714 Γυκίας
687 1666 880 1720 εἰδούσης
907 1663 978 1707 τὸν
1007 1668 1146 1719 δόλον,
1169 1668 1422 1721 προσδοκῶν,
1457 1667 1570 1707 καθὰ

122 1728 296 1786 εἴρηται,
323 1729 428 1773 κατὰ
457 1729 531 1786 τήν
558 1733 776 1773 ἐνιαυσίαν
811 1731 972 1786 ἡμέραν
1009 1734 1083 1786 τῆς
1113 1734 1188 1772 τοῦ
1217 1731 1435 1786 Λαμάχου
1465 1729 1572 1786 μνὴ-

211 1872 250 1953 31
260 1874 366 1908 πόλει
387 1874 705 1922 καταπεμπόμενοι
720 1876 758 1908 M
854 1876 896 1909 12
924 1876 1032 1920 paulo
1056 1875 1146 1908 infra
1166 1875 1331 1908 scribitur
1357 1875 1398 1911 ἐν
1421 1876 1564 1921 aquam.

253 1923 387 1954 eur-sius

117 2038 239 2072 carabi
262 2039 300 2072 in
328 2038 391 2072 tali
418 2039 496 2071 loco
521 2038 730 2079 manebunt,
756 2049 820 2081 ego
846 2049 928 2070 vero
955 2048 1066 2082 equos
1094 2037 1243 2077 mittam,
1269 2037 1428 2082 quibus
1417 2049 1564 2072 iuvenes
1622 2035 1626 2040 ’

114 2097 157 2119 ac
185 2096 329 2118 munera
362 2086 467 2118 missa
500 2086 538 2118 in
569 2086 690 2118 urbem
721 2062 931 2117 ’sehanturff'
981 2095 1133 2128 cumque
1168 2095 1233 2129 per
1270 2085 1457 2118 biennium
1497 2086 1566 2119 hoc

113 2132 222 2166 modo
244 2132 389 2165 diversis
416 2132 633 2176 temporibus
668 2133 705 2164 in
740 2131 862 2164 urbem
889 2131 1097 2174 Bosporiani
1124 2143 1202 2163 cum
1230 2132 1345 2164 xeniis
1371 2134 1563 2173 venissent,

112 2190 160 2212 ne
185 2179 279 2212 fraus
305 2190 325 2210 a
354 2179 490 2212 civibus
530 2184 802 2222 agnosceretur,
828 2177 1032 2210 adducebat
1070 2189 1129 2210 eos
1154 2178 1306 2210 Asandri
1334 2178 1427 2211 filius
1452 2180 1564 2224 pede-

113 2227 177 2259 stri
206 2226 336 2258 itinere
362 2237 405 2258 ex
433 2226 512 2258 loco
537 2226 747 2265 constituto,
769 2231 806 2258 et
824 2236 941 2257 rursus
959 2229 1040 2268 post
1060 2225 1200 2269 aliquot
1215 2224 1292 2258 dies
1308 2237 1423 2258 coram
1441 2228 1562 2258 omni-

113 2272 181 2305 bus
221 2282 282 2304 eos
317 2273 383 2305 sub
418 2283 598 2316 vesperam
632 2272 836 2304 dimittebat
869 2271 914 2304 ad
942 2272 1175 2315 campestria,
1200 2272 1303 2316 quasi
1327 2273 1396 2304 iam
1425 2273 1560 2305 tardius

113 2324 226 2360 esset3
251 2319 314 2363 qui
339 2320 468 2363 egressi
494 2319 539 2351 ad
563 2320 631 2352 tria
655 2330 767 2363 usque
791 2319 942 2351 miliaria
970 2318 1126 2350 tenebris
1152 2319 1223 2350 iam
1249 2318 1368 2352 densis
1395 2319 1561 2352 redibant

113 2371 151 2398 et
177 2365 359 2398 Limonem
390 2366 594 2405 intrabant,
632 2365 727 2398 unde
757 2366 884 2397 carabo
915 2366 1003 2398 Susa
1043 2364 1336 2405 devehebantur,
1375 2366 1460 2407 ubi,
1495 2378 1560 2410 per

111 2417 249 2456 portam
274 2412 468 2452 minorem,
500 2424 604 2458 quam
632 2413 670 2445 in
694 2423 794 2444 muro
821 2411 999 2450 habebat,
1029 2411 1066 2443 in
1094 2411 1236 2444 domum
1265 2412 1309 2444 ab
1336 2423 1378 2445 eo
1405 2414 1559 2456 recipio-

110 2457 254 2499 bantur,
277 2459 420 2491 nemine
445 2460 585 2492 conscio
610 2465 752 2504 praeter
776 2464 848 2491 tres
866 2464 1004 2491 tantum
1029 2458 1181 2491 famulos
1198 2460 1436 2504 Bosporianos
1453 2460 1556 2500 fidos,
1594 2475 1602 2481 -

110 2516 263 2549 quorum
297 2516 388 2538 unus
415 2505 460 2537 ad
497 2506 614 2538 locum
646 2511 818 2538 statutum
841 2505 1012 2549 pergebat
1037 2510 1074 2538 et
1098 2505 1263 2538 recedere
1289 2506 1435 2538 carabos
1460 2518 1556 2539 nun-

107 2551 233 2592 tiabat,
256 2551 348 2584 alter
372 2563 455 2585 vero
481 2553 517 2585 in
545 2553 724 2585 Limonem
750 2553 983 2596 Bosporianos
1012 2551 1216 2594 reducebat,
1242 2553 1368 2586 tertius
1396 2553 1554 2598 denique

108 2598 256 2631 Limone
281 2599 370 2631 Susa
400 2599 527 2632 carabo
567 2610 626 2632 eos
661 2598 862 2631 advehebat
895 2605 931 2631 et
955 2599 992 2630 in
1019 2598 1185 2631 Lamachi
1215 2600 1358 2632 domum
1385 2601 1555 2633 introdu-

106 2644 221 2678 nebat.
269 2645 436 2678 utebatur
455 2651 637 2690 praeterea
661 2645 715 2677 his
739 2645 785 2678 ad
801 2646 970 2678 alimenta
993 2644 1188 2678 deferenda
1212 2647 1286 2679 illis
1312 2647 1371 2691 qui
1397 2647 1435 2679 in
1462 2647 1552 2679 locis

106 2691 238 2724 abditis
265 2698 376 2732 erant,
401 2693 479 2736 ipsa
502 2703 644 2738 quoque
662 2693 773 2735 Gycia
793 2692 916 2724 dolum
936 2692 1134 2735 ignorante.
1185 2693 1398 2738 expectabat
1421 2700 1552 2733 autem,

106 2742 146 2770 ut
170 2738 333 2779 diximus,
362 2740 603 2772 anniversario
629 2738 686 2771 die
710 2739 875 2772 Lamachi
896 2740 1088 2772 memoriae
1108 2751 1216 2781 sacro,
1245 2740 1334 2773 urbe
1358 2746 1435 2773 tota
1461 2752 1551 2785 epu-
