<?xml version="1.0" encoding="UTF-8"?>
<!DOCTYPE html PUBLIC "-//W3C//DTD XHTML 1.0 Transitional//EN"
    "http://www.w3.org/TR/xhtml1/DTD/xhtml1-transitional.dtd">
<html xmlns="http://www.w3.org/1999/xhtml" xml:lang="en" lang="en">
 <head>
  <title>
</title>
<meta http-equiv="Content-Type" content="text/html;charset=utf-8" />
  <meta name='ocr-system' content='tesseract 3.04.00' />
  <meta name='ocr-capabilities' content='ocr_page ocr_carea ocr_par ocr_line ocrx_word'/>
</head>
<body>
  <div class='ocr_page' id='page_1' title='image "./corpusscriptorum09niebuoft_0308.png"; bbox 0 0 1780 3132; ppageno 0'>
   <div class='ocr_carea' id='block_1_1' title="bbox 256 143 1368 189">
    <p class='ocr_par' dir='ltr' id='par_1_1' title="bbox 256 143 1368 189">
     <span class='ocr_line' id='line_1_1' title="bbox 256 143 1368 189; baseline 0.008 -9"><span class='ocrx_word' id='word_1_1' title='bbox 256 144 350 189; x_wconf 75' lang='lat'>298</span> <span class='ocrx_word' id='word_1_2' title='bbox 569 146 825 186; x_wconf 82' lang='lat' dir='ltr'>BANDURu</span> <span class='ocrx_word' id='word_1_3' title='bbox 873 143 1368 189; x_wconf 76' lang='lat' dir='ltr'>ANiMAnvERsmNEs</span> 
     </span>
    </p>
   </div>
   <div class='ocr_carea' id='block_1_2' title="bbox 233 255 1665 2667">
    <p class='ocr_par' dir='ltr' id='par_1_2' title="bbox 239 255 1663 1157">
     <span class='ocr_line' id='line_1_2' title="bbox 252 255 1663 312; baseline 0.001 -15"><span class='ocrx_word' id='word_1_4' title='bbox 252 258 434 298; x_wconf 84' lang='lat' dir='ltr'>dicantur</span> <span class='ocrx_word' id='word_1_5' title='bbox 472 258 511 298; x_wconf 91' lang='lat' dir='ltr'>in</span> <span class='ocrx_word' id='word_1_6' title='bbox 543 269 696 296; x_wconf 90' lang='lat' dir='ltr'>nummo</span> <span class='ocrx_word' id='word_1_7' title='bbox 739 255 804 295; x_wconf 89' lang='lat' dir='ltr'>vel</span> <span class='ocrx_word' id='word_1_8' title='bbox 834 255 969 307; x_wconf 84' lang='lat' dir='ltr'>sigillo</span> <span class='ocrx_word' id='word_1_9' title='bbox 997 256 1202 307; x_wconf 88' lang='lat' dir='ltr'>plumbeo,</span> <span class='ocrx_word' id='word_1_10' title='bbox 1229 259 1332 311; x_wconf 78' lang='lat' dir='ltr'>quod</span> <span class='ocrx_word' id='word_1_11' title='bbox 1362 258 1466 311; x_wconf 83' lang='lat' dir='ltr'>apud</span> <span class='ocrx_word' id='word_1_12' title='bbox 1495 259 1663 312; x_wconf 80' lang='lat' dir='ltr'>equitem</span> 
     </span>
     <span class='ocr_line' id='line_1_3' title="bbox 252 308 1662 364; baseline 0.001 -13"><span class='ocrx_word' id='word_1_13' title='bbox 252 312 448 352; x_wconf 84' lang='lat' dir='ltr'>Gualdum</span> <span class='ocrx_word' id='word_1_14' title='bbox 486 312 634 350; x_wconf 81' lang='lat' dir='ltr'>Romae</span> <span class='ocrx_word' id='word_1_15' title='bbox 670 308 828 348; x_wconf 87' lang='lat' dir='ltr'>viderat</span> <span class='ocrx_word' id='word_1_16' title='bbox 866 309 967 349; x_wconf 89' lang='lat' dir='ltr'>idem</span> <span class='ocrx_word' id='word_1_17' title='bbox 1010 310 1245 351; x_wconf 86' lang='lat' dir='ltr'>Holstenius.</span> <span class='ocrx_word' id='word_1_18' title='bbox 1320 313 1422 364; x_wconf 89' lang='lat' dir='ltr'>quod</span> <span class='ocrx_word' id='word_1_19' title='bbox 1463 325 1560 353; x_wconf 88' lang='lat' dir='ltr'>vero</span> <span class='ocrx_word' id='word_1_20' title='bbox 1604 314 1662 354; x_wconf 82' lang='lat' dir='ltr'>ait</span> 
     </span>
     <span class='ocr_line' id='line_1_4' title="bbox 249 363 1661 416; baseline 0.001 -11"><span class='ocrx_word' id='word_1_21' title='bbox 249 364 615 416; x_wconf 83' lang='lat' dir='ltr'>Porphyrogenitus</span> <span class='ocrx_word' id='word_1_22' title='bbox 638 363 798 403; x_wconf 87' lang='lat' dir='ltr'>Naisum</span> <span class='ocrx_word' id='word_1_23' title='bbox 835 366 1007 415; x_wconf 87' lang='lat' dir='ltr'>patriam</span> <span class='ocrx_word' id='word_1_24' title='bbox 1036 364 1284 405; x_wconf 82' lang='lat' dir='ltr'>Constantini</span> <span class='ocrx_word' id='word_1_25' title='bbox 1314 366 1450 416; x_wconf 79' lang='lat' dir='ltr'>magni</span> <span class='ocrx_word' id='word_1_26' title='bbox 1475 379 1563 406; x_wconf 89' lang='lat' dir='ltr'>esse</span> <span class='ocrx_word' id='word_1_27' title='bbox 1579 398 1589 415; x_wconf 94' lang='lat'>‚</span> <span class='ocrx_word' id='word_1_28' title='bbox 1618 367 1661 406; x_wconf 84' lang='lat' dir='ltr'>id</span> 
     </span>
     <span class='ocr_line' id='line_1_5' title="bbox 249 417 1658 471; baseline 0.001 -12"><span class='ocrx_word' id='word_1_29' title='bbox 249 419 428 459; x_wconf 85' lang='lat' dir='ltr'>hausisse</span> <span class='ocrx_word' id='word_1_30' title='bbox 464 418 621 456; x_wconf 88' lang='lat' dir='ltr'>videtur</span> <span class='ocrx_word' id='word_1_31' title='bbox 662 429 712 456; x_wconf 85' lang='lat' dir='ltr'>ex</span> <span class='ocrx_word' id='word_1_32' title='bbox 749 417 954 468; x_wconf 87' lang='lat' dir='ltr'>Stephano</span> <span class='ocrx_word' id='word_1_33' title='bbox 995 417 1213 469; x_wconf 82' lang='lat' dir='ltr'>Byzantio,</span> <span class='ocrx_word' id='word_1_34' title='bbox 1241 420 1307 471; x_wconf 86' lang='lat' dir='ltr'>qui</span> <span class='ocrx_word' id='word_1_35' title='bbox 1335 420 1471 460; x_wconf 87' lang='lat' dir='ltr'>eadem</span> <span class='ocrx_word' id='word_1_36' title='bbox 1498 420 1658 470; x_wconf 80' lang='lat' dir='ltr'>scribit3</span> 
     </span>
     <span class='ocr_line' id='line_1_6' title="bbox 249 470 1660 525; baseline 0 -13"><span class='ocrx_word' id='word_1_37' title='bbox 249 472 426 525; x_wconf 89' lang='lat' dir='ltr'>quamvis</span> <span class='ocrx_word' id='word_1_38' title='bbox 469 471 519 509; x_wconf 91' lang='lat' dir='ltr'>de</span> <span class='ocrx_word' id='word_1_39' title='bbox 562 470 694 522; x_wconf 88' lang='lat' dir='ltr'>patria</span> <span class='ocrx_word' id='word_1_40' title='bbox 722 470 972 511; x_wconf 83' lang='lat' dir='ltr'>Constantini</span> <span class='ocrx_word' id='word_1_41' title='bbox 1000 472 1137 523; x_wconf 85' lang='lat' dir='ltr'>magni</span> <span class='ocrx_word' id='word_1_42' title='bbox 1174 474 1448 513; x_wconf 87' lang='lat' dir='ltr'>controversia</span> <span class='ocrx_word' id='word_1_43' title='bbox 1474 474 1526 515; x_wconf 90' lang='lat' dir='ltr'>sit</span> <span class='ocrx_word' id='word_1_44' title='bbox 1554 473 1660 514; x_wconf 84' lang='lat' dir='ltr'>inter</span> 
     </span>
     <span class='ocr_line' id='line_1_7' title="bbox 247 524 1660 579; baseline 0.001 -14"><span class='ocrx_word' id='word_1_45' title='bbox 247 527 483 577; x_wconf 81' lang='lat' dir='ltr'>scriptores:</span> <span class='ocrx_word' id='word_1_46' title='bbox 524 524 595 564; x_wconf 85' lang='lat' dir='ltr'>alii</span> <span class='ocrx_word' id='word_1_47' title='bbox 629 525 772 576; x_wconf 87' lang='lat' dir='ltr'>quippe</span> <span class='ocrx_word' id='word_1_48' title='bbox 800 537 887 564; x_wconf 89' lang='lat' dir='ltr'>eum</span> <span class='ocrx_word' id='word_1_49' title='bbox 926 531 1062 564; x_wconf 85' lang='lat' dir='ltr'>natum</span> <span class='ocrx_word' id='word_1_50' title='bbox 1088 525 1211 565; x_wconf 84' lang='lat' dir='ltr'>fuisse</span> <span class='ocrx_word' id='word_1_51' title='bbox 1241 527 1352 566; x_wconf 91' lang='lat' dir='ltr'>aiunt</span> <span class='ocrx_word' id='word_1_52' title='bbox 1375 527 1486 567; x_wconf 88' lang='lat' dir='ltr'>Naisi</span> <span class='ocrx_word' id='word_1_53' title='bbox 1513 528 1660 579; x_wconf 86' lang='lat' dir='ltr'>oppido</span> 
     </span>
     <span class='ocr_line' id='line_1_8' title="bbox 246 578 1662 630; baseline 0 -10"><span class='ocrx_word' id='word_1_54' title='bbox 246 580 408 627; x_wconf 82' lang='lat' dir='ltr'>Daciae,</span> <span class='ocrx_word' id='word_1_55' title='bbox 437 578 506 617; x_wconf 88' lang='lat' dir='ltr'>alii</span> <span class='ocrx_word' id='word_1_56' title='bbox 537 579 669 628; x_wconf 87' lang='lat' dir='ltr'>Trasi,</span> <span class='ocrx_word' id='word_1_57' title='bbox 699 578 770 618; x_wconf 90' lang='lat' dir='ltr'>alii</span> <span class='ocrx_word' id='word_1_58' title='bbox 798 579 974 630; x_wconf 79' lang='lat' dir='ltr'>Drepani</span> <span class='ocrx_word' id='word_1_59' title='bbox 1003 579 1215 628; x_wconf 83' lang='lat' dir='ltr'>Bithyniae</span> <span class='ocrx_word' id='word_1_60' title='bbox 1258 581 1356 620; x_wconf 90' lang='lat' dir='ltr'>urbe</span> <span class='ocrx_word' id='word_1_61' title='bbox 1395 580 1447 620; x_wconf 86' lang='lat' dir='ltr'>ad</span> <span class='ocrx_word' id='word_1_62' title='bbox 1482 581 1662 620; x_wconf 86' lang='lat' dir='ltr'>Nicome-</span> 
     </span>
     <span class='ocr_line' id='line_1_9' title="bbox 246 633 1657 686; baseline 0.001 -13"><span class='ocrx_word' id='word_1_63' title='bbox 246 635 421 673; x_wconf 83' lang='lat' dir='ltr'>diensem</span> <span class='ocrx_word' id='word_1_64' title='bbox 448 633 590 680; x_wconf 89' lang='lat' dir='ltr'>sinum,</span> <span class='ocrx_word' id='word_1_65' title='bbox 615 633 687 672; x_wconf 85' lang='lat' dir='ltr'>alii</span> <span class='ocrx_word' id='word_1_66' title='bbox 715 644 811 671; x_wconf 87' lang='lat' dir='ltr'>vero</span> <span class='ocrx_word' id='word_1_67' title='bbox 841 633 883 672; x_wconf 90' lang='lat' dir='ltr'>in</span> <span class='ocrx_word' id='word_1_68' title='bbox 905 634 1060 680; x_wconf 84' lang='lat' dir='ltr'>Galliis,</span> <span class='ocrx_word' id='word_1_69' title='bbox 1092 633 1162 673; x_wconf 89' lang='lat' dir='ltr'>alii</span> <span class='ocrx_word' id='word_1_70' title='bbox 1191 634 1356 686; x_wconf 87' lang='lat' dir='ltr'>denique</span> <span class='ocrx_word' id='word_1_71' title='bbox 1383 634 1425 674; x_wconf 89' lang='lat' dir='ltr'>in</span> <span class='ocrx_word' id='word_1_72' title='bbox 1437 634 1657 675; x_wconf 74' lang='lat' dir='ltr'>Britannia.</span> 
     </span>
     <span class='ocr_line' id='line_1_10' title="bbox 351 680 1661 740; baseline 0.003 -16"><span class='ocrx_word' id='word_1_73' title='bbox 351 689 416 734; x_wconf 81' lang='lat'>56,</span> <span class='ocrx_word' id='word_1_74' title='bbox 445 690 483 725; x_wconf 74' lang='lat'>7.</span> <span class='ocrx_word' id='word_1_75' title='bbox 535 680 787 733; x_wconf 79' lang='grc' dir='ltr'>Ῥεμεσιάνιι]</span> <span class='ocrx_word' id='word_1_76' title='bbox 843 687 901 725; x_wconf 88' lang='lat' dir='ltr'>sic</span> <span class='ocrx_word' id='word_1_77' title='bbox 940 699 991 727; x_wconf 87' lang='lat' dir='ltr'>ex</span> <span class='ocrx_word' id='word_1_78' title='bbox 1004 688 1187 726; x_wconf 84' lang='lat' dir='ltr'>Hierocle</span> <span class='ocrx_word' id='word_1_79' title='bbox 1213 689 1398 728; x_wconf 86' lang='lat' dir='ltr'>emendo:</span> <span class='ocrx_word' id='word_1_80' title='bbox 1424 700 1516 728; x_wconf 89' lang='lat' dir='ltr'>nam</span> <span class='ocrx_word' id='word_1_81' title='bbox 1543 700 1661 740; x_wconf 84' lang='lat' dir='ltr'>prae-</span> 
     </span>
     <span class='ocr_line' id='line_1_11' title="bbox 245 737 1559 782; baseline 0.002 -3"><span class='ocrx_word' id='word_1_82' title='bbox 245 744 307 780; x_wconf 88' lang='lat' dir='ltr'>ter</span> <span class='ocrx_word' id='word_1_83' title='bbox 330 741 551 780; x_wconf 84' lang='lat' dir='ltr'>Hieroclem</span> <span class='ocrx_word' id='word_1_84' title='bbox 582 740 750 779; x_wconf 89' lang='lat' dir='ltr'>habetur</span> <span class='ocrx_word' id='word_1_85' title='bbox 777 737 1023 780; x_wconf 72' lang='lat' dir='ltr'>Remisz&#39;ana</span> <span class='ocrx_word' id='word_1_86' title='bbox 1051 741 1092 780; x_wconf 88' lang='lat' dir='ltr'>in</span> <span class='ocrx_word' id='word_1_87' title='bbox 1119 741 1307 781; x_wconf 87' lang='lat' dir='ltr'>Antonini</span> <span class='ocrx_word' id='word_1_88' title='bbox 1338 742 1559 782; x_wconf 81' lang='lat' dir='ltr'>itinerario.</span> 
     </span>
     <span class='ocr_line' id='line_1_12' title="bbox 353 792 1659 847; baseline 0.001 -14"><span class='ocrx_word' id='word_1_89' title='bbox 353 793 458 834; x_wconf 81' lang='lat' dir='ltr'>Ibid.</span> <span class='ocrx_word' id='word_1_90' title='bbox 486 797 525 834; x_wconf 90' lang='grc'>8.</span> <span class='ocrx_word' id='word_1_91' title='bbox 582 792 761 842; x_wconf 77' lang='grc' dir='ltr'><strong><em>ἐπαρχία</em></strong></span> <span class='ocrx_word' id='word_1_92' title='bbox 786 793 834 845; x_wconf 82' lang='grc' dir='ltr'>τῇ</span> <span class='ocrx_word' id='word_1_93' title='bbox 860 794 1037 846; x_wconf 68' lang='grc' dir='ltr'><strong><em>παλαιᾷ]</em></strong></span> <span class='ocrx_word' id='word_1_94' title='bbox 1068 794 1178 834; x_wconf 89' lang='lat' dir='ltr'>locus</span> <span class='ocrx_word' id='word_1_95' title='bbox 1207 800 1426 847; x_wconf 72' lang='lat' dir='ltr'>corrupi·US‚</span> <span class='ocrx_word' id='word_1_96' title='bbox 1452 796 1494 835; x_wconf 82' lang='lat' dir='ltr'>ni</span> <span class='ocrx_word' id='word_1_97' title='bbox 1524 796 1659 841; x_wconf 78' lang='lat' dir='ltr'>fallor,</span> 
     </span>
     <span class='ocr_line' id='line_1_13' title="bbox 244 845 1658 900; baseline 0 -15"><span class='ocrx_word' id='word_1_98' title='bbox 244 851 284 886; x_wconf 85' lang='lat' dir='ltr'>et</span> <span class='ocrx_word' id='word_1_99' title='bbox 312 847 376 887; x_wconf 90' lang='lat' dir='ltr'>hic</span> <span class='ocrx_word' id='word_1_100' title='bbox 405 852 444 887; x_wconf 88' lang='lat' dir='ltr'>et</span> <span class='ocrx_word' id='word_1_101' title='bbox 472 847 575 899; x_wconf 90' lang='lat' dir='ltr'>apud</span> <span class='ocrx_word' id='word_1_102' title='bbox 603 847 836 898; x_wconf 86' lang='lat' dir='ltr'>Hieroclem,</span> <span class='ocrx_word' id='word_1_103' title='bbox 872 848 939 887; x_wconf 90' lang='lat' dir='ltr'>ubi</span> <span class='ocrx_word' id='word_1_104' title='bbox 964 848 1020 887; x_wconf 91' lang='lat' dir='ltr'>sic</span> <span class='ocrx_word' id='word_1_105' title='bbox 1048 848 1221 899; x_wconf 72' lang='lat' dir='ltr'>legitur:</span> <span class='ocrx_word' id='word_1_106' title='bbox 1261 848 1440 898; x_wconf 80' lang='grc' dir='ltr'><strong><em>ἐπαρχία</em></strong></span> <span class='ocrx_word' id='word_1_107' title='bbox 1469 847 1519 900; x_wconf 81' lang='grc' dir='ltr'>τῇ</span> <span class='ocrx_word' id='word_1_108' title='bbox 1544 845 1658 899; x_wconf 67' lang='grc' dir='ltr'><em>’παρὰ</em></span> 
     </span>
     <span class='ocr_line' id='line_1_14' title="bbox 243 896 1661 954; baseline 0.002 -16"><span class='ocrx_word' id='word_1_109' title='bbox 243 929 251 938; x_wconf 91' lang='grc'><strong>.</strong></span> <span class='ocrx_word' id='word_1_110' title='bbox 282 928 291 938; x_wconf 91' lang='grc'><strong>.</strong></span> <span class='ocrx_word' id='word_1_111' title='bbox 322 928 332 937; x_wconf 94' lang='grc'><strong><em>.</em></strong></span> <span class='ocrx_word' id='word_1_112' title='bbox 366 928 376 939; x_wconf 89' lang='grc'><strong>.</strong></span> <span class='ocrx_word' id='word_1_113' title='bbox 403 896 482 938; x_wconf 72' lang='grc' dir='ltr'>ὑπὸ</span> <span class='ocrx_word' id='word_1_114' title='bbox 511 897 779 950; x_wconf 66' lang='grc' dir='ltr'><strong><em>κοιισιλάριον.</em></strong></span> <span class='ocrx_word' id='word_1_115' title='bbox 839 913 940 953; x_wconf 87' lang='lat' dir='ltr'>quae</span> <span class='ocrx_word' id='word_1_116' title='bbox 969 902 1026 941; x_wconf 86' lang='lat' dir='ltr'>sic</span> <span class='ocrx_word' id='word_1_117' title='bbox 1052 902 1279 942; x_wconf 84' lang='lat' dir='ltr'>Holstenius</span> <span class='ocrx_word' id='word_1_118' title='bbox 1307 903 1594 954; x_wconf 82' lang='lat' dir='ltr'>interpretatur</span> <span class='ocrx_word' id='word_1_119' title='bbox 1612 914 1661 941; x_wconf 84' lang='lat' dir='ltr'>ac</span> 
     </span>
     <span class='ocr_line' id='line_1_15' title="bbox 242 954 1660 1008; baseline 0.001 -15"><span class='ocrx_word' id='word_1_120' title='bbox 242 955 448 994; x_wconf 82' lang='lat' dir='ltr'>emendat:</span> <span class='ocrx_word' id='word_1_121' title='bbox 479 957 705 1007; x_wconf 78' lang='lat' dir='ltr'>provincia</span> <span class='ocrx_word' id='word_1_122' title='bbox 734 967 841 1008; x_wconf 81' lang='lat' dir='ltr'>quae</span> <span class='ocrx_word' id='word_1_123' title='bbox 869 959 937 995; x_wconf 85' lang='lat' dir='ltr'>est</span> <span class='ocrx_word' id='word_1_124' title='bbox 965 954 1022 995; x_wconf 83' lang='lat' dir='ltr'>ad</span> <span class='ocrx_word' id='word_1_125' title='bbox 1051 986 1190 997; x_wconf 92' lang='grc'><strong>.....</strong></span> <span class='ocrx_word' id='word_1_126' title='bbox 1221 957 1380 1007; x_wconf 83' lang='lat' dir='ltr'>(nempe</span> <span class='ocrx_word' id='word_1_127' title='bbox 1407 957 1546 1008; x_wconf 78' lang='lat' dir='ltr'>ripam</span> <span class='ocrx_word' id='word_1_128' title='bbox 1565 954 1660 996; x_wconf 84' lang='lat' dir='ltr'>Da-</span> 
     </span>
     <span class='ocr_line' id='line_1_16' title="bbox 240 1007 1661 1062; baseline -0.001 -14"><span class='ocrx_word' id='word_1_129' title='bbox 240 1007 366 1060; x_wconf 72' lang='lat' dir='ltr'>nubii,</span> <span class='ocrx_word' id='word_1_130' title='bbox 398 1013 534 1060; x_wconf 88' lang='lat' dir='ltr'>estque</span> <span class='ocrx_word' id='word_1_131' title='bbox 562 1009 688 1048; x_wconf 85' lang='lat' dir='ltr'>Dacia</span> <span class='ocrx_word' id='word_1_132' title='bbox 715 1008 920 1062; x_wconf 85' lang='lat' dir='ltr'>Ripensis)</span> <span class='ocrx_word' id='word_1_133' title='bbox 951 1008 1028 1049; x_wconf 76' lang='lat' dir='ltr'>sub</span> <span class='ocrx_word' id='word_1_134' title='bbox 1056 1009 1288 1050; x_wconf 76' lang='lat' dir='ltr'>consulari.</span> <span class='ocrx_word' id='word_1_135' title='bbox 1349 1013 1389 1049; x_wconf 90' lang='lat' dir='ltr'>et</span> <span class='ocrx_word' id='word_1_136' title='bbox 1416 1009 1475 1050; x_wconf 91' lang='lat' dir='ltr'>ita</span> <span class='ocrx_word' id='word_1_137' title='bbox 1504 1010 1661 1049; x_wconf 82' lang='lat' dir='ltr'>fortas-</span> 
     </span>
     <span class='ocr_line' id='line_1_17' title="bbox 240 1063 1660 1115; baseline 0.001 -14"><span class='ocrx_word' id='word_1_138' title='bbox 240 1063 294 1102; x_wconf 86' lang='lat' dir='ltr'>sis</span> <span class='ocrx_word' id='word_1_139' title='bbox 323 1063 534 1115; x_wconf 84' lang='lat' dir='ltr'>legendum</span> <span class='ocrx_word' id='word_1_140' title='bbox 567 1063 686 1102; x_wconf 74' lang='lat' dir='ltr'>etiarn</span> <span class='ocrx_word' id='word_1_141' title='bbox 714 1064 790 1105; x_wconf 90' lang='lat' dir='ltr'>hic.</span> <span class='ocrx_word' id='word_1_142' title='bbox 845 1064 964 1102; x_wconf 88' lang='lat' dir='ltr'>urbes</span> <span class='ocrx_word' id='word_1_143' title='bbox 984 1067 1113 1104; x_wconf 85' lang='lat' dir='ltr'>autem</span> <span class='ocrx_word' id='word_1_144' title='bbox 1138 1064 1234 1104; x_wconf 87' lang='lat' dir='ltr'>illae</span> <span class='ocrx_word' id='word_1_145' title='bbox 1261 1063 1430 1115; x_wconf 87' lang='lat' dir='ltr'>quinque</span> <span class='ocrx_word' id='word_1_146' title='bbox 1457 1075 1544 1102; x_wconf 84' lang='lat' dir='ltr'>cum</span> <span class='ocrx_word' id='word_1_147' title='bbox 1556 1063 1660 1102; x_wconf 82' lang='lat' dir='ltr'>Dar-</span> 
     </span>
     <span class='ocr_line' id='line_1_18' title="bbox 239 1117 1550 1157; baseline -0.001 -2"><span class='ocrx_word' id='word_1_148' title='bbox 239 1117 383 1156; x_wconf 82' lang='lat' dir='ltr'>daniae</span> <span class='ocrx_word' id='word_1_149' title='bbox 411 1117 537 1156; x_wconf 90' lang='lat' dir='ltr'>tribus</span> <span class='ocrx_word' id='word_1_150' title='bbox 562 1118 791 1157; x_wconf 84' lang='lat' dir='ltr'>Pannoniae</span> <span class='ocrx_word' id='word_1_151' title='bbox 816 1117 972 1157; x_wconf 87' lang='lat' dir='ltr'>duabus</span> <span class='ocrx_word' id='word_1_152' title='bbox 1000 1122 1256 1157; x_wconf 85' lang='lat' dir='ltr'>recensentur</span> <span class='ocrx_word' id='word_1_153' title='bbox 1281 1118 1331 1157; x_wconf 88' lang='lat' dir='ltr'>ab</span> <span class='ocrx_word' id='word_1_154' title='bbox 1354 1117 1550 1157; x_wconf 86' lang='lat' dir='ltr'>Hierocle.</span> 
     </span>
    </p>

    <p class='ocr_par' dir='ltr' id='par_1_3' title="bbox 234 1165 1661 1480">
     <span class='ocr_line' id='line_1_19' title="bbox 290 1165 1660 1224; baseline 0 -14"><span class='ocrx_word' id='word_1_155' title='bbox 290 1221 291 1224; x_wconf 11' lang='grc' dir='ltr'><strong>Ἴ</strong></span> <span class='ocrx_word' id='word_1_156' title='bbox 346 1170 454 1210; x_wconf 75' lang='grc' dir='ltr'>Πήἅ.</span> <span class='ocrx_word' id='word_1_157' title='bbox 488 1173 550 1212; x_wconf 87' lang='grc'>14.</span> <span class='ocrx_word' id='word_1_158' title='bbox 602 1168 827 1222; x_wconf 69' lang='grc' dir='ltr'><strong><em>Ἑλληνική]</em></strong></span> <span class='ocrx_word' id='word_1_159' title='bbox 872 1171 1120 1211; x_wconf 87' lang='lat' dir='ltr'>scribendum</span> <span class='ocrx_word' id='word_1_160' title='bbox 1151 1177 1245 1223; x_wconf 85' lang='lat' dir='ltr'>puto</span> <span class='ocrx_word' id='word_1_161' title='bbox 1279 1165 1490 1220; x_wconf 79' lang='grc' dir='ltr'><strong><em>Ἰλλυρική,</em></strong></span> <span class='ocrx_word' id='word_1_162' title='bbox 1517 1175 1561 1210; x_wconf 91' lang='lat' dir='ltr'>ut</span> <span class='ocrx_word' id='word_1_163' title='bbox 1587 1169 1660 1210; x_wconf 78' lang='lat' dir='ltr'>ha-</span> 
     </span>
     <span class='ocr_line' id='line_1_20' title="bbox 237 1224 1660 1276; baseline 0 -13"><span class='ocrx_word' id='word_1_164' title='bbox 237 1225 305 1263; x_wconf 82' lang='lat' dir='ltr'>bet</span> <span class='ocrx_word' id='word_1_165' title='bbox 327 1224 553 1276; x_wconf 85' lang='lat' dir='ltr'>Stephanus</span> <span class='ocrx_word' id='word_1_166' title='bbox 578 1225 813 1274; x_wconf 85' lang='lat' dir='ltr'>Byzantius.</span> <span class='ocrx_word' id='word_1_167' title='bbox 871 1224 1163 1273; x_wconf 84' lang='lat' dir='ltr'>Dyrrhachium</span> <span class='ocrx_word' id='word_1_168' title='bbox 1201 1228 1330 1265; x_wconf 88' lang='lat' dir='ltr'>autem</span> <span class='ocrx_word' id='word_1_169' title='bbox 1359 1224 1497 1263; x_wconf 86' lang='lat' dir='ltr'>urbem</span> <span class='ocrx_word' id='word_1_170' title='bbox 1525 1224 1660 1272; x_wconf 84' lang='lat' dir='ltr'>lllyri-</span> 
     </span>
     <span class='ocr_line' id='line_1_21' title="bbox 238 1278 1658 1330; baseline -0.001 -13"><span class='ocrx_word' id='word_1_171' title='bbox 238 1291 323 1318; x_wconf 85' lang='lat' dir='ltr'>cam</span> <span class='ocrx_word' id='word_1_172' title='bbox 354 1279 475 1318; x_wconf 87' lang='lat' dir='ltr'>fuisse</span> <span class='ocrx_word' id='word_1_173' title='bbox 511 1284 550 1318; x_wconf 91' lang='lat' dir='ltr'>et</span> <span class='ocrx_word' id='word_1_174' title='bbox 592 1280 684 1318; x_wconf 90' lang='lat' dir='ltr'>olim</span> <span class='ocrx_word' id='word_1_175' title='bbox 712 1279 973 1330; x_wconf 82' lang='lat' dir='ltr'>Epidamnum</span> <span class='ocrx_word' id='word_1_176' title='bbox 1013 1280 1156 1319; x_wconf 87' lang='lat' dir='ltr'>dictam</span> <span class='ocrx_word' id='word_1_177' title='bbox 1193 1278 1331 1318; x_wconf 83' lang='lat' dir='ltr'>scribit</span> <span class='ocrx_word' id='word_1_178' title='bbox 1366 1283 1405 1317; x_wconf 89' lang='lat' dir='ltr'>et</span> <span class='ocrx_word' id='word_1_179' title='bbox 1430 1278 1539 1318; x_wconf 86' lang='lat' dir='ltr'>Mela</span> <span class='ocrx_word' id='word_1_180' title='bbox 1565 1281 1592 1316; x_wconf 80' lang='lat'>2</span> <span class='ocrx_word' id='word_1_181' title='bbox 1618 1281 1658 1316; x_wconf 86' lang='lat'>3.</span> 
     </span>
     <span class='ocr_line' id='line_1_22' title="bbox 237 1332 1661 1380; baseline -0.001 -10"><span class='ocrx_word' id='word_1_182' title='bbox 237 1333 286 1370; x_wconf 92' lang='lat' dir='ltr'>de</span> <span class='ocrx_word' id='word_1_183' title='bbox 311 1333 546 1380; x_wconf 82' lang='lat' dir='ltr'>Dyrrhachii</span> <span class='ocrx_word' id='word_1_184' title='bbox 577 1334 654 1372; x_wconf 90' lang='lat' dir='ltr'>situ</span> <span class='ocrx_word' id='word_1_185' title='bbox 679 1333 771 1372; x_wconf 88' lang='lat' dir='ltr'>vide</span> <span class='ocrx_word' id='word_1_186' title='bbox 794 1334 850 1372; x_wconf 91' lang='lat' dir='ltr'>Io.</span> <span class='ocrx_word' id='word_1_187' title='bbox 878 1333 1011 1372; x_wconf 89' lang='lat' dir='ltr'>Vossii</span> <span class='ocrx_word' id='word_1_188' title='bbox 1039 1333 1337 1372; x_wconf 86' lang='lat' dir='ltr'>observationes</span> <span class='ocrx_word' id='word_1_189' title='bbox 1368 1332 1420 1371; x_wconf 88' lang='lat' dir='ltr'>ad</span> <span class='ocrx_word' id='word_1_190' title='bbox 1449 1332 1595 1371; x_wconf 88' lang='lat' dir='ltr'>Melam</span> <span class='ocrx_word' id='word_1_191' title='bbox 1621 1334 1661 1369; x_wconf 82' lang='lat' dir='ltr'>et</span> 
     </span>
     <span class='ocr_line' id='line_1_23' title="bbox 235 1385 1658 1438; baseline -0.001 -12"><span class='ocrx_word' id='word_1_192' title='bbox 235 1388 312 1426; x_wconf 82' lang='lat' dir='ltr'>lac.</span> <span class='ocrx_word' id='word_1_193' title='bbox 341 1387 525 1426; x_wconf 83' lang='lat' dir='ltr'>Palmerii</span> <span class='ocrx_word' id='word_1_194' title='bbox 550 1387 854 1438; x_wconf 79' lang='lat' dir='ltr'>descriptionem</span> <span class='ocrx_word' id='word_1_195' title='bbox 882 1387 1057 1436; x_wconf 87' lang='lat' dir='ltr'>lllyrici,</span> <span class='ocrx_word' id='word_1_196' title='bbox 1083 1387 1147 1426; x_wconf 89' lang='lat' dir='ltr'>ubi</span> <span class='ocrx_word' id='word_1_197' title='bbox 1165 1418 1175 1437; x_wconf 85' lang='lat'><strong><em>‚</em></strong></span> <span class='ocrx_word' id='word_1_198' title='bbox 1204 1391 1366 1438; x_wconf 85' lang='lat' dir='ltr'>praeter</span> <span class='ocrx_word' id='word_1_199' title='bbox 1392 1385 1502 1424; x_wconf 89' lang='lat' dir='ltr'>urbis</span> <span class='ocrx_word' id='word_1_200' title='bbox 1530 1385 1658 1431; x_wconf 89' lang='lat' dir='ltr'>situm,</span> 
     </span>
     <span class='ocr_line' id='line_1_24' title="bbox 234 1440 1551 1480; baseline -0.002 0"><span class='ocrx_word' id='word_1_201' title='bbox 234 1442 463 1480; x_wconf 81' lang='lat' dir='ltr'>conditores</span> <span class='ocrx_word' id='word_1_202' title='bbox 494 1441 610 1480; x_wconf 78' lang='lat' dir='ltr'>etiam</span> <span class='ocrx_word' id='word_1_203' title='bbox 643 1453 691 1480; x_wconf 87' lang='lat' dir='ltr'>ac</span> <span class='ocrx_word' id='word_1_204' title='bbox 720 1441 994 1480; x_wconf 84' lang='lat' dir='ltr'>memorabilia</span> <span class='ocrx_word' id='word_1_205' title='bbox 1032 1440 1155 1479; x_wconf 85' lang='lat' dir='ltr'>fusius</span> <span class='ocrx_word' id='word_1_206' title='bbox 1185 1443 1551 1479; x_wconf 85' lang='lat' dir='ltr'>commemorantur.</span> 
     </span>
    </p>

    <p class='ocr_par' dir='ltr' id='par_1_4' title="bbox 233 1489 1662 1870">
     <span class='ocr_line' id='line_1_25' title="bbox 361 1489 1657 1545; baseline -0.002 -12"><span class='ocrx_word' id='word_1_207' title='bbox 361 1493 466 1533; x_wconf 73' lang='lat' dir='ltr'>Ibid,</span> <span class='ocrx_word' id='word_1_208' title='bbox 520 1492 762 1541; x_wconf 72' lang='grc' dir='ltr'><em>Ἐπίδαμνος</em></span> <span class='ocrx_word' id='word_1_209' title='bbox 810 1494 1003 1545; x_wconf 73' lang='grc' dir='ltr'><em>κληθεῖσα</em></span> <span class='ocrx_word' id='word_1_210' title='bbox 1045 1491 1122 1530; x_wconf 78' lang='grc' dir='ltr'>ὑπὸ</span> <span class='ocrx_word' id='word_1_211' title='bbox 1174 1489 1447 1540; x_wconf 76' lang='grc' dir='ltr'><strong><em>Ἐπιδάμνου]</em></strong></span> <span class='ocrx_word' id='word_1_212' title='bbox 1521 1492 1657 1532; x_wconf 78' lang='lat' dir='ltr'>eadem</span> 
     </span>
     <span class='ocr_line' id='line_1_26' title="bbox 235 1545 1658 1599; baseline -0.002 -11"><span class='ocrx_word' id='word_1_213' title='bbox 235 1550 359 1588; x_wconf 87' lang='lat' dir='ltr'>ferme</span> <span class='ocrx_word' id='word_1_214' title='bbox 396 1549 471 1587; x_wconf 92' lang='lat' dir='ltr'>Dio</span> <span class='ocrx_word' id='word_1_215' title='bbox 513 1548 678 1588; x_wconf 85' lang='lat' dir='ltr'>Cassius</span> <span class='ocrx_word' id='word_1_216' title='bbox 714 1549 742 1586; x_wconf 83' lang='lat' dir='ltr'>l.</span> <span class='ocrx_word' id='word_1_217' title='bbox 770 1551 835 1588; x_wconf 90' lang='grc'>41.</span> <span class='ocrx_word' id='word_1_218' title='bbox 904 1547 1109 1599; x_wconf 87' lang='lat' dir='ltr'>Appianus</span> <span class='ocrx_word' id='word_1_219' title='bbox 1151 1546 1447 1586; x_wconf 88' lang='lat' dir='ltr'>Alexandrinus</span> <span class='ocrx_word' id='word_1_220' title='bbox 1488 1545 1605 1586; x_wconf 82' lang='lat' dir='ltr'>Civil.</span> <span class='ocrx_word' id='word_1_221' title='bbox 1631 1550 1658 1585; x_wconf 81' lang='lat'><strong>2</strong></span> 
     </span>
     <span class='ocr_line' id='line_1_27' title="bbox 233 1602 1659 1654; baseline -0.002 -13"><span class='ocrx_word' id='word_1_222' title='bbox 233 1602 372 1642; x_wconf 88' lang='lat' dir='ltr'>scribit</span> <span class='ocrx_word' id='word_1_223' title='bbox 401 1614 537 1653; x_wconf 82' lang='lat' dir='ltr'>regem</span> <span class='ocrx_word' id='word_1_224' title='bbox 582 1602 777 1654; x_wconf 85' lang='lat' dir='ltr'>quendam</span> <span class='ocrx_word' id='word_1_225' title='bbox 806 1602 1068 1642; x_wconf 86' lang='lat' dir='ltr'>barbarorum</span> <span class='ocrx_word' id='word_1_226' title='bbox 1104 1602 1367 1653; x_wconf 80' lang='lat' dir='ltr'>Epidamnum</span> <span class='ocrx_word' id='word_1_227' title='bbox 1395 1604 1659 1651; x_wconf 81' lang='lat' dir='ltr'>nuncupatum</span> 
     </span>
     <span class='ocr_line' id='line_1_28' title="bbox 233 1655 1654 1704; baseline -0.002 -9"><span class='ocrx_word' id='word_1_228' title='bbox 233 1656 323 1695; x_wconf 90' lang='lat' dir='ltr'>urbi</span> <span class='ocrx_word' id='word_1_229' title='bbox 352 1668 492 1695; x_wconf 88' lang='lat' dir='ltr'>nomen</span> <span class='ocrx_word' id='word_1_230' title='bbox 522 1656 691 1695; x_wconf 88' lang='lat' dir='ltr'>dedisse.</span> <span class='ocrx_word' id='word_1_231' title='bbox 761 1655 1013 1703; x_wconf 86' lang='lat' dir='ltr'>Thucydides</span> <span class='ocrx_word' id='word_1_232' title='bbox 1046 1655 1336 1704; x_wconf 81' lang='lat' dir='ltr'>Dyrrhachium</span> <span class='ocrx_word' id='word_1_233' title='bbox 1365 1666 1444 1692; x_wconf 88' lang='lat' dir='ltr'>non</span> <span class='ocrx_word' id='word_1_234' title='bbox 1472 1657 1654 1703; x_wconf 82' lang='lat' dir='ltr'>noverat,</span> 
     </span>
     <span class='ocr_line' id='line_1_29' title="bbox 234 1707 1659 1761; baseline -0.003 -12"><span class='ocrx_word' id='word_1_235' title='bbox 234 1723 321 1749; x_wconf 89' lang='lat' dir='ltr'>cum</span> <span class='ocrx_word' id='word_1_236' title='bbox 349 1711 398 1749; x_wconf 88' lang='lat' dir='ltr'>de</span> <span class='ocrx_word' id='word_1_237' title='bbox 429 1710 650 1761; x_wconf 84' lang='lat' dir='ltr'>Epidamno</span> <span class='ocrx_word' id='word_1_238' title='bbox 681 1709 860 1760; x_wconf 86' lang='lat' dir='ltr'>pluribus</span> <span class='ocrx_word' id='word_1_239' title='bbox 885 1709 1074 1760; x_wconf 89' lang='lat' dir='ltr'>loquatur</span> <span class='ocrx_word' id='word_1_240' title='bbox 1102 1709 1127 1748; x_wconf 88' lang='lat' dir='ltr'>l.</span> <span class='ocrx_word' id='word_1_241' title='bbox 1151 1713 1186 1757; x_wconf 88' lang='lat'>1,</span> <span class='ocrx_word' id='word_1_242' title='bbox 1217 1707 1434 1755; x_wconf 16' lang='lat' dir='ltr'>ubirtradit</span> <span class='ocrx_word' id='word_1_243' title='bbox 1461 1707 1565 1746; x_wconf 86' lang='lat' dir='ltr'>hanc</span> <span class='ocrx_word' id='word_1_244' title='bbox 1591 1719 1659 1745; x_wconf 90' lang='lat' dir='ltr'>ur-</span> 
     </span>
     <span class='ocr_line' id='line_1_30' title="bbox 234 1760 1662 1813; baseline -0.002 -10"><span class='ocrx_word' id='word_1_245' title='bbox 234 1765 322 1804; x_wconf 90' lang='lat' dir='ltr'>bem</span> <span class='ocrx_word' id='word_1_246' title='bbox 356 1776 381 1803; x_wconf 94' lang='lat' dir='ltr'>a</span> <span class='ocrx_word' id='word_1_247' title='bbox 408 1763 647 1812; x_wconf 82' lang='lat' dir='ltr'>Corcyraeis</span> <span class='ocrx_word' id='word_1_248' title='bbox 687 1763 809 1803; x_wconf 86' lang='lat' dir='ltr'>missa</span> <span class='ocrx_word' id='word_1_249' title='bbox 843 1762 1002 1802; x_wconf 84' lang='lat' dir='ltr'>colonia</span> <span class='ocrx_word' id='word_1_250' title='bbox 1040 1763 1260 1810; x_wconf 81' lang='lat' dir='ltr'>conditam3</span> <span class='ocrx_word' id='word_1_251' title='bbox 1295 1762 1337 1801; x_wconf 90' lang='lat' dir='ltr'>id</span> <span class='ocrx_word' id='word_1_252' title='bbox 1374 1761 1478 1813; x_wconf 87' lang='lat' dir='ltr'>quod</span> <span class='ocrx_word' id='word_1_253' title='bbox 1508 1760 1662 1801; x_wconf 88' lang='lat' dir='ltr'>Strabo</span> 
     </span>
     <span class='ocr_line' id='line_1_31' title="bbox 236 1818 667 1870; baseline 0.002 -14"><span class='ocrx_word' id='word_1_254' title='bbox 236 1829 392 1870; x_wconf 88' lang='lat' dir='ltr'>quoque</span> <span class='ocrx_word' id='word_1_255' title='bbox 417 1818 544 1857; x_wconf 90' lang='lat' dir='ltr'>tradit</span> <span class='ocrx_word' id='word_1_256' title='bbox 569 1818 597 1858; x_wconf 87' lang='lat'>1.</span> <span class='ocrx_word' id='word_1_257' title='bbox 629 1820 667 1857; x_wconf 72' lang='lat'>⁷.</span> 
     </span>
    </p>

    <p class='ocr_par' dir='ltr' id='par_1_5' title="bbox 235 1868 1663 1975">
     <span class='ocr_line' id='line_1_32' title="bbox 345 1868 1663 1921; baseline -0.004 -10"><span class='ocrx_word' id='word_1_258' title='bbox 345 1870 452 1911; x_wconf 75' lang='lat' dir='ltr'>Ibid.</span> <span class='ocrx_word' id='word_1_259' title='bbox 485 1873 551 1910; x_wconf 91' lang='lat'>15.</span> <span class='ocrx_word' id='word_1_260' title='bbox 618 1870 832 1916; x_wconf 62' lang='lat' dir='ltr'>Ms&#39;imoa]</span> <span class='ocrx_word' id='word_1_261' title='bbox 870 1870 920 1909; x_wconf 89' lang='lat' dir='ltr'>de</span> <span class='ocrx_word' id='word_1_262' title='bbox 957 1869 1073 1909; x_wconf 89' lang='lat' dir='ltr'>huius</span> <span class='ocrx_word' id='word_1_263' title='bbox 1111 1874 1226 1921; x_wconf 87' lang='lat' dir='ltr'>patre</span> <span class='ocrx_word' id='word_1_264' title='bbox 1263 1870 1368 1908; x_wconf 87' lang='lat' dir='ltr'>inter</span> <span class='ocrx_word' id='word_1_265' title='bbox 1407 1868 1663 1920; x_wconf 82' lang='lat' dir='ltr'>mythologos</span> 
     </span>
     <span class='ocr_line' id='line_1_33' title="bbox 235 1921 1661 1975; baseline -0.004 -10"><span class='ocrx_word' id='word_1_266' title='bbox 235 1938 317 1965; x_wconf 89' lang='lat' dir='ltr'>non</span> <span class='ocrx_word' id='word_1_267' title='bbox 346 1926 543 1965; x_wconf 89' lang='lat' dir='ltr'>convenit.</span> <span class='ocrx_word' id='word_1_268' title='bbox 600 1925 692 1964; x_wconf 90' lang='lat' dir='ltr'>vide</span> <span class='ocrx_word' id='word_1_269' title='bbox 719 1924 905 1975; x_wconf 88' lang='lat' dir='ltr'>Apollod.</span> <span class='ocrx_word' id='word_1_270' title='bbox 933 1925 961 1963; x_wconf 93' lang='lat' dir='ltr'>l.</span> <span class='ocrx_word' id='word_1_271' title='bbox 989 1928 1016 1962; x_wconf 78' lang='lat'><strong>2</strong></span> <span class='ocrx_word' id='word_1_272' title='bbox 1047 1928 1087 1962; x_wconf 91' lang='lat' dir='ltr'>et</span> <span class='ocrx_word' id='word_1_273' title='bbox 1115 1925 1284 1963; x_wconf 89' lang='lat' dir='ltr'>Pausan.</span> <span class='ocrx_word' id='word_1_274' title='bbox 1312 1924 1352 1962; x_wconf 88' lang='lat' dir='ltr'>in</span> <span class='ocrx_word' id='word_1_275' title='bbox 1380 1921 1661 1962; x_wconf 88' lang='lat' dir='ltr'>Corinthiacis.</span> 
     </span>
    </p>

    <p class='ocr_par' dir='ltr' id='par_1_6' title="bbox 237 1972 1665 2667">
     <span class='ocr_line' id='line_1_34' title="bbox 346 1972 1662 2029; baseline -0.002 -14"><span class='ocrx_word' id='word_1_276' title='bbox 346 1979 454 2020; x_wconf 77' lang='lat' dir='ltr'>Ibid,</span> <span class='ocrx_word' id='word_1_277' title='bbox 509 1972 558 2029; x_wconf 79' lang='grc' dir='ltr'>ἧς</span> <span class='ocrx_word' id='word_1_278' title='bbox 591 1977 663 2015; x_wconf 84' lang='grc' dir='ltr'><em>καί</em></span> <span class='ocrx_word' id='word_1_279' title='bbox 688 1977 764 2015; x_wconf 81' lang='grc' dir='ltr'>τοῦ</span> <span class='ocrx_word' id='word_1_280' title='bbox 794 1976 1058 2021; x_wconf 75' lang='grc' dir='ltr'><em>Ποσειδῶνος</em></span> <span class='ocrx_word' id='word_1_281' title='bbox 1087 1974 1108 2013; x_wconf 83' lang='grc' dir='ltr'>ὁ</span> <span class='ocrx_word' id='word_1_282' title='bbox 1138 1973 1391 2026; x_wconf 78' lang='grc' dir='ltr'><strong><em>Δυρράχιος]</em></strong></span> <span class='ocrx_word' id='word_1_283' title='bbox 1424 1977 1482 2015; x_wconf 86' lang='lat' dir='ltr'>sic</span> <span class='ocrx_word' id='word_1_284' title='bbox 1507 1974 1662 2015; x_wconf 85' lang='lat' dir='ltr'>exSte-</span> 
     </span>
     <span class='ocr_line' id='line_1_35' title="bbox 237 2029 1663 2084; baseline -0.002 -13"><span class='ocrx_word' id='word_1_285' title='bbox 237 2033 370 2084; x_wconf 88' lang='lat' dir='ltr'>phano</span> <span class='ocrx_word' id='word_1_286' title='bbox 418 2033 697 2082; x_wconf 81' lang='lat' dir='ltr'>emendamus3</span> <span class='ocrx_word' id='word_1_287' title='bbox 736 2044 787 2071; x_wconf 89' lang='lat' dir='ltr'>ex</span> <span class='ocrx_word' id='word_1_288' title='bbox 826 2032 935 2070; x_wconf 86' lang='lat' dir='ltr'>cuius</span> <span class='ocrx_word' id='word_1_289' title='bbox 974 2031 1130 2082; x_wconf 89' lang='lat' dir='ltr'>quidem</span> <span class='ocrx_word' id='word_1_290' title='bbox 1173 2042 1294 2083; x_wconf 88' lang='lat' dir='ltr'>opere</span> <span class='ocrx_word' id='word_1_291' title='bbox 1332 2031 1490 2082; x_wconf 87' lang='lat' dir='ltr'>integro</span> <span class='ocrx_word' id='word_1_292' title='bbox 1527 2029 1663 2068; x_wconf 87' lang='lat' dir='ltr'>hausit</span> 
     </span>
     <span class='ocr_line' id='line_1_36' title="bbox 237 2085 1662 2138; baseline -0.004 -11"><span class='ocrx_word' id='word_1_293' title='bbox 237 2088 408 2138; x_wconf 86' lang='lat' dir='ltr'>scriptor</span> <span class='ocrx_word' id='word_1_294' title='bbox 447 2091 584 2126; x_wconf 92' lang='lat' dir='ltr'>noster</span> <span class='ocrx_word' id='word_1_295' title='bbox 626 2098 727 2138; x_wconf 85' lang='lat' dir='ltr'>quae</span> <span class='ocrx_word' id='word_1_296' title='bbox 756 2086 818 2125; x_wconf 90' lang='lat' dir='ltr'>hic</span> <span class='ocrx_word' id='word_1_297' title='bbox 858 2085 907 2123; x_wconf 90' lang='lat' dir='ltr'>de</span> <span class='ocrx_word' id='word_1_298' title='bbox 944 2085 1195 2133; x_wconf 84' lang='lat' dir='ltr'>Dyrrhachio</span> <span class='ocrx_word' id='word_1_299' title='bbox 1243 2085 1377 2124; x_wconf 84' lang='lat' dir='ltr'>tradit.</span> <span class='ocrx_word' id='word_1_300' title='bbox 1448 2094 1662 2135; x_wconf 88' lang='lat' dir='ltr'>perperam</span> 
     </span>
     <span class='ocr_line' id='line_1_37' title="bbox 238 2130 1660 2194; baseline -0.005 -15"><span class='ocrx_word' id='word_1_301' title='bbox 238 2141 340 2180; x_wconf 86' lang='lat' dir='ltr'>enim</span> <span class='ocrx_word' id='word_1_302' title='bbox 368 2142 518 2194; x_wconf 86' lang='lat' dir='ltr'>legitur</span> <span class='ocrx_word' id='word_1_303' title='bbox 543 2141 610 2180; x_wconf 84' lang='lat' dir='ltr'>hic</span> <span class='ocrx_word' id='word_1_304' title='bbox 636 2141 678 2180; x_wconf 92' lang='lat' dir='ltr'>in</span> <span class='ocrx_word' id='word_1_305' title='bbox 706 2152 787 2193; x_wconf 66' lang='lat' dir='ltr'>mss</span> <span class='ocrx_word' id='word_1_306' title='bbox 814 2139 1148 2191; x_wconf 73' lang='lat' dir='ltr'>porphyrogeniti</span> <span class='ocrx_word' id='word_1_307' title='bbox 1177 2130 1224 2187; x_wconf 81' lang='grc' dir='ltr'>ἧς</span> <span class='ocrx_word' id='word_1_308' title='bbox 1259 2130 1423 2187; x_wconf 73' lang='grc' dir='ltr'><em>ἠράσθη</em></span> <span class='ocrx_word' id='word_1_309' title='bbox 1441 2135 1660 2174; x_wconf 76' lang='grc' dir='ltr'><strong><em>Ποσειδῶν</em></strong></span> 
     </span>
     <span class='ocr_line' id='line_1_38' title="bbox 239 2189 1660 2246; baseline -0.004 -12"><span class='ocrx_word' id='word_1_310' title='bbox 239 2189 260 2230; x_wconf 84' lang='grc' dir='ltr'><em>ὃ</em></span> <span class='ocrx_word' id='word_1_311' title='bbox 293 2194 555 2244; x_wconf 75' lang='grc' dir='ltr'><em>Λυρράχιος,</em></span> <span class='ocrx_word' id='word_1_312' title='bbox 580 2191 653 2246; x_wconf 75' lang='grc' dir='ltr'>ὑφ’</span> <span class='ocrx_word' id='word_1_313' title='bbox 684 2194 743 2237; x_wconf 85' lang='grc' dir='ltr'>οἱς</span> <span class='ocrx_word' id='word_1_314' title='bbox 773 2193 860 2231; x_wconf 80' lang='grc' dir='ltr'><em>ἐστι</em></span> <span class='ocrx_word' id='word_1_315' title='bbox 889 2189 1023 2236; x_wconf 75' lang='grc' dir='ltr'><strong><em>τόπος.</em></strong></span> <span class='ocrx_word' id='word_1_316' title='bbox 1098 2196 1140 2231; x_wconf 89' lang='lat' dir='ltr'>at</span> <span class='ocrx_word' id='word_1_317' title='bbox 1167 2192 1343 2232; x_wconf 88' lang='lat' dir='ltr'>Thomas</span> <span class='ocrx_word' id='word_1_318' title='bbox 1372 2192 1421 2230; x_wconf 90' lang='lat' dir='ltr'>de</span> <span class='ocrx_word' id='word_1_319' title='bbox 1445 2190 1593 2230; x_wconf 89' lang='lat' dir='ltr'>Pinedo</span> <span class='ocrx_word' id='word_1_320' title='bbox 1620 2189 1660 2229; x_wconf 87' lang='lat' dir='ltr'>in</span> 
     </span>
     <span class='ocr_line' id='line_1_39' title="bbox 239 2245 1661 2300; baseline -0.004 -13"><span class='ocrx_word' id='word_1_321' title='bbox 239 2249 344 2288; x_wconf 78' lang='lat' dir='ltr'>notis</span> <span class='ocrx_word' id='word_1_322' title='bbox 376 2250 428 2288; x_wconf 85' lang='lat' dir='ltr'>ad</span> <span class='ocrx_word' id='word_1_323' title='bbox 454 2249 719 2300; x_wconf 48' lang='lat' dir='ltr'>Stephanum*</span> <span class='ocrx_word' id='word_1_324' title='bbox 739 2247 842 2287; x_wconf 91' lang='lat' dir='ltr'>hunc</span> <span class='ocrx_word' id='word_1_325' title='bbox 871 2246 1065 2297; x_wconf 87' lang='lat' dir='ltr'>Stephani</span> <span class='ocrx_word' id='word_1_326' title='bbox 1102 2247 1230 2285; x_wconf 92' lang='lat' dir='ltr'>locum</span> <span class='ocrx_word' id='word_1_327' title='bbox 1259 2245 1470 2284; x_wconf 89' lang='lat' dir='ltr'>emendare</span> <span class='ocrx_word' id='word_1_328' title='bbox 1496 2247 1566 2284; x_wconf 91' lang='lat' dir='ltr'>aut</span> <span class='ocrx_word' id='word_1_329' title='bbox 1589 2255 1661 2295; x_wconf 87' lang='lat' dir='ltr'>po—</span> 
     </span>
     <span class='ocr_line' id='line_1_40' title="bbox 239 2300 1663 2355; baseline -0.005 -13"><span class='ocrx_word' id='word_1_330' title='bbox 239 2303 317 2341; x_wconf 87' lang='lat' dir='ltr'>tius</span> <span class='ocrx_word' id='word_1_331' title='bbox 361 2315 617 2355; x_wconf 83' lang='lat' dir='ltr'>corrumpere</span> <span class='ocrx_word' id='word_1_332' title='bbox 669 2306 839 2341; x_wconf 89' lang='lat' dir='ltr'>conatur</span> <span class='ocrx_word' id='word_1_333' title='bbox 877 2300 1216 2352; x_wconf 84' lang='lat' dir='ltr'>Porphyrogeniti</span> <span class='ocrx_word' id='word_1_334' title='bbox 1256 2300 1428 2339; x_wconf 87' lang='lat' dir='ltr'>lectione</span> <span class='ocrx_word' id='word_1_335' title='bbox 1477 2310 1547 2337; x_wconf 88' lang='lat' dir='ltr'>seu</span> <span class='ocrx_word' id='word_1_336' title='bbox 1589 2309 1663 2349; x_wconf 86' lang='lat' dir='ltr'>po-</span> 
     </span>
     <span class='ocr_line' id='line_1_41' title="bbox 238 2353 1661 2408; baseline -0.004 -13"><span class='ocrx_word' id='word_1_337' title='bbox 238 2357 318 2395; x_wconf 85' lang='lat' dir='ltr'>tius</span> <span class='ocrx_word' id='word_1_338' title='bbox 351 2357 507 2396; x_wconf 85' lang='lat' dir='ltr'>scribae</span> <span class='ocrx_word' id='word_1_339' title='bbox 536 2357 690 2396; x_wconf 85' lang='lat' dir='ltr'>mendo.</span> <span class='ocrx_word' id='word_1_340' title='bbox 749 2355 853 2408; x_wconf 85' lang='lat' dir='ltr'>quod</span> <span class='ocrx_word' id='word_1_341' title='bbox 882 2359 1013 2395; x_wconf 84' lang='lat' dir='ltr'>autem</span> <span class='ocrx_word' id='word_1_342' title='bbox 1042 2355 1181 2393; x_wconf 90' lang='lat' dir='ltr'>scribit</span> <span class='ocrx_word' id='word_1_343' title='bbox 1210 2353 1437 2406; x_wconf 88' lang='lat' dir='ltr'>Stephanus</span> <span class='ocrx_word' id='word_1_344' title='bbox 1466 2355 1506 2390; x_wconf 88' lang='lat' dir='ltr'>et</span> <span class='ocrx_word' id='word_1_345' title='bbox 1534 2363 1585 2390; x_wconf 86' lang='lat' dir='ltr'>ex</span> <span class='ocrx_word' id='word_1_346' title='bbox 1614 2362 1661 2389; x_wconf 88' lang='lat' dir='ltr'>eo</span> 
     </span>
     <span class='ocr_line' id='line_1_42' title="bbox 239 2405 1662 2462; baseline -0.004 -12"><span class='ocrx_word' id='word_1_347' title='bbox 239 2410 607 2462; x_wconf 83' lang='lat' dir='ltr'>Porphyrogenitus</span> <span class='ocrx_word' id='word_1_348' title='bbox 647 2411 696 2449; x_wconf 87' lang='lat' dir='ltr'>de</span> <span class='ocrx_word' id='word_1_349' title='bbox 733 2409 972 2458; x_wconf 86' lang='lat' dir='ltr'>Dyrrhachii</span> <span class='ocrx_word' id='word_1_350' title='bbox 1000 2409 1294 2459; x_wconf 85' lang='lat' dir='ltr'>appellatione,</span> <span class='ocrx_word' id='word_1_351' title='bbox 1333 2407 1492 2447; x_wconf 85' lang='lat' dir='ltr'>fabulas</span> <span class='ocrx_word' id='word_1_352' title='bbox 1531 2405 1662 2456; x_wconf 84' lang='lat' dir='ltr'>sapit:</span> 
     </span>
     <span class='ocr_line' id='line_1_43' title="bbox 239 2460 1662 2516; baseline -0.004 -13"><span class='ocrx_word' id='word_1_353' title='bbox 239 2465 372 2516; x_wconf 92' lang='lat' dir='ltr'>potior</span> <span class='ocrx_word' id='word_1_354' title='bbox 399 2465 496 2503; x_wconf 85' lang='lat' dir='ltr'>fides</span> <span class='ocrx_word' id='word_1_355' title='bbox 518 2465 743 2504; x_wconf 90' lang='lat' dir='ltr'>adhibenda</span> <span class='ocrx_word' id='word_1_356' title='bbox 772 2464 913 2511; x_wconf 89' lang='lat' dir='ltr'>Plinio,</span> <span class='ocrx_word' id='word_1_357' title='bbox 940 2463 1004 2515; x_wconf 85' lang='lat' dir='ltr'>qui</span> <span class='ocrx_word' id='word_1_358' title='bbox 1033 2466 1060 2501; x_wconf 83' lang='lat'><strong>3</strong></span> <span class='ocrx_word' id='word_1_359' title='bbox 1083 2466 1136 2501; x_wconf 80' lang='lat'>23</span> <span class='ocrx_word' id='word_1_360' title='bbox 1164 2463 1222 2502; x_wconf 89' lang='lat' dir='ltr'>ait</span> <span class='ocrx_word' id='word_1_361' title='bbox 1246 2460 1538 2510; x_wconf 86' lang='lat' dir='ltr'>Dyrrhachium</span> <span class='ocrx_word' id='word_1_362' title='bbox 1566 2469 1662 2510; x_wconf 84' lang='lat' dir='ltr'>pro-</span> 
     </span>
     <span class='ocr_line' id='line_1_44' title="bbox 240 2512 1663 2570; baseline -0.005 -13"><span class='ocrx_word' id='word_1_363' title='bbox 240 2522 330 2570; x_wconf 88' lang='lat' dir='ltr'>pter</span> <span class='ocrx_word' id='word_1_364' title='bbox 353 2518 643 2570; x_wconf 89' lang='lat' dir='ltr'>inauspicatum</span> <span class='ocrx_word' id='word_1_365' title='bbox 672 2530 814 2557; x_wconf 88' lang='lat' dir='ltr'>nomen</span> <span class='ocrx_word' id='word_1_366' title='bbox 832 2517 1040 2569; x_wconf 85' lang='lat' dir='ltr'>Epidamni</span> <span class='ocrx_word' id='word_1_367' title='bbox 1071 2530 1095 2555; x_wconf 90' lang='lat' dir='ltr'>a</span> <span class='ocrx_word' id='word_1_368' title='bbox 1116 2516 1304 2556; x_wconf 86' lang='lat' dir='ltr'>Romanis</span> <span class='ocrx_word' id='word_1_369' title='bbox 1336 2528 1382 2554; x_wconf 90' lang='lat' dir='ltr'>eo</span> <span class='ocrx_word' id='word_1_370' title='bbox 1406 2512 1563 2553; x_wconf 84' lang='lat' dir='ltr'>colonia</span> <span class='ocrx_word' id='word_1_371' title='bbox 1593 2512 1663 2551; x_wconf 86' lang='lat' dir='ltr'>de·-</span> 
     </span>
     <span class='ocr_line' id='line_1_45' title="bbox 241 2568 1665 2624; baseline -0.004 -14"><span class='ocrx_word' id='word_1_372' title='bbox 241 2573 360 2612; x_wconf 79' lang='lat' dir='ltr'>ducta</span> <span class='ocrx_word' id='word_1_373' title='bbox 385 2577 650 2624; x_wconf 87' lang='lat' dir='ltr'>nuncupatum</span> <span class='ocrx_word' id='word_1_374' title='bbox 681 2573 815 2611; x_wconf 88' lang='lat' dir='ltr'>fuisse.</span> <span class='ocrx_word' id='word_1_375' title='bbox 883 2571 1019 2610; x_wconf 87' lang='lat' dir='ltr'>eadem</span> <span class='ocrx_word' id='word_1_376' title='bbox 1053 2571 1212 2619; x_wconf 77' lang='lat' dir='ltr'>Livius,</span> <span class='ocrx_word' id='word_1_377' title='bbox 1245 2570 1416 2618; x_wconf 86' lang='lat' dir='ltr'>Strabo,</span> <span class='ocrx_word' id='word_1_378' title='bbox 1445 2568 1566 2607; x_wconf 85' lang='lat' dir='ltr'>Mela.</span> <span class='ocrx_word' id='word_1_379' title='bbox 1595 2577 1665 2604; x_wconf 86' lang='lat' dir='ltr'>eo-</span> 
     </span>
     <span class='ocr_line' id='line_1_46' title="bbox 242 2623 1663 2667; baseline -0.006 -1"><span class='ocrx_word' id='word_1_380' title='bbox 242 2626 329 2666; x_wconf 86' lang='lat' dir='ltr'>dem</span> <span class='ocrx_word' id='word_1_381' title='bbox 356 2626 513 2667; x_wconf 88' lang='lat' dir='ltr'>videtur</span> <span class='ocrx_word' id='word_1_382' title='bbox 550 2626 731 2666; x_wconf 85' lang='lat' dir='ltr'>alludere</span> <span class='ocrx_word' id='word_1_383' title='bbox 756 2627 922 2667; x_wconf 83' lang='lat' dir='ltr'>Plautus</span> <span class='ocrx_word' id='word_1_384' title='bbox 957 2626 999 2665; x_wconf 91' lang='lat' dir='ltr'>in</span> <span class='ocrx_word' id='word_1_385' title='bbox 1028 2624 1294 2665; x_wconf 84' lang='lat' dir='ltr'>Menaechmis</span> <span class='ocrx_word' id='word_1_386' title='bbox 1331 2627 1408 2663; x_wconf 86' lang='lat' dir='ltr'>act.</span> <span class='ocrx_word' id='word_1_387' title='bbox 1433 2625 1460 2662; x_wconf 82' lang='grc'>2</span> <span class='ocrx_word' id='word_1_388' title='bbox 1487 2632 1594 2661; x_wconf 81' lang='lat' dir='ltr'>scen.</span> <span class='ocrx_word' id='word_1_389' title='bbox 1623 2623 1663 2658; x_wconf 89' lang='lat'>1.</span> 
     </span>
    </p>
   </div>
  </div>
 </body>
</html>
