1780 3132
347 134 402 174 IN
442 132 807 174 SYNECDEMUM
847 131 1284 173 COMMENTAnms.
1427 121 1520 171 487

94 243 193 286 utl.
225 247 247 284 1
281 246 321 283 et
347 247 375 283 2
401 257 434 285 c.
478 243 529 284 de
555 243 731 298 Fugitiv.
773 248 814 284 ct
854 243 994 285 Colon.
1034 242 1233 291 docemur,
1260 241 1408 282 fuerint
1439 243 1526 282 noti

95 306 137 340 et
162 312 189 340 a
225 299 468 352 patrimonio
495 312 640 340 nomen
670 300 857 350 habeant,
904 298 1063 339 omnino
1093 310 1161 338 res
1188 297 1278 349 ipsa
1308 297 1526 337 Anastasio

94 354 253 395 videtur
267 355 406 406 prior·
464 359 584 408 atque
613 355 655 395 in
684 353 747 394 his
784 367 834 394 ne
867 354 1132 406 ambigamus,
1164 353 1435 405 possessiones
1462 353 1527 392 fa-

94 410 202 450 ciunt
242 410 546 462 patrimoniales
581 421 655 462 per
690 410 881 450 Asianam
926 414 966 448 et
1003 408 1207 448 Ponticam
1245 407 1445 447 dioecesin
1488 411 1529 447 et

93 464 207 506 fundi
238 465 544 528 patrimoniales
573 477 647 517 per
661 465 992 516 Mesopotamiam
1027 469 1066 503 et
1087 463 1335 504 Osdroenam
1363 462 1529 514 provin-

92 519 192 569 cias,
222 531 388 572 quorum
417 520 681 572 imperatores
710 519 906 559 Arcadius
937 518 1245 559 Valentinianus
1272 523 1312 558 et
1342 518 1530 558 Theodo-

94 574 179 615 sius
205 574 248 614 in
276 574 303 615 l.
333 579 361 614 6
389 580 430 614 et
455 578 482 615 8
512 588 544 615 c.
577 575 627 614 de
660 575 784 615 Fund.
818 574 1036 614 Patrimon.
1078 573 1352 624 meminerunt,
1383 572 1530 613 etSa-

95 642 207 670 crum
234 629 516 682 patrimonium
544 630 570 669 l.
603 634 656 671 13
686 630 734 669 de
754 630 978 682 Vectigal.;
1021 629 1125 682 quod
1152 629 1342 677 ultimum,
1372 628 1531 668 tametsi

96 685 174 725 Th.
210 684 418 724 Reinesius
446 684 549 737 App.
580 685 764 737 Inscript.
783 687 862 724 XX
887 685 944 724 ita
972 684 1184 734 censuerit,
1215 684 1394 724 comitem
1423 683 1543 723 sacri·

95 739 324 793 patrimonii
352 740 558 792 requirere
587 740 727 780 merito
758 739 984 787 addubites,
1014 739 1260 792 eundemque
1289 740 1390 779 adeo
1421 738 1532 778 Ana-

97 794 223 835 stasio
266 793 441 847 priorem
483 800 523 834 et
562 795 635 834 sub
664 795 881 835 Theodosii
931 801 970 834 et
999 793 1274 835 Valentiniani
1306 793 1534 847 principatu

82 848 178 890 'iam
208 849 333 889 fuisse
374 854 539 891 notum:
582 850 696 890 nulla
739 852 841 890 enim
866 850 951 890 eius
978 849 1019 890 in
1047 849 1201 890 Notitia
1229 850 1322 902 imp.
1354 850 1504 888 Orient.
1523 880 1533 899 ,

97 903 205 959 quod
230 904 380 956 sciam,
410 905 580 954 menti03
625 905 665 945 in
707 918 784 958 qua
822 905 894 945 sub
922 904 1184 957 dispositione
1213 905 1369 950 comitis
1401 917 1534 944 rerum

97 959 348 1012 privatarum
376 959 597 1012 praepositi
627 972 797 1014 gregum
825 964 865 1000 et
894 960 1143 1001 stabulorum
1171 965 1535 1012 procuratoresque

96 1015 272 1055 saltuum
299 1015 445 1054 fundos
476 1015 778 1067 patrimoniales
809 1028 841 1054 c.
864 1018 919 1055 88
950 1020 1107 1055 curant.
1165 1016 1299 1055 fateor
1327 1016 1386 1054 Fi.
1416 1015 1535 1054 Pere-

98 1068 259 1122 grinum
287 1069 520 1110 Saturnium
547 1071 820 1111 moderantem
847 1071 1055 1110 inlustrem
1076 1070 1184 1111 sacri
1212 1069 1444 1122 patrimonii
1470 1082 1538 1109 co-

97 1124 277 1165 mitivam
309 1137 398 1164 esse
424 1125 464 1165 in
496 1125 622 1165 veteri
651 1126 797 1178 lapide.
863 1126 1021 1178 largior
1052 1127 1173 1167 etiam
1201 1126 1367 1165 eundem
1395 1124 1536 1176 videri,

99 1179 167 1233 qui
193 1191 327 1220 comes
371 1184 411 1219 et
439 1187 680 1232 procurator
722 1181 762 1221 in
794 1182 820 1221 Ι.
854 1185 905 1220 16
936 1194 970 1221 c.
1002 1181 1078 1222 Th.
1106 1181 1156 1221 de
1184 1180 1283 1221 Bon·
1313 1180 1536 1232 Proscript.

99 1234 278 1275 Arcadio
307 1239 347 1275 et
373 1235 551 1275 Honorio
579 1236 823 1287 principibus
843 1235 1000 1277 dicitur.
1059 1240 1103 1277 at
1132 1236 1179 1288 is,
1207 1241 1252 1276 ut
1280 1236 1385 1288 legis
1413 1246 1540 1287 argu-

99 1293 274 1331 mentum
317 1289 491 1341 indicat,
534 1290 766 1343 patrimonii
797 1290 1027 1331 Gildoniaci
1056 1304 1200 1342 comes,
1242 1303 1357 1344 quem
1384 1290 1539 1331 Notitia

99 1344 195 1397 imp.
225 1344 358 1385 Occid-
397 1359 431 1386 c.
462 1348 515 1386 42
544 1350 763 1397 memorat,
798 1350 838 1385 et
878 1350 1119 1397 procurator
1164 1346 1252 1387 fuit.
1325 1346 1403 1386 iam
1434 1345 1540 1398 quod

101 1401 235 1440 forma
261 1399 378 1441 huius
406 1400 618 1441 comitivae
644 1400 698 1440 sit
735 1400 842 1453 apud
874 1400 1159 1442 Cassiodorum
1193 1414 1254 1454 ep.
1284 1405 1312 1441 6
1341 1405 1381 1451 9,
1414 1401 1468 1450 id,
1496 1405 1541 1440 ut

102 1466 234 1496 comes
262 1454 491 1507 patrimonii
520 1461 614 1496 ante
643 1455 900 1496 Anastasium
941 1455 1088 1508 fuerit,
1116 1458 1276 1497 efficere
1318 1469 1398 1497 non
1427 1458 1540 1508 pote

101 1509 170 1561 rit,
197 1522 285 1550 cum
310 1510 363 1551 ab
393 1511 611 1552 Anastasio
629 1511 905 1551 Theodericus
934 1511 1019 1551 eius
1049 1511 1108 1552 rei
1130 1512 1355 1574 exemplum
1383 1521 1540 1550 sumere

102 1541 294 1627 po’tuerit.
350 1577 487 1606 verum
517 1566 592 1606 hoc
618 1566 761 1606 obiter.
832 1579 915 1606 mss
940 1564 1080 1616 χωρία
1108 1563 1373 1617 πατριμόιια,
1404 1578 1426 1606 e
1455 1564 1542 1618 qui-

102 1620 193 1717 gule)
203 1619 240 1660 si
279 1617 600 1672 πατριμονιάλια
640 1621 908 1673 formaveris,
944 1621 1091 1662 fundos
1126 1622 1432 1675 patrimoniales
1468 1621 1542 1661 ha-

131 1688 154 1715 e
181 1687 230 1716 is·

214 1732 309 1779 396,
325 1733 366 1769 7.
427 1726 616 1781 Κιζδύρα]
643 1742 793 1783 magna
809 1729 910 1770 haec
938 1733 1000 1770 est
1011 1729 1174 1793 Cibyra,
1202 1743 1228 1771 a
1256 1743 1336 1784 qua
1364 1741 1542 1770 conven-

107 1787 174 1824 tus
203 1783 458 1834 Cibyraticus
499 1785 605 1836 apud
646 1786 814 1825 Plinium
852 1788 880 1825 5
904 1789 971 1835 29,
1009 1785 1050 1825 in
1076 1786 1280 1838 Phrygiae
1317 1783 1543 1837 Cariaeque

102 1838 248 1879 finibus
276 1840 432 1892 posita,
475 1852 549 1879 nec
577 1840 701 1892 longe
731 1840 782 1880 ab
811 1817 1026 1880 Antiochia
1064 1841 1117 1881 ad
1145 1841 1409 1881 Maeandrum
1440 1845 1544 1880 teste

106 1893 311 1935 Strabone
345 1898 400 1935 13
437 1907 474 1947 p.
494 1898 592 1934 630.
660 1896 795 1948 itaque
833 1896 963 1935 falsus
1002 1899 1063 1935 est
1110 1896 1347 1936 scholiastes
1386 1895 1544 1935 Horatii

104 1948 188 1990 Cru
219 1948 373 1990 uianus
388 1950 430 1990 in
450 1950 524 2003 ΕΡ.
556 1954 578 1989 1
607 1954 634 1989 6
660 1954 715 1990 33
744 1950 935 2001 scribens,
966 1947 1126 2003 Cibyra
1154 1953 1276 1992 vicus
1303 1952 1543 1991 maritimus

218 2004 475 2058 ophlayouia
488 1964 585 2046 pant
622 2002 690 2059 Ly
692 2004 777 2046 dia.
846 2005 924 2045 fuit
954 2005 1109 2057 quidem
1151 2007 1283 2046 altera
1311 2006 1449 2045 eodem
1471 2019 1544 2045 no-

104 2059 210 2101 mine
239 2061 311 2101 sed
356 2061 486 2100 minor
528 2061 568 2100 in
601 2060 837 2113 Pamphylia
877 2060 983 2112 apud
1023 2061 1189 2101 eundem
1218 2062 1461 2101 Strabonem
1491 2063 1544 2100 14

105 2128 146 2168 Ρ.
163 2119 258 2165 667,
289 2127 407 2169 quam
436 2115 470 2155 si
499 2115 721 2166 intellexit,
753 2127 932 2155 errorem
959 2127 1154 2156 excusare
1181 2129 1335 2169 quoque
1363 2129 1446 2155 non
1472 2129 1544 2168 po-

106 2170 216 2212 terit.
274 2184 300 2211 a
326 2171 480 2211 minore
510 2171 586 2210 hac
616 2170 766 2220 Cibyra
797 2171 951 2210 Thema
982 2170 1040 2219 Cy
1045 2171 1377 2220 byrrhaeotarum
1405 2171 1544 2223 appel-

107 2222 212 2266 lavit
231 2225 519 2266 Constantinus
552 2227 578 2265 l.
611 2230 632 2265 1
660 2226 798 2265 Them.
831 2228 905 2274 14·
935 2225 1037 2278 qnod
1068 2239 1154 2266 cum
1180 2227 1312 2289 patria
1340 2226 1546 2267 Anastasii

107 2280 402 2334 Thaumaturgi
430 2282 471 2321 in
500 2281 732 2344 Synaxario
753 2281 986 2320 Divionensi
1014 2282 1183 2332 feratur,
1215 2294 1357 2331 χωοας
1386 2281 1463 2330 μὲν
1497 2272 1546 2330 ἦν

108 2313 469 2387 Κιβυρραιωτῶν,
498 2336 640 2376 merito
671 2335 829 2375 mireris
859 2336 907 2375 Ι).
937 2335 1252 2387 Papebrochium
1279 2342 1373 2376 tom.
1408 2341 1427 2375 1
1460 2337 1544 2376 Iun.

108 2402 148 2442 Ρ
161 2394 245 2431 :326
268 2391 520 2442 scribentem,
553 2389 686 2431 nihilo
705 2388 891 2442 facilius
909 2390 1199 2444 explicuerim
1215 2403 1325 2446 quae
1346 2390 1395 2432 S.
1412 2389 1547 2432 Atha-

109 2447 234 2486 nasio
261 2447 434 2498 patria:
464 2458 561 2487 nam
590 2443 969 2499 Kibyrrhoitarum
993 2446 1040 2487 in
1064 2446 1204 2500 elogio
1232 2449 1451 2488 nominata
1477 2458 1547 2487 re-

108 2511 183 2554 91⁰
214 2499 335 2542 nulla
366 2499 490 2542 nobis
520 2502 718 2542 innotuit.

219 2554 330 2596 [bid
389 2555 724 2608 Κοκτηιιαὶμικαι]
753 2555 834 2596 alio
860 2555 935 2596 tibi
953 2556 1191 2609 coniectore,
1220 2558 1288 2611 qui
1320 2569 1456 2597 venum
1487 2555 1548 2596 di-

31 2652 33 2655 .
111 2609 238 2661 viaet,
268 2623 367 2663 opus
398 2615 481 2660 est,
514 2623 591 2663 ego
620 2611 720 2651 nihil
748 2610 841 2651 hinc
857 2611 1052 2673 expedio.

222 2642 332 2708 ibid.
362 2669 402 2707 8.
468 2662 652 2719 ὲπαοχιά
689 2663 898 2719 Ποντικῆς
941 2665 994 2714 α’]
1034 2668 1092 2708 sic
1124 2680 1232 2717 mss;
1274 2679 1377 2720 quae
1410 2667 1550 2707 lacera
