1780 3132
325 147 382 187 lN
415 139 780 184 SYNECDEMUM
821 141 1263 185 COMMENTAmUS.
1418 133 1514 182 483

189 258 284 308 396,
315 259 353 298 1.
409 250 490 294 vno
520 253 831 309 κονσουλάριον]
873 257 914 298 111
942 257 1095 298 Notitia
1124 257 1216 310 imp.
1243 255 1396 296 Orient-
1425 267 1460 294 c.
1491 258 1514 295 1

35 327 39 330 >
79 305 307 365 praesidem
335 310 460 352 Caria
487 313 623 361 habet,
654 316 774 364 atque
803 313 911 364 apud
940 312 1208 353 Sozomenum
1235 312 1282 353 11.
1311 311 1362 352 E.
1390 311 1420 350 5
1447 314 1513 351 21.

77 366 219 407 scribit
247 366 351 408 enim
378 366 432 418 τῶ
462 364 632 418 ἡγεμόνι
660 365 734 418 τῆς
751 366 920 417 Καρίας
949 368 1140 408 lulianus.

188 430 301 474 Ibid.
356 430 564 485 Μήλιτος]
611 431 799 485 Μιλητος
835 437 918 484 est,
944 434 1041 475 urbs
1068 434 1330 486 nobilissima,
1360 433 1410 474 de
1436 445 1517 488 qua

80 485 234 528 Strabo
261 491 317 528 14
344 501 383 541 Ρ.
400 490 495 528 635.

187 551 297 595 Ibid.
326 558 365 594 2.
421 550 672 603 Ηρακλειάς
694 548 862 606 Ὀγμοῦ]
903 554 1075 608 iungunt
1111 555 1212 596 haec
1237 568 1341 596 mss·
1377 567 1515 596 verum

79 610 143 648 est
165 603 394 660 Ἡράκλεια
423 605 618 671 Λάτμου,
645 609 726 659 ita,
757 610 862 661 quod
889 610 1031 651 Latmo
1058 611 1182 651 monti
1210 611 1424 660 assideret,
1455 611 1516 650 di-

76 667 156 703 cta.
213 663 308 717 quin
335 667 376 703 et
404 658 579 711 Λάτμος
608 664 699 703 urbi
740 676 882 705 nomeu
910 666 997 716 fuit,
1030 667 1088 706 uti
1111 666 1262 706 Strabo
1295 668 1347 706 14
1376 679 1414 718 Ρ.
1433 667 1517 707 635

77 723 120 758 et
134 718 340 782 Apollonii
362 718 600 757 scholiastes
629 722 655 758 4
681 721 748 758 57.
805 727 1054 772 monuerunt,
1082 734 1159 775 quo
1190 721 1362 774 insignis
1390 723 1513 762 etiam

75 778 139 812 est
171 773 212 813 iu
237 773 430 834 Polyaeni
460 772 646 826 Stratag.
677 777 702 813 7
731 777 786 814 23
815 781 854 814 et
869 776 1058 817 Chalced.
1093 777 1235 817 concil.
1265 789 1303 829 p.
1322 779 1416 824 581
1447 777 1515 816 ubi

77 827 292 877 Dionysius
328 823 521 890 Λάγμου
552 826 743 878 Καρίας,
771 842 844 881 pro
876 828 1080 882 Λάτμον,
1123 833 1189 885 qui
1220 845 1258 884 p.
1278 836 1360 871 667
1381 830 1514 882 Ηρα-

74 881 212 927 aazias·
237 877 447 931 Ἀτᾰλμου
476 884 670 934 graviore
698 889 862 936 peccato
889 886 1045 926 dicitur
1078 887 1119 927 in
1131 887 1308 927 Nicaeno
1338 888 1512 926 secundo

64 930 295 1000 Ἡράκλεια
322 936 395 975 τοῦ
425 936 630 985 Λατόμου
669 952 704 991 Ρ.
726 942 820 979 356.
886 942 1027 981 melius
1054 940 1359 1007 Constantinop.
1394 942 1513 982 tertio

71 1004 112 1045 Ρ.
127 995 210 1033 673
235 986 463 1044 Ηράκλεια
498 990 678 1041 Λάτμου
713 993 916 1046 ἐπαρχίας
947 994 1142 1047 Ka91'.a<;

156 1055 290 1099 Ιῠὶᾱ.
344 1050 572 1110 Ἀμυνδὸς]
616 1055 694 1097 1111
686 1058 811 1109 νδος,
851 1062 901 1100 de
930 1074 1009 1115 qua
1037 1062 1189 1103 Strabo
1223 1065 1276 1102 14
1302 1075 1340 1114 p.
1362 1064 1444 1102 658
1473 1067 1514 1102 et

70 1113 294 1154 Pausanias
321 1117 349 1152 2
375 1117 446 1152 30.
514 1126 727 1166 perperam
764 1115 942 1157 Nicaeno
991 1117 1166 1158 secundo
1205 1130 1244 1170 Ρ.
1273 1120 1358 1158 356
1395 1112 1513 1162 πόλις

68 1163 266 1218 Μύβδος.
335 1167 647 1209 Halicarnassus
692 1174 732 1209 et
769 1170 919 1211 Cnidus
959 1172 1197 1212 nobilitatae
1227 1178 1321 1212 sunt
1348 1176 1389 1213 et
1417 1173 1512 1212 stilo

67 1221 197 1263 minus
229 1227 373 1275 egent;
402 1223 477 1263 etsi
504 1224 580 1263 hoc
598 1225 693 1264 addi
720 1226 882 1277 poterit,
911 1228 1175 1291 posteriorem
1206 1227 1394 1280 deinceps
1415 1227 1512 1267 Sta-

74 1277 181 1318 1113111
212 1289 302 1318 esse
333 1279 580 1331 appellatam
609 1292 734 1333 eoque
764 1281 922 1322 nomine
958 1278 1144 1335 insigniri
1170 1283 1212 1323 111
1239 1283 1416 1323 Nicaeno
1448 1294 1512 1322 se-

68 1333 199 1373 cundo
228 1346 265 1386 Ρ
284 1334 352 1373 52.

178 1395 286 1440 111111.
315 1402 357 1440 3.
417 1398 629 1451 Κέραμος]
660 1413 788 1454 neque
818 1402 1060 1443 maritimam
1088 1402 1192 1443 hanc
1219 1403 1380 1452 urbem,
1408 1404 1514 1443 unde

65 1452 172 1494 sinui
211 1466 356 1494 nomen
391 1454 572 1506 venerit,
601 1455 752 1495 Strabo
783 1460 836 1497 14
876 1471 915 1510 p.
932 1461 1015 1498 656
1055 1458 1278 1510 praeteriit.
1336 1459 1514 1499 meminit

65 1508 188 1550 etiam
215 1509 396 1550 Galenus
425 1521 520 1559 περι
534 1521 674 1571 τροφ.
699 1508 851 1562 δυναμ.
877 1526 915 1564 p.
936 1516 1033 1554 517.
1091 1513 1334 1578 Hesychius.
1366 1512 1512 1563 Κέρα-

61 1575 140 1614 μσς
167 1562 291 1610 πίθος
319 1561 391 1603 καί
417 1562 500 1601 πᾶν
528 1576 744 1627 οστρακον,
774 1565 846 1606 καί
867 1562 1164 1633 δεσμωτήριον,
1193 1566 1266 1606 καί
1289 1564 1508 1619 ὀχύρωμα,

64 1616 137 1656 καί
162 1615 280 1664 πόλις
311 1619 506 1668 Kome-ag
561 1617 586 1670 ἡ
619 1616 670 1671 δὴ
704 1618 750 1658 δὲ
778 1620 849 1659 ἐπι
875 1620 1165 1672 ὀχυρώματος.
1225 1623 1283 1663 sic
1308 1624 1415 1662 forte
1441 1623 1507 1662 ul-

62 1672 160 1713 tima
187 1686 237 1714 ea
260 1675 436 1739 legenda
475 1678 580 1713 sunt.
638 1679 772 1726 putem
810 1677 1117 1729 grammaticum
1156 1677 1231 1717 illa
1263 1689 1315 1717 ex
1346 1677 1507 1717 critico-

63 1739 152 1768 rum
188 1728 352 1769 scholiis
392 1730 434 1770 in
463 1729 677 1769 Homerum
705 1743 793 1770 esse
822 1736 1070 1772 mutuatum:
1111 1732 1223 1772 soliti
1253 1732 1358 1772 enim
1390 1733 1506 1771 fuere

61 1782 225 1822 111311.ε
254 1787 337 1825 387
366 1784 528 1838 χαλκέῳ
558 1781 599 1820 δ’
629 1783 673 1822 ἐν
699 1781 882 1835 κεράμου
922 1785 1062 1823 δέδετο
1095 1786 1270 1826 diversis
1300 1786 1508 1839 explicare

59 1837 188 1877 modis
217 1844 339 1893 atque
359 1843 429 1879 aut
456 1839 506 1878 de
533 1850 697 1878 carcere
725 1844 794 1880 aut
824 1841 874 1880 de
902 1840 1049 1881 Cariae
1071 1842 1171 1881 urbe
1199 1841 1383 1891 ceramo,
1413 1843 1505 1881 loco

58 1893 210 1932 munito
237 1894 394 1955 posita,
426 1893 619 1946 accipere.
698 1895 933 1936 Eustathius
976 1896 1017 1935 in
1057 1908 1143 1936 eum
1164 1901 1310 1948 poetae
1340 1908 1503 1937 versum

60 1959 99 2000 Ρ.
128 1950 232 1990 425:
267 1925 394 1987 ἄλλοι
430 1947 477 1987 δέ
504 1961 610 1999 φασι
657 1948 923 2004 δεσμωτηρίω
961 1950 1143 2014 στερςῖῶ,
1183 1950 1367 1999 λέγοντες
1410 1951 1505 1989 Κυ·

59 2000 207 2068 πρίους
227 2003 408 2066 κέραμον
441 2005 580 2041 καλεῖν
607 2000 651 2042 τὸ
683 1989 980 2060 δεσμωτήριον.
1040 2002 1077 2043 οἱ
1107 2004 1154 2043 δὲ
1186 2002 1304 2044 πόλιν
1334 2005 1503 2056 Καρίας

58 2069 165 2108 φασι
193 2054 266 2096 τὸν
294 2057 501 2122 κέραιιον,
530 2053 706 2107 χάλκεον
734 2061 820 2099 οἱον
853 2058 1058 2098 δοκοῦσαν
1085 2059 1159 2098 καί
1197 2059 1402 2113 τροπικῶς
1433 2062 1501 2098 λε-

54 2111 234 2161 χθεῖσαν
259 2109 329 2151 διὰ
361 2110 406 2151 τὸ
430 2110 604 2164 στερρὸν
630 2114 706 2152 τοῦ
740 2113 1013 2164 τειχίσματος.

166 2175 275 2220 Ibid.
332 2177 541 2231 Μύλασα]
585 2180 644 2220 sic
682 2184 722 2220 et
746 2180 937 2230 Polybius
976 2181 1075 2234 Leg.
1117 2184 1173 2221 93
1211 2184 1251 2220 et
1280 2181 1498 2222 Ptolemaei

60 2243 120 2272 ms
147 2232 314 2275 Coislin.
349 2238 389 2274 et
417 2234 659 2273 Μυλασέων
687 2235 806 2275 numi.
872 2230 1092 2274 Μυλασσα
1116 2236 1346 2276 Athenaeus
1373 2239 1401 2276 8
1432 2240 1496 2286 18,

58 2285 134 2327 mo
166 2290 220 2329 48
245 2302 283 2341 Ρ.
299 2291 405 2339 425,
436 2293 556 2342 atque
585 2291 682 2341 alii,
715 2304 815 2344 quos
852 2294 976 2330 testes
1005 2291 1230 2342 appellavit
1259 2289 1331 2332 Ch.
1359 2291 1495 2332 Cella-

57 2342 143 2383 rius
170 2343 221 2384 G.
249 2344 298 2384 A.
337 2349 365 2385 3
391 2349 419 2384 3
446 2358 484 2397 p.
504 2348 596 2386 104.
663 2351 724 2385 est
752 2351 792 2386 et
829 2346 870 2386 in
899 2346 1020 2385 Thes.
1050 2346 1326 2386 Fridericiano
1355 2360 1388 2388 c.
1417 2348 1494 2386 ΧΠ

57 2401 110 2436 17
136 2408 277 2439 1111111115
308 2399 603 2438 Μυλλασσέων
633 2413 777 2441 nomen
805 2401 1063 2453 praeferens,
1101 2401 1167 2454 qui
1193 2401 1228 2440 si
1259 2401 1337 2442 huc
1365 2402 1493 2454 perti-

54 2458 180 2504 neret,
207 2459 252 2494 ut
276 2455 366 2495 viro
398 2454 516 2494 docto
546 2455 672 2495 visum
703 2460 774 2507 est,
806 2456 932 2495 multa
960 2457 1232 2497 conturbaret.
1289 2457 1360 2497 sed
1391 2469 1492 2497 cave

51 2505 114 2549 ini
141 2509 271 2560 fidas,
314 2514 384 2550 aut
413 2522 511 2549 vera
538 2510 716 2561 opineris
747 2523 850 2564 quae
876 2510 925 2550 de
958 2523 1101 2551 novem
1129 2511 1277 2552 Cariae
1306 2512 1491 2562 dynastis

53 2562 106 2602 ad
134 2575 221 2605 eum
249 2542 454 2617 disputata
487 2569 591 2603 suut.
663 2567 768 2605 numi
797 2566 1005 2618 inscriptio
1045 2567 1129 2607 alia
1157 2567 1290 2607 omnia
1316 2567 1487 2616 docebit,

53 2617 89 2657 si
117 2624 378 2672 componatur
417 2632 504 2660 cum
541 2620 622 2659 illis
665 2633 764 2673 quos
806 2622 861 2661 lo.
892 2622 1104 2662 Massonus
1145 2627 1339 2662 memorat
1369 2622 1488 2662 Vitae

51 2671 222 2714 Aristid.
255 2679 283 2715 2
313 2679 360 2715 7:
389 2675 482 2716 inde
517 2675 621 2716 enim
660 2675 917 2715 ΛΑΛΑΣ
880 2674 1038 2716 §ERN
1061 2677 1145 2730 legi
1175 2682 1390 2730 opportere
1415 2690 1488 2729 ap-
