1780 3132
302 135 395 183 448
832 144 1044 183 Wssssm
1045 143 1178 183 iNGn

302 251 498 314 Κυζι’,κου
529 251 719 296 σταδίους
760 248 972 301 απὲχουσα
999 247 1225 302 Περγάμου
1252 251 1531 301 τετρακοσίους
1556 266 1699 294 τεσσα-

300 302 486 357 ράκοντα.
520 319 604 345 eum
636 317 662 345 a
691 309 826 344 nostro
862 306 961 345 nihil
988 307 1215 357 discrepare
1243 311 1387 346 certum
1416 307 1555 349 habeo.

405 366 497 414 394,
528 374 566 410 7.
624 367 840 419 Μάνδραι]
886 367 1094 420 Νεανδριῖι
1122 370 1293 409 Troadis
1323 371 1514 422 oppidum,
1541 372 1591 411 de
1621 384 1697 425 quo

299 423 446 463 Strabo
477 427 529 461 1‘3
555 436 593 473 p.
611 426 692 462 603
721 428 759 462 et
782 435 819 474 p.
837 426 928 471 604,
959 424 1025 463 ubi
1050 429 1182 462 tamen
1202 423 1450 472 Κλεανδριά,
1477 426 1590 475 male,
1622 426 1696 465 nisi

299 478 432 525 fallor,
461 476 553 515 olim
584 476 676 515 mibi
708 476 936 525 videbatur;
968 489 1082 539 quain
1110 489 1157 528 eg,
1146 490 1186 516 o
1216 477 1447 527 opinionem,
1478 478 1550 517 etsi
1578 480 1696 530 plau-

298 530 472 579 sibilem,
498 541 644 582 urgere
682 531 822 570 nolim:
848 531 939 582 quid
979 531 1013 569 si
1055 531 1156 570 enim
1200 542 1225 569 a
1262 530 1386 569 caulis
1426 530 1540 570 boum
1579 537 1697 584 atque

298 584 429 621 ovium
459 561 572 622 locos
587 596 727 623 nomen
764 584 965 624 haeserit²
1035 589 1080 623 ut
1114 583 1292 623 Mandris
1332 584 1438 622 circa
1465 583 1696 632 Byzantium

298 636 338 675 in
367 636 545 685 Dionysii
584 637 845 688 descriptione
875 637 1040 689 Bospori
1077 638 1179 689 apud
1208 637 1289 678 Pet.
1319 637 1492 686 Gyllium
1519 641 1546 676 2
1570 641 1620 687 4,
1657 643 1697 678 et

299 690 493 729 Mandrae
518 691 558 729 in
588 691 816 730 Palaestina
842 702 957 742 quam
983 692 1169 742 Iosephus
1196 690 1290 730 A.1.
1319 694 1371 730 10
1394 695 1422 730 9
1449 689 1473 741 §
1499 694 1525 729 ⁷
1551 703 1695 731 memo-

299 748 377 782 rat.
434 748 552 795 atque
577 744 652 782 hoc
678 756 751 795 pro
770 748 968 806 comperto
995 749 1099 783 esset
1125 744 1355 794 habendum,
1384 745 1418 783 si
1445 744 1540 795 quid
1563 749 1697 784 aucto-

298 797 429 837 ritatis
468 798 606 836 loanni
632 798 806 837 Malalae
845 798 1012 837 inesset:
1041 798 1222 836 adfirmat
1249 797 1351 836 enim
1377 802 1469 837 tom.
1502 801 1523 837 1
1553 811 1590 850 p.
1620 801 1698 837 114

297 851 493 890 Priamum
521 852 743 911 seposuisse
770 851 891 890 filium
906 851 1173 911 Alexandrum
1203 851 1245 890 in
1272 863 1373 902 agro
1390 848 1560 898 ὀνόματι
1579 847 1697 889 Μάν-

297 903 388 956 δρᾳ,
415 902 797 965 γαλακτοτραφῆναι
823 899 934 954 παριὶ
963 900 1123 955 γηπόνῳ
1152 916 1241 941 τινι.
1297 909 1358 943 est
1386 905 1563 957 quidem
1552 917 1593 944 ln
1612 906 1699 944 Ma-

297 958 381 996 lala
409 953 635 1009 Ἀμάνδραε
665 958 735 996 sed
754 962 902 997 rectum
919 969 1004 996 esse
1032 957 1136 1009 quod
1153 958 1362 1009 sequimur,
1383 958 1553 998 cedreni
1570 957 1698 996 Μαν-

300 1008 397 1063 ὃρῷ,
425 1011 582 1050 tametsi
611 1011 765 1059 vitioso,
790 1011 1020 1051 ostenditur.

406 1074 511 1114 Ibid.
570 1069 720 1124 Ἵπποι]
759 1075 878 1114 habet
913 1075 1061 1114 Strabo
1086 1077 1138 1114 14
1176 1087 1214 1126 p.
1243 1076 1324 1114 644
1351 1074 1457 1114 cirea
1491 1074 1699 1126 Erythras,

296 1129 432 1168 Ioniae
458 1129 604 1177 urbem,
641 1127 807 1178 νησῖδας
833 1127 1097 1177 προκειμένας
1131 1127 1340 1178 τέτταρας,
1363 1123 1529 1173 Ἵππους
1553 1130 1701 1166 καλου-
1743 1158 1746 1161 .

297 1181 441 1230 μέναςε
473 1194 572 1244 qiiae
600 1183 777 1234 quamvis
804 1183 855 1222 ab
875 1183 1128 1233 Hellesponto
1157 1182 1329 1221 afuerint
1342 1181 1511 1233 longius
1540 1181 1582 1221 in
1609 1193 1699 1222 cen-

298 1248 384 1275 sum
419 1236 556 1275 venile
588 1240 772 1287 possent,
811 1236 912 1288 quod
964 1236 1118 1275 insulae
1153 1235 1305 1285 pariter
1341 1247 1389 1274 ac
1426 1235 1700 1287 Hellespontus

301 1290 422 1329 Asiae
450 1290 696 1340 proconsulis
724 1289 888 1341 imperio
915 1289 1062 1328 fuerint
1081 1289 1290 1328 subiectae.
1322 1288 1443 1327 tutius
1467 1292 1597 1328 tamen
1625 1289 1702 1328 erit

299 1344 396 1382 nihil
425 1343 557 1391 finire,
594 1343 785 1394 siquidem
822 1348 862 1382 et
900 1343 1016 1382 simili
1059 1343 1215 1382 nomine
1244 1342 1352 1381 vicus
1381 1354 1468 1381 esse
1495 1346 1637 1395 queat,
1662 1346 1702 1382 et

299 1397 454 1436 insulae
482 1397 626 1435 rectius
656 1397 932 1447 proconsulari
959 1396 1080 1435 Asiae
1110 1395 1420 1436 contribuantur.

407 1458 516 1500 Iln'd
574 1455 593 1496 ὁ
625 1451 868 1508 Κισίὁηρον]
902 1460 1003 1499 haud
1035 1471 1181 1511 magno
1207 1460 1404 1499 molimine
1430 1459 1592 1510 procudi
1604 1451 1702 1509 Ὄκη

300 1514 386 1553 sive
403 1506 502 1563 Ὥκη
531 1526 581 1553 ex
608 1513 789 1552 vocabuli
817 1513 928 1552 initio
959 1517 1113 1564 posset3
1145 1525 1258 1564 quam
1287 1514 1423 1552 urbem
1451 1513 1702 1552 conciliorum

300 1567 403 1606 Acta
441 1567 671 1618 provinciae
707 1567 951 1618 Hellesponti
989 1567 1178 1606 inserunt.
1251 1567 1339 1605 vide
1382 1566 1703 1606 chalcedonense

301 1634 339 1672 p.
367 1625 459 1661 673.
527 1626 681 1671 tumque
717 1619 914 1669 ..ι’ὸηρον,
943 1620 1044 1672 quod
1071 1623 1218 1669 restat,
1245 1625 1314 1659 aut
1342 1620 1518 1668 retineri,
1544 1625 1588 1659 ut
1612 1620 1702 1667 vici,

302 1675 399 1713 ferri
425 1674 598 1713 metallis
626 1673 787 1724 copiosi,
815 1685 954 1712 nomen
985 1673 1048 1722 sit,
1074 1677 1142 1712 aut
1173 1673 1213 1711 in
1239 1673 1407 1722 Σίγειον,
1438 1685 1554 1725 quain
1575 1674 1704 1712 Troa-

302 1729 365 1767 dis
396 1728 531 1767 urbem
570 1739 683 1766 nemo
714 1727 897 1777 ignorat.
940 1727 1117 1765 converti
1144 1726 1353 1776 oportebit.
1409 1727 1478 1766 sed
1508 1726 1584 1766 hae
1610 1739 1704 1765 con-

302 1783 476 1820 iecturae
505 1785 626 1829 sunt,
671 1780 812 1832 quibus
852 1780 936 1831 ipse
975 1779 1073 1819 nihil
1113 1780 1203 1820 fido.
1260 1779 1431 1819 viderint
1469 1791 1568 1832 ergo
1601 1780 1704 1831 peri-

302 1836 438 1875 tiores.

410 1897 516 1939 Ibid.
543 1901 582 1938 8.
638 1896 803 1946 Σκέψις]
832 1899 909 1938 imo
936 1897 1105 1948 Σκῆψις,
1131 1898 1179 1937 de
1207 1909 1284 1950 qua
1305 1897 1452 1938 Strabo
1481 1901 1534 1938 13
1560 1910 1598 1950 p.
1612 1901 1706 1938 609.

410 1961 515 2003 Ibid.
544 1967 582 2002 9.
639 1957 717 1999 ὑπὸ
753 1959 1055 2010 κονσουλάριον]
1090 1974 1231 2002 vereor
1265 1962 1515 2002 vehementer
1553 1966 1596 2001 ut
1632 1961 1707 2001 hoc

307 2020 455 2055 rectum
482 2017 553 2056 sit·
584 2016 735 2055 Notitia
768 2016 858 2067 imp.
890 2016 1039 2054 Orient.
1068 2029 1101 2056 c.
1132 2021 1154 2054 1
1190 2016 1433 2067 provinciam
1461 2017 1564 2055 hanc
1589 2027 1707 2066 prae-

305 2070 486 2109 sidialem
514 2070 622 2118 facit,
651 2074 689 2108 et
717 2071 800 2109 1.3
828 2070 1039 2108 c.'1'he0d.
1073 2070 1122 2107 de
1150 2070 1366 2109 Protostas.
1421 2081 1524 2108 nunc
1551 2068 1708 2120 quidem

305 2136 353 2163 ea
383 2124 557 2175 praesidi
598 2100 707 2174 firyg
709 2123 773 2162 iae
800 2123 1050 2162 Palaestinae
1076 2123 1333 2172 inscribitur,
1360 2123 1464 2174 quod
1491 2135 1570 2162 non
1597 2122 1705 2161 aliud

305 2182 377 2227 est,
406 2189 520 2229 quam
549 2176 724 2216 humano
753 2178 887 2228 cupiti
914 2178 1122 2216 cervicem
1147 2178 1290 2227 pictor
1319 2178 1520 2229 equinam
1535 2177 1707 2227 iunyere
1770 2191 1779 2195 ⁷>

304 2242 346 2270 st
374 2231 488 2281 velit,
518 2234 559 2270 et
588 2233 734 2270 varias
759 2230 958 2270 inducere
985 2229 1151 2281 plumas
1178 2229 1355 2293 undique
1383 2229 1559 2270 collatis
1584 2241 1708 2268 mem-

307 2283 411 2334 bris,
440 2289 484 2325 ul·
511 2287 693 2335 turpiter
720 2288 789 2324 uh
792 2296 857 2323 um
886 2284 1053 2324 desinat
1079 2285 1124 2322 in
1154 2286 1316 2334 piscem
1339 2283 1490 2323 mulier
1515 2281 1708 2333 formosa

305 2349 498 2389 superne.
539 2338 820 2378 animadvertit
847 2342 887 2377 et
913 2338 987 2376 hoc
1018 2337 1300 2376 eruditissimus
1327 2337 1608 2384 Gotliofredus,
1637 2336 1708 2375 sed

306 2393 453 2431 infelici
483 2393 709 2431 coniectura
735 2391 891 2443 Hygiae
918 2390 1194 2436 Palaestinae,
1207 2398 1249 2430 ut
1278 2390 1505 2430 Palaestina
1546 2389 1709 2429 Saluta·

306 2445 363 2484 ris
392 2446 455 2494 sit,
482 2446 640 2485 nomina
667 2446 886 2485 substituit:
925 2449 970 2484 ut
1008 2445 1108 2483 enim
1138 2445 1364 2484 Palaestina
1398 2443 1598 2484 Salutaris
1624 2443 1709 2482 sive

309 2498 568 2546 Σαλουταοία
596 2498 637 2537 in
665 2512 773 2538 conc.
803 2498 1000 2550 Ephesino
1027 2512 1065 2549 p.
1099 2500 1178 2537 470
1207 2502 1246 2536 et
1272 2498 1421 2538 Notitia
1442 2497 1531 2548 imp.
1559 2496 1708 2535 orient.

308 2556 426 2603 atque
457 2553 553 2591 alibi
581 2553 740 2603 legitur,
769 2553 855 2604 quis
893 2564 1061 2604 unquam
1089 2552 1259 2614 Hygiam
1292 2551 1512 2602 appellavit
1538 2554 1607 2589 aut
1636 2562 1709 2588 vo-

309 2606 394 2646 cari
425 2618 541 2657 posse
569 2607 749 2646 censuit?
777 2606 928 2647 cautius
955 2606 1199 2657 navigasset,
1228 2605 1262 2645 si
1289 2606 1394 2654 Phry
1397 2604 1502 2656 giam
1529 2602 1709 2644 Pacatia
