1780 3132
229 159 318 205 196
504 166 850 207 CONSTANTlNl
889 164 1356 209 PORPHYROGENITI

221 261 398 315 ἀδελφὸς
439 265 512 303 τοῦ
538 263 822 314 Ἀποσεβατᾱ,
870 257 992 312 ἤγουν
1021 260 1042 300 ὃ
1071 261 1342 318 Ἀποσέλμης,
1370 265 1412 305 τὸ
1443 263 1619 321 κάστρον

219 323 265 365 τὸ
295 328 570 378 Μαντζικίερτ
607 324 708 376 μετὰ
734 327 815 372 τῶν
840 324 1004 376 χωρίων
1041 327 1118 365 τῶν
1146 331 1469 381 προρρηθέντων.
1525 331 1546 371 ὅ
1573 334 1620 374 δὲ

218 391 462 442 προρρηθείς
489 388 688 441 Ἀχάμετ,
729 387 749 428 ὃ
777 390 848 428 καί
873 386 1044 439 ἀνεψιὸς
1075 387 1143 429 καί
1168 390 1360 443 προγονός
1390 396 1466 434 τοῦ
1484 394 1618 436 ’.Απο-

217 450 423 505 λεσφοὺετ,
453 450 609 505 ἐκράτει
638 450 791 504 εἰδήσει
823 451 892 492 καί
917 450 1106 504 βουλήσει
1142 457 1215 493 τοῦ
1238 454 1547 512 Ἀπολεσφούετ
1572 456 1617 500 τό

218 531 261 556 τε
290 514 425 556 Χλιὰτ
461 514 531 555 καί
568 513 613 555 τὸ
635 510 793 568 νΑρζες
821 515 891 556 καί
914 515 956 556 τὸ
995 519 1178 570 Περκρί·
1236 519 1305 559 καί
1331 519 1410 573 γάρ
1440 519 1461 561 ὅ
1485 522 1654 564 'Ano-5·

217 577 413 632 λεσφούετ
438 577 532 618 υἱὸν
557 577 612 632 μή
644 577 762 633 ἔχων,
790 579 930 627 καθώς
957 580 1206 634 προείρηται,
1226 585 1368 624 τοῦτον
1393 584 1462 626 τὸν
1487 585 1619 639 Ἀχά-

216 657 288 693 μετ
317 641 386 682 τόν
415 657 458 682 τε
489 637 655 694 ἀνεψιὸν
682 646 751 684 καί
777 642 969 697 προγονὸν
1005 645 1134 685 adro&
1161 642 1247 698 εἶχε
1274 647 1517 701 κληρονόμον
1542 647 1620 690 πά·

216 721 288 759 σης
314 705 444 745 αὐτοῦ
480 709 553 760 τῆς
590 706 851 756 ὑποστάσεως
890 707 959 749 καὶ
992 711 1070 750 ταῖν
1106 707 1286 763 κάστρων
1328 712 1503 754 καὶτῶν
1530 729 1618 766 χω-

216 770 315 824 ρίων
343 771 487 811 αϋτοῦ.

313 831 398 874 Ὅτι
435 831 751 887 τελευτήσαντος
789 838 863 877 τοῦ
884 836 1124 891 Ἀποσὲλμη
1157 836 1349 892 ἐκράτησε
1374 839 1417 881 τὸ
1447 838 1619 894 κάστρον
1633 850 1674 884 10

214 897 259 939 τό
289 900 567 951 Μαντζικιέρτ
596 896 616 938 ὁ
648 898 738 947 υἱὸς
755 902 884 942 αὐτοῦ
913 901 935 941 ὅ
961 901 1196 953 Ἀπελβάρτ
1226 902 1327 953 μετά
1359 906 1428 946 καί
1453 908 1523 958 τῆς
1550 920 1621 946 πε-

217 961 399 1021 ριχώρου
429 963 569 1002 αὐτοῦ’.
623 962 643 1004 ὃ
673 965 718 1004 δὲ
746 964 925 1017 Ἀχάμετ
952 964 1143 1019 ἐκράτησε
1180 965 1229 1007 τὰ
1261 970 1355 1020 τριά
1383 969 1550 1025 κάστρα,
1574 968 1619 1011 τό

106 1040 199 1074 P121
219 1042 237 1066 ε
264 1027 435 1080 κάστρον
463 1028 506 1068 τὸ
527 1028 673 1083 Χλιάτ,
699 1027 744 1070 τὸ
767 1029 938 1084 κάστρον
964 1029 1008 1071 τὸ
1031 1026 1188 1085 ”Λρζες
1213 1033 1283 1072 καί
1306 1031 1549 1089 τὰκοίστρον
1573 1033 1619 1076 τὸ

213 1086 412 1140 ’Λλτζι’κε.

316 1152 406 1195 ‘'On
432 1158 500 1196 καί
527 1155 648 1204 αὐτὸς
669 1156 689 1198 ὃ
713 1156 896 1209 Ἀχάμετ
919 1161 1064 1206 δοῦλος
1091 1154 1140 1212 ἦν
1167 1162 1240 1200 τοῦ
1267 1163 1481 1212 βασιλέως,
1509 1160 1618 1202 καθὰ
1635 1167 1676 1200 15

220 1221 290 1259 καί
323 1225 579 1273 προεῖρηται,
618 1223 808 1272 παρέχων
840 1224 909 1261 καί
944 1223 993 1261 τὰ
1021 1222 1124 1272 ὑπὲρ
1154 1223 1280 1262 αὐτοῦ
1319 1223 1389 1262 καί
1430 1221 1479 1262 τὰ
1517 1221 1621 1277 ὑπὲρ

220 1285 296 1323 τοῦ
323 1286 439 1323 θειόυ
479 1284 606 1324 αὐτοῦ
635 1286 710 1324 τοῦ
739 1284 1038 1338 ’Ληολεσφούετ
1063 1283 1210 1325 πάκτα.
1268 1284 1289 1325 ὃ
1323 1288 1368 1326 δὲ
1392 1285 1624 1339 ’Λπελβοὶρτ

212 1346 323 1398 ’μετὰ
355 1348 475 1388 δόλου
505 1349 740 1401 καίχλεύης
771 1347 897 1389 αὐτὸν
925 1347 1086 1403 ἔσφαξε,
1112 1350 1184 1389 καί
1209 1348 1427 1401 οἷνελάβετο
1451 1342 1498 1391 τοὶ
1526 1352 1623 1404 τρία

220 1412 350 1451 αὐτοῦ
388 1411 568 1465 κάστρα,
603 1414 646 1454 τό
689 1427 731 1453 τε
772 1411 942 1464 κάστρον
968 1412 1013 1453 τὸ
1046 1411 1181 1453 Χλιάτ
1208 1415 1278 1454 καί
1302 1413 1344 1454 τὸ
1373 1411 1547 1466 κάστρον
1574 1412 1618 1454 τὸ

209 1471 357 1527 ’Ἀρζες
393 1479 462 1516 καί
501 1475 546 1516 τὸ
593 1475 767 1527 κάστρον
805 1475 850 1516 τὸ
881 1478 1085 1526 Ἀλτζίκε·
1142 1476 1211 1517 καί
1248 1481 1375 1518 ταῦτα
1413 1479 1570 1531 σ’φείλει
1600 1476 1678 1517 620

218 1539 411 1592 βασιλεὺς
441 1541 725 1592 ἀναλαβέσθαι
753 1538 806 1587 (ὃς
834 1539 921 1581 ἴδια
951 1542 1077 1581 αὐτοῦ’
1104 1539 1368 1595 τυγχάνοντα,
1399 1537 1463 1582 ὅτι
1490 1542 1623 1582 ταῦτα

221 1603 354 1644 πάντα
393 1604 441 1644 τά
481 1608 764 1658 προρρηθέντα
802 1604 958 1658 κάστρα
997 1605 1067 1646 καὶ
1095 1604 1138 1646 αἱ
1166 1609 1463 1659 προρρηθεῖσαι
1487 1608 1624 1658 χῶραι

221 1669 414 1709 ου’δέηοτε
443 1666 654 1720 γεγόνασιν
696 1667 775 1708 ὑπὸ
819 1668 891 1721 τήν
927 1669 1114 1718 ἐξουσίαν
1150 1671 1220 1722 τῆς
1258 1668 1463 1722 Περσίδος
1490 1664 1518 1722 ἢ
1545 1667 1622 1710 ὑπὸ

219 1730 290 1784 τήν
316 1733 502 1780 ἐξουσίαν
530 1735 605 1772 τοῦ
631 1733 916 1785 α’μερμουμνῆ,
945 1734 1035 1773 ἀλλ’
1063 1734 1259 1787 ὑπῆρχον,
1286 1731 1425 1781 καθώς
1453 1732 1623 1787 εἴρηται,

223 1797 265 1836 ἐν
302 1801 389 1844 ταῖς
420 1796 593 1850 ἡμέραις
620 1798 694 1837 τοῦ
720 1798 847 1848 κυροῦ
876 1799 1055 1845 Λέοντος
1082 1799 1281 1850 βασιλέως
1306 1795 1386 1838 ὑπὸ
1414 1796 1487 1852 τὴν
1512 1798 1623 1848 ε”ξου-
1634 1808 1678 1843 25

316 1915 358 1948 16
380 1918 441 1950 καὶ
466 1912 510 1949 τιὶ
533 1914 625 1961 ὑπὲρ
658 1914 768 1950 αὐτοῦ
799 1916 868 1948 add
892 1917 917 1948 B

225 2015 381 2048 obtinuit
414 2016 536 2048 tertius
559 2016 779 2060 Aposehatae
806 2016 911 2049 frater
941 2017 1154 2060 Aposelmes.
1201 2015 1344 2048 Achmet
1366 2021 1493 2054 autem,
1519 2027 1622 2060 quem

226 2062 392 2100 diximus,
425 2062 593 2105 patruelis
627 2068 662 2094 et
694 2063 870 2106 privignus
896 2063 1156 2106 Apolesphuet,
1195 2073 1235 2094 eo
1259 2062 1395 2094 conscio
1421 2073 1460 2094 ac
1482 2062 1623 2094 volente

252 2106 380 2139 ossedit
404 2107 520 2140 Chliat
535 2108 636 2140 Arzes
660 2113 695 2140 et
711 2109 831 2140 Pei-cri.
879 2108 1117 2152 Apolesphuet
1140 2108 1231 2139 enim
1255 2118 1330 2139 cum
1356 2107 1464 2139 fllium
1488 2107 1623 2140 nullum

224 2119 390 2191 fiabra-et,
424 2159 463 2185 ut
488 2153 653 2194 diximus,
678 2153 770 2185 hunc
795 2153 937 2186 Achmet
968 2154 1159 2197 patruelem
1192 2159 1227 2185 et
1253 2153 1443 2196 privignum
1470 2155 1624 2186 omnium

227 2209 308 2231 suae
334 2197 480 2230 dicionis
504 2199 639 2230 urbium
663 2200 911 2243 regionumque
937 2198 1099 2231 heredem
1124 2199 1275 2243 reliquit.

318 2244 396 2275 Post
436 2245 616 2287 Aposelme
651 2245 784 2277 obitum
819 2246 913 2277 filius
937 2246 1012 2277 eius
1040 2245 1207 2289 Apelbart
1230 2243 1387 2288 possedit
1409 2244 1627 2278 Mantziciert

229 2300 305 2320 cum
330 2290 423 2320 omni
448 2291 636 2323 territorio.

321 2334 464 2367 Achmet
492 2347 571 2368 vero
609 2337 725 2369 tenuit
761 2342 829 2369 tres
861 2335 963 2368 urbes
1001 2336 1099 2375 illas,
1135 2335 1251 2367 Chliat
1274 2336 1376 2367 Arzes
1417 2340 1451 2368 et
1475 2335 1625 2378 Altzic03

228 2379 459 2424 subditusque
488 2383 593 2414 etiam
622 2383 698 2425 ipse
733 2388 805 2415 erat
830 2382 1051 2425 imperatori,
1084 2386 1123 2413 ut
1146 2392 1247 2424 supra
1272 2380 1401 2412 dictum
1428 2387 1501 2418 est,
1525 2391 1626 2425 prae-

227 2424 313 2457 bens
341 2426 372 2457 ei
400 2426 530 2458 tributa
555 2433 623 2460 tam
648 2439 709 2471 pro
744 2439 780 2460 se
807 2438 910 2471 quam
942 2438 1002 2470 pro
1035 2432 1159 2471 patruo
1186 2426 1434 2470 Apolesphuet.
1481 2426 1628 2459 interfe-

229 2476 304 2503 etus
331 2476 447 2503 autem
471 2472 537 2504 fuit
563 2473 684 2505 fraude
710 2473 864 2518 doloque
880 2473 1054 2516 Apelbart,
1080 2473 1139 2516 qui
1161 2478 1196 2504 et
1215 2478 1283 2504 tres
1308 2471 1409 2504 urbes
1427 2473 1499 2504 eius
1513 2471 1627 2505 Chfliat

228 2517 329 2549 Arzes
354 2522 389 2548 et
414 2518 543 2550 Altzice
569 2519 714 2558 invasit,
750 2530 834 2563 quas
862 2525 1018 2562 repetere
1045 2518 1232 2562 imperator
1266 2517 1372 2550 debet
1394 2523 1432 2550 ut
1457 2528 1545 2550 suas.
1591 2522 1628 2550 et

230 2561 373 2606 quidem
414 2573 531 2596 omnes
567 2564 631 2596 hae
669 2564 771 2597 urbes
803 2570 1005 2609 terraeque,
1041 2575 1184 2609 quarum
1225 2563 1435 2596 mentionem
1471 2563 1627 2602 fecimus,

229 2618 405 2651 nunquam
432 2609 494 2640 sub
521 2609 664 2641 Persidis
691 2616 752 2642 aut
772 2621 1004 2643 amermumne
1030 2614 1202 2653 potestate
1228 2610 1384 2646 fuerunt,
1418 2607 1478 2640 sed
1514 2609 1628 2653 impe-

229 2658 325 2685 rante
354 2653 493 2687 domino
520 2656 636 2688 Leone
658 2656 827 2700 parebant
849 2655 1025 2699 Symbatio
1048 2656 1243 2700 principum
1266 2654 1438 2699 principi,
1461 2653 1628 2699 quemad·
