1780 3132
258 137 349 183 5'02
785 144 1128 184 WESSELINGH

254 253 339 293 tani
366 266 400 292 c.
429 257 478 294 6ε
522 248 654 302 ἕτερός
689 265 747 296 τις
788 245 1007 316 ανθρωπος
1046 245 1148 302 ἦλθε
1174 247 1275 300 πρὸς
1302 248 1368 290 τὸν
1396 247 1510 291 ὅσιον
1536 252 1663 302 λέγων

254 302 405 345 ἑαυτὸν
433 303 511 344 α’πὸ
546 305 751 353 Κομανων
777 298 885 343 εἶναι
913 304 987 343 τοῦ
1012 303 1257 344 πολυανὸοὗ.
1312 306 1369 344 sic
1395 307 1442 345 1).
1459 307 1659 358 papebro-

254 361 365 400 chius
396 359 593 408 correxit,
632 372 718 398 cum
762 360 803 399 in
828 371 908 398 mss
945 354 1205 407 πολυάνδρου
1233 360 1448 423 legeretur,
1453 361 1659 420 deceptus

253 419 440 465 corrupta
468 413 681 452 Ptolemaei
718 413 928 464 scriptura.
982 413 1075 452 mihi
1110 413 1266 452 omnino
1297 409 1377 449 ἀπὸ
1406 407 1540 462 κώμης
1570 415 1661 451 Πο-

255 466 410 504 δαιδοῦ
437 467 593 505 dedisse
623 467 854 518 scriptorem
882 466 1089 518 probabile
1116 467 1183 506 tit:
1211 478 1339 518 neque
1367 466 1470 506 enim
1484 467 1660 507 Comana

254 521 458 613 Poessrgdot
478 522 589 613 {pqege
627 520 772 561 iuncta.
836 520 954 572 plura
986 520 1028 559 in
1067 521 1221 560 Hieros.
1265 524 1305 560 et
1341 519 1487 560 Anton.
1524 522 1658 561 itiner.

253 587 292 625 p.
419 586 439 612 e
568 601 580 611 .

361 642 454 689 396,
481 642 546 679 27.
615 637 915 682 Καππαδοκίας
960 633 1025 685 β’]
1067 638 1238 678 secunda
1276 638 1375 678 haec
1410 636 1662 690 Cappadocia

255 692 447 743 originem
477 705 585 732 suam
607 692 724 731 debet
740 692 900 732 Valenti
923 692 1164 742 imperatori,
1193 692 1257 744 qui
1286 692 1393 731 circa
1419 704 1561 732 annum
1580 696 1659 732 371

253 759 352 791 eam,
380 747 531 797 primae
569 746 825 796 distractam,
851 745 1003 794 Tyanis
1032 750 1219 798 tanquam
1260 746 1467 797 metropoli
1496 746 1660 786 addixit.

256 800 428 839 Basilius
458 812 544 839 eam
577 800 801 851 aegerrime
832 799 921 838 tulit
947 799 1192 846 divisionem,
1222 803 1265 838 ut
1293 799 1374 839 eius
1401 799 1512 850 epist.
1543 802 1597 839 74
1623 804 1663 838 et

253 856 308 892 75
335 858 552 902 testantur3
590 857 780 905 tantoque
814 854 942 905 magis
981 854 1084 905 quod
1112 853 1318 893 Anthimus
1346 853 1579 902 Tyanensis‚
1607 853 1662 892 ci-

252 907 324 946 vili
352 920 400 946 ea
427 907 620 946 divisione
636 907 829 956 instituta,
860 908 983 946 multa
1011 907 1085 946 sibi
1114 910 1327 958 arrogaret
1357 910 1397 946 et
1419 907 1570 946 reditus
1599 919 1662 946 ec-

252 961 398 1000 clesiae
428 961 702 1000 Caesariensis
740 962 1003 1001 intervertere
1043 965 1278 1010 conaretur,
1308 972 1386 1012 qua
1413 960 1463 999 de
1489 972 1534 999 re
1561 961 1663 1000 Gre-

254 1015 392 1065 gorius
407 1015 683 1054 Nazianzenus
703 1019 804 1055 orat.
823 1019 876 1054 20
901 1028 937 1066 p,
956 1016 1049 1054 355.
1105 1015 1321 1053 rectissime
1346 1025 1439 1053 vero
1454 1026 1532 1053 mss
1559 1015 1663 1054 hanc

253 1069 546 1120 Cappadociam
574 1069 776 1121 praesidi,
817 1069 967 1121 pariter
1007 1073 1051 1108 ut
1087 1068 1208 1109 Notit-
1251 1069 1341 1120 imp.
1369 1067 1518 1109 Orient.
1548 1080 1581 1109 c.
1611 1072 1662 1119 1,

255 1123 430 1162 mandat.

360 1185 473 1226 Ibid.
489 1190 554 1227 28.
614 1181 771 1235 Τύανα]
802 1186 1023 1238 Gregorius
1038 1186 1316 1226 Nazianzenus
1343 1185 1458 1237 epist·
1488 1188 1544 1226 33
1569 1184 1666 1223 νέαν

252 1236 511 1291 μητρόηοὶηιν
538 1240 750 1280 cuiusmodi
783 1241 865 1280 eius
884 1245 1017 1280 aetate
1045 1252 1089 1279 re
1106 1252 1205 1279 vera
1232 1244 1330 1289 erat,
1349 1238 1536 1290 appellat,
1563 1239 1665 1279 adde

252 1298 360 1387 ariat-
373 1298 521 1399 P201415J.
536 1296 619 1334 355
651 1298 691 1333 et
718 1295 806 1334 ltin.
847 1295 895 1339 Η.
935 1307 973 1346 Ρ.
988 1297 1092 1344 577,
1130 1299 1170 1334 et
1198 1294 1247 1332 de
1273 1293 1544 1345 Faustinopoli
1570 1293 1662 1334 Ant.

363 1411 471 1452 Ibid.
539 1407 774 1462 Κίβιστρα]
812 1412 927 1451 situm
967 1412 1106 1451 Cicero
1145 1411 1220 1463 ΕΡ
1248 1413 1301 1451 15
1327 1414 1354 1451 4
1388 1411 1440 1451 ad
1476 1411 1666 1452 Catonem

255 1465 413 1514 signat:
441 1468 585 1518 itaque
612 1468 656 1505 in
679 1464 954 1517 Cappadocia
983 1470 1179 1505 eaetrema
1207 1477 1288 1505 non
1317 1464 1436 1517 lonye
1463 1476 1491 1505 a
1522 1464 1664 1505 Tauro

257 1518 371 1570 apud
398 1519 595 1571 oppidum
613 1517 816 1572 Cybistra
844 1523 995 1559 castra
1022 1518 1127 1570 feei,
1157 1523 1203 1559 ut
1233 1523 1274 1558 et
1291 1516 1491 1569 Ciliciam
1520 1522 1663 1558 tuerer

255 1576 300 1666 Ξε
328 1570 644 1625 Cappadociam
688 1577 834 1614 tenens
875 1584 982 1614 nova
1014 1571 1284 1624 finitimorum
1324 1572 1506 1613 consilia
1534 1575 1664 1626 impe-

285 1638 401 1667 trem.

365 1700 474 1741 Ibid.
532 1698 776 1753 Ναζιανζὸς]
810 1702 1029 1754 Gregorius
1039 1703 1232 1742 Nazianz.
1248 1702 1360 1754 epist.
1377 1704 1431 1741 50
1458 1701 1509 1742 ab
1528 1701 1664 1750 Olym-

257 1755 322 1806 pio
342 1757 587 1795 Nazianzum
608 1757 758 1806 primae
773 1755 1050 1807 Cappadociae
1071 1757 1299 1796 attributam
1326 1756 1461 1805 fuisse,
1489 1756 1559 1795 sed
1572 1768 1666 1796 mox

257 1810 297 1848 in
327 1810 523 1848 secundae
550 1809 737 1848 ditionem
767 1811 933 1849 rediisse
963 1811 1185 1862 significat3
1211 1811 1251 1849 in
1279 1822 1357 1861 qua
1383 1810 1435 1849 ad
1462 1809 1667 1849 Iustiniani

257 1868 436 1914 tempora
474 1863 638 1912 mansit,
677 1865 833 1915 quando
869 1864 1061 1914 Mucisso,
1098 1865 1240 1903 tertiae
1276 1863 1550 1914 Cappadociae
1585 1867 1667 1903 tum

257 1916 493 1957 constitutae
520 1917 748 1968 metropoli,
776 1918 932 1957 subdita
963 1922 1048 1966 est;
1091 1918 1197 1956 unde
1228 1917 1473 1956 Theodosius
1503 1917 1664 1956 Mucissi

259 1971 464 2021 episcopus
500 1971 663 2021 (Collat.
696 1974 723 2010 5
750 1972 891 2020 synodi
920 1971 1261 2022 Constantinopol.
1301 1970 1496 2010 secundae
1524 1984 1562 2022 p.
1589 1970 1666 2019 97)

256 2023 335 2063 sab
364 2036 456 2064 mea
478 2023 793 2076 ynbernatione‚
814 2025 950 2076 inquit,
982 2025 1102 2064 modo
1130 2028 1199 2065 est
1216 2023 1392 2064 Dohara
1416 2027 1459 2063 et
1472 2022 1661 2064 Nazian-

258 2090 347 2128 zos,
372 2077 451 2118 sub
480 2090 563 2132 qua
590 2078 813 2118 Nazianzo
839 2076 1118 2125 etArianzos
1147 2078 1365 2130 praedium
1391 2079 1666 2118 constitutum

258 2135 337 2171 est.
393 2133 432 2171 id
459 2133 509 2172 ab
536 2133 713 2172 instituto
753 2137 891 2172 nostro
922 2133 1093 2172 alienum
1137 2145 1214 2171 non
1245 2133 1331 2181 erit,
1359 2132 1394 2171 si
1422 2132 1665 2183 inquiramus

257 2198 310 2224 an
338 2186 566 2226 Nazianzus
603 2187 739 2226 eadem
779 2199 827 2226 ac
855 2187 1142 2235 Diocaesarea,
1182 2186 1291 2225 cuius
1329 2186 1370 2224 in
1408 2185 1663 2237 Cappadocia

258 2240 505 2279 Ptolemaeus
531 2244 571 2279 et
594 2240 742 2280 Plinius
769 2241 1039 2291 meminerunt,
1066 2239 1196 2279 fuerit.
1250 2239 1446 2279 Baronius
1466 2238 1661 2279 Cardina-

258 2293 312 2331 lis
340 2293 381 2332 in
410 2293 600 2345 Gregorii
648 2295 754 2345 vita,
782 2307 883 2346 quae
921 2308 947 2334 a
974 2295 1020 2333 Ι).
1063 2293 1334 2356 Papebrochio
1382 2294 1439 2332 lX
1466 2292 1564 2333 Maii
1604 2296 1665 2331 est

259 2346 378 2393 edita,
404 2347 460 2386 ita
486 2347 660 2395 censuit3
692 2353 731 2386 et
745 2326 896 2387 ⁷·fave1e
934 2348 1108 2409 opinioni
1137 2347 1357 2408 Gregorius
1386 2347 1553 2395 videtur,
1580 2359 1667 2386 cum

258 2400 308 2439 de
335 2413 380 2439 se
410 2412 532 2440 carm·
551 2404 586 2440 5
605 2404 683 2440 25:
706 2398 934 2452 Γρηγοοιόυ
964 2398 1184 2452 μνήσαιτο,
1214 2397 1284 2439 τὸν
1314 2396 1458 2450 ἔτρεφε
1486 2399 1666 2438 Καππα-

260 2449 446 2491 δόκεσσιν
474 2451 499 2503 ἦ
524 2454 832 2503 Διοκαισαοέων
861 2453 974 2505 ὀλίγη
1003 2453 1132 2499 πόλις.
1188 2468 1232 2494 se
1258 2455 1361 2494 enim
1377 2454 1666 2493 Diocaesareae

259 2507 446 2546 nutritum
479 2508 606 2554 canit,
645 2521 757 2559 quem
790 2514 939 2548 certum
978 2513 1038 2548 est
1073 2508 1268 2548 Nazianzi
1304 2508 1513 2560 praecipue
1539 2507 1663 2546 fuisse

260 2561 465 2600 educatum
497 2566 613 2612 atque
645 2563 833 2602 edoctum.
889 2563 964 2602 huc
1000 2562 1102 2602 adde
1129 2563 1415 2602 Diocaesareae
1445 2561 1591 2600 nullam
1622 2560 1663 2600 in

261 2615 516 2655 conciliorum
542 2615 652 2655 Actis
683 2620 723 2655 et
747 2617 905 2657 Notitiis
930 2629 1018 2657 esse
1043 2617 1288 2666 mentionem,
1315 2617 1560 2668 frequentem
1586 2614 1667 2654 Na-
