1780 3132
318 141 389 181 DE
426 138 877 181 ADMINISTRANDO
920 137 1140 179 lMPERIO
1179 136 1296 178 CAP.
1340 133 1406 173 45.
1502 128 1592 174 199

157 237 330 293 καιροῦς
367 238 566 294 α’φθόνως
607 240 904 280 α’ποστέλλουσι
944 237 1144 291 χρήματα
1173 238 1228 293 τῷ
1257 233 1494 290 πατριάρχῃ
1522 234 1596 285 τῆς

158 304 279 359 ἁγίας
307 303 465 352 πόλεως
493 304 565 344 καί
593 310 679 352 τοῖς
706 306 838 346 ἐκεῖσε
873 306 1155 356 Χριστιανοῖς.
1216 298 1236 341 ὅ
1268 303 1313 343 δὲ
1344 300 1598 353 προρρηθεῐς

157 370 307 424 Aeaeis,
327 369 349 410 ὅ
370 371 444 410 τοῦ
464 367 727 410 Σπανδιοέτου
748 367 939 423 ἀδελφός,
960 370 1170 422 ἐγέννησεν
1190 365 1284 408 υἱὸν
1305 366 1376 407 τὸν
1391 362 1599 417 Παγκρά-

157 450 275 488 tenor,
306 434 378 476 καὶ
402 434 423 475 ὁ
454 432 744 489 Παγκράτειος
774 435 987 488 ἐγέννησεν
1007 431 1100 474 υἱὸν
1128 433 1202 475 τόν
1232 429 1442 483 Ἀσώτιον,
1473 431 1544 471 καί
1577 426 1597 469 ὅ

124 499 357 548 δἈσώτιος
390 501 601 554 ἐγέννησεν
621 498 713 540 υἱὸν
732 497 804 540 τὸν
818 494 1058 552 Ἀδρανασή
1091 496 1162 539 τὸν
1190 499 1261 539 καί
1285 492 1599 550 κουροπαλάτην

159 566 389 620 τιμηθέντα
418 564 531 618 παρὰ
553 567 736 613 Λέοντος
765 566 838 605 τοῦ
857 564 1128 618 φιλοχρίστου
1145 564 1351 615 βασιλέως
1370 561 1598 613 Ῥωμαίων.

157 629 181 671 0‘
214 631 259 672 δὲ
289 630 550 684 Σπανὸιάτης
574 630 596 670 ὅ
623 627 805 683 α’δελφός
834 630 910 669 τοῦ
941 631 1246 683 προρρηθέντος
1269 627 1410 679 Δαβίδ
1439 624 1599 667 ἐτελεύ-

156 710 280 750 τησεν
306 691 478 744 ἄτεκνος.
535 692 615 735 ἀπὸ
650 696 695 736 δὲ
713 697 783 748 τῆς
800 692 842 745 ἐξ
864 692 1136 747 Ἰερουσαλήμ
1156 690 1430 746 μετοικήσεως
1459 692 1599 732 αὐτῶν

157 761 218 810 εἷς
253 759 325 814 τὴν
365 765 442 802 νῦν
477 762 716 815 οἰκουμένην
756 762 853 814 παρ’
888 760 1027 800 αὐτῶν
1062 759 1209 813 χώραν
1237 756 1306 811 ἔτη
1333 756 1368 797 v'
1405 753 1428 811 ἢ
1459 758 1530 797 καί
1556 754 1598 812 φ’

103 827 284 879 ιομέχρι
312 827 382 881 τῆς
411 825 612 881 σήμερον,
648 823 735 880 ἥτις
763 828 875 868 ἐστίν
904 823 1114 868 ἷνδικτιών
1143 822 1189 875 ι’,
1219 822 1289 877 ἔτη
1317 821 1398 864 α’πό
1429 823 1600 869 κτίσεως

157 889 313 944 κόσμου
339 893 446 952 ’ςυξζ
477 893 548 934 ἐπὶ
574 894 647 946 τῆς
674 890 893 946 βασιλείας
924 893 1242 933 Κωνσταντίνου
1264 890 1354 953 ’καί
1380 888 1599 940 Ῥωμανοῦ

157 959 240 999 τῶν
268 959 548 1012 φιλοχρίστων
575 960 646 999 καί
670 954 1063 1014 πορφυρογεννήτων
1091 957 1298 1010 βασιλέων
1323 954 1554 1006 Ῥωμαίων.

259 1022 410 1065 Ἰστέον
437 1019 500 1065 ὅτι
529 1021 550 1064 ὅ
572 1021 837 1079 φιλόχριστος
865 1021 938 1063 καί
958 1023 1341 1077 πορφυρογέννητος
1361 1020 1434 1060 καί
1461 1018 1602 1059 ἀοίδι-

101 1113 105 1117 -
156 1102 235 1140 μσς
261 1087 460 1141 βασιλεῦς
480 1091 604 1131 Λέων
632 1088 816 1137 οἰκούσας
841 1086 904 1130 ὅτι
935 1090 994 1137 εἰς
1019 1085 1143 1129 τόπον
1170 1086 1243 1128 τὸν
1266 1084 1484 1138 λεγόμενον
1507 1087 1599 1126 Φα-

104 1165 147 1199 15
159 1151 308 1207 σιανὴν
334 1154 523 1202 ἐλθόντες
566 1153 603 1196 οἱ
635 1154 870 1209 Σαρακηνοὶ
897 1152 971 1202 τὰς
1005 1155 1135 1195 ἐκεῖσε
1162 1154 1375 1207 ἐκκλησίας
1400 1151 1599 1204 ἐποίησαν

158 1217 332 1270 κάστρα,
361 1215 577 1260 ἐπέστειλε
615 1219 686 1261 τὸν
723 1219 934 1271 πατρίκιον
972 1218 1043 1259 καί
1082 1217 1307 1271 στρατηγὸν
1336 1219 1419 1258 τῶν
1441 1212 1599 1269 Ἀρμε-

158 1282 311 1323 νιακῶν
339 1281 412 1324 τὸν
452 1283 691 1326 Λαλάκωνα
718 1283 827 1335 μετὰ
863 1284 938 1325 τοῦ
967 1285 1205 1336 στρατηγοῦ
1236 1285 1487 1330 Κωλωνειάς
1529 1281 1601 1324 καὶ

158 1349 233 1390 τοῦ
266 1350 499 1403 στρατηγοῦ
533 1351 868 1401 Μεσοποταμίας
905 1350 978 1390 καί
1019 1350 1093 1389 τοῦ
1125 1350 1360 1402 στρατηγοῦ
1394 1348 1598 1403 Χαλδίας,

159 1414 231 1454 καί
257 1416 545 1469 κατέστρεψαν
581 1412 632 1455 τὰ
674 1416 848 1456 τοιαῦτα
875 1412 1048 1469 κάστρα,
1084 1411 1157 1462 τὰς
1183 1415 1396 1468 ἐκκλησίας
1424 1414 1598 1454 ἐλευθε-

102 1489 149 1525 20
160 1477 385 1533 ρώσαντες,
415 1479 654 1534 ληϊσάμενοι
671 1479 744 1521 καί
768 1481 906 1533 πᾶσαν
934 1478 1008 1535 τήν
1039 1478 1255 1532 Φασιανὴν
1277 1482 1334 1536 τῷ
1356 1476 1447 1519 τότε
1465 1480 1598 1536 καιρῷ

158 1543 240 1586 ὕπὸ
269 1546 350 1586 τῶν
377 1547 632 1600 Σαρακηνῶν
672 1547 959 1601 κρατουμένην.
1015 1547 1085 1587 καί
1113 1540 1190 1586 εἶθ’
1218 1541 1326 1586 οὕτω
1346 1546 1470 1586 πάλιν
1497 1546 1597 1586 α’πέ-

159 1613 316 1652 στειλεν
358 1610 429 1652 τὸν
468 1612 695 1665 μα’γιστρον
729 1610 983 1653 Κατακαλόν
1019 1613 1092 1651 καί
1118 1612 1357 1663 δομέστικον
1384 1612 1465 1652 τῶν
1492 1625 1597 1663 σχο-

159 1677 264 1731 λῶν,
292 1671 336 1724 ὃς
362 1675 498 1718 ἐλθών
538 1677 582 1719 ἐν
609 1677 665 1735 τῷ
693 1676 855 1736 κάστρῳ
889 1673 1274 1725 Θεοδοσιουπόλεως
1301 1675 1373 1718 καί
1398 1674 1448 1718 τά
1479 1678 1597 1730 πέριξ

251 1786 275 1819 3
298 1783 381 1822 υἱὸν
405 1783 470 1823 τὸν
495 1786 566 1820 add
588 1787 615 1819 B

162 1887 305 1927 Christi,
330 1893 366 1921 et
387 1888 607 1933 temporibus
631 1889 844 1934 quibusdam
869 1889 1019 1923 ubertim
1039 1891 1209 1934 pecunias
1226 1890 1374 1922 mittunt
1398 1888 1494 1921 urbis
1517 1900 1597 1921 san-

161 1940 239 1968 ctae
267 1936 488 1979 patriarchae
518 1937 652 1981 quique
678 1937 716 1968 in
740 1937 803 1969 illa
828 1936 960 1980 degunt
983 1937 1203 1969 Christianis.
1253 1935 1367 1968 David
1390 1941 1506 1968 autem
1533 1936 1595 1968 ille

163 1992 268 2026 quem
295 1981 381 2021 dixi,
412 1982 627 2027 Spandiatae
650 1982 767 2023 frater,
796 1983 908 2016 filium
936 1984 1058 2026 genuit
1077 1983 1318 2025 Pancratium3
1346 1983 1412 2015 iste
1437 1982 1596 2015 Asotium

161 2027 309 2070 habuit3
335 2029 475 2062 Asotius
509 2039 592 2062 vero
617 2030 738 2072 genuit
761 2029 964 2071 Adranase,
991 2030 1051 2075 qui
1080 2031 1306 2075 curopalatae
1333 2029 1506 2072 dignitate
1532 2032 1612 2061 :lu-⁴

159 2080 238 2107 ctus
265 2075 334 2107 suit
357 2086 376 2107 a
403 2077 520 2109 Leone
547 2075 679 2109 Christi
706 2082 844 2109 amante
879 2077 1112 2109 Romanorum
1139 2078 1364 2121 imperatore.
1413 2081 1449 2108 at
1482 2075 1597 2120 Span-

162 2120 278 2154 diates
301 2121 412 2154 frater
435 2121 607 2166 praedicti
628 2123 776 2155 Davidis
800 2123 876 2156 sine
900 2123 982 2155 ullis
1007 2122 1130 2156 liberis
1155 2123 1318 2156 decessit.
1367 2133 1410 2154 ex
1432 2132 1502 2167 quo
1532 2133 1598 2154 au-

162 2172 235 2201 tem
259 2168 512 2211 Hierosolymis
539 2169 732 2213 migrarunt
758 2170 794 2202 in
822 2175 946 2202 terram
972 2181 1076 2214 quam
1100 2181 1195 2202 nunc
1221 2169 1384 2202 incolunt
1409 2168 1493 2201 anni
1517 2174 1600 2202 sunt

163 2213 417 2259 quadringenti
445 2215 502 2247 vel
527 2216 712 2260 quingenti
739 2216 860 2256 hodie,
887 2227 975 2261 quae
995 2221 1047 2249 est
1063 2216 1213 2249 indictio
1234 2216 1380 2254 decima,
1406 2227 1426 2247 a
1454 2214 1598 2248 condito

162 2271 245 2294 vero
275 2261 407 2295 mundo
430 2261 535 2302 6460,
560 2262 791 2296 Constantino
827 2269 863 2296 et
887 2265 1043 2296 Romano
1068 2262 1196 2296 Christi
1221 2261 1421 2296 amantibus
1446 2273 1486 2294 ac
1513 2263 1597 2295 Por-

162 2307 406 2352 phyrogenitis
426 2309 710 2353 imperatoribus.

257 2353 388 2388 Christi
416 2361 533 2388 autem
561 2367 680 2389 amans
706 2357 778 2389 Leo
807 2355 870 2388 ine
894 2354 1216 2399 porphyrogenitus
1241 2366 1281 2388 ac
1309 2355 1508 2399 praeclarus
1532 2354 1600 2386 im-

162 2405 306 2445 perator
329 2401 477 2435 audiens
501 2401 688 2435 Phasianes
708 2402 874 2435 ecclesias
900 2414 917 2434 a
941 2402 1122 2435 Saracenis
1145 2400 1395 2435 invadentibus
1424 2402 1460 2434 in
1487 2406 1599 2434 castra

163 2458 348 2480 conversas
374 2459 460 2489 esse,
485 2448 693 2481 Lalaconem
722 2450 905 2494 patricium
935 2454 971 2481 et
995 2449 1281 2481 Armeniacorum
1306 2454 1503 2492 praetorem
1531 2447 1599 2479 mi-

163 2494 210 2527 sit
248 2505 318 2526 una
360 2505 438 2527 cum
475 2495 695 2538 praetoribus
731 2495 902 2528 Coloniae
929 2495 1205 2539 Mesopotamiae
1240 2495 1506 2540 Chaldiaeque,
1538 2493 1600 2537 qui

163 2539 371 2574 huiusmodi
396 2547 507 2574 eastra
534 2547 760 2582 everterunt,
794 2542 958 2574 ecclesias
983 2541 1199 2582 liberarunt,
1234 2547 1417 2587 totamque
1454 2540 1602 2573 Phasia-

163 2598 257 2627 nam,
282 2599 387 2633 quam
410 2594 494 2621 tunc
509 2590 677 2633 temporis
696 2589 860 2622 Saraceni
886 2587 1067 2628 tenebant,
1091 2588 1328 2622 devastarunt.
1377 2593 1501 2633 postea
1523 2598 1600 2619 rur-

166 2645 240 2667 sum
271 2634 471 2667 Catacalum
500 2636 701 2678 magistrum
738 2641 774 2667 et
810 2635 1010 2668 scholarum
1036 2634 1268 2668 domesticum
1294 2636 1410 2675 misit,
1435 2635 1495 2679 qui
1521 2644 1598 2666 cum

163 2679 290 2714 ωὼειιι
303 2682 334 2715 Τ
336 2680 623 2727 heodosiopolim
653 2683 852 2723 invasisset,
877 2693 1015 2715 omnem
1042 2682 1170 2716 circum
1196 2682 1376 2726 regionem
1399 2680 1605 2727 populatus,
