1780 3132
236 147 329 191 300
558 152 817 191 BANDURll
858 150 1352 193 ANlMADVERSIONES

235 261 415 301 Philonis
458 260 546 301 loco
586 265 755 312 apparet
793 261 910 301 etiam
940 261 1227 310 Dyrrhachium
1255 275 1281 302 a
1306 262 1385 303 loci
1410 262 1641 315 asperitate,

234 314 276 355 in
305 328 380 367 quo
409 315 525 354 situm
552 319 623 364 est,
650 327 791 354 nomen
817 316 1043 366 sumpsisse.

348 381 413 426 56,
442 383 507 418 20.
573 379 743 430 Dexippi
784 380 971 419 Herennii
1005 379 1278 428 Atheniensis,
1304 379 1392 432 qui,
1428 384 1473 420 ut
1511 379 1649 420 scribit

237 431 442 483 Eunapius
485 432 525 471 in
551 432 772 482 Porphyrio
790 465 800 483 ‚
829 433 931 474 vixit
969 434 1075 473 circa
1102 433 1307 473 Aureliani
1333 445 1381 473 ac
1406 433 1524 473 Probi
1553 437 1650 473 tem-

234 497 346 536 pora,
375 485 518 524 crebra
553 486 700 525 mentio
741 487 915 526 occurrit
952 488 1057 539 apud
1095 488 1311 538 scriptores
1347 487 1412 539 qui
1448 491 1538 538 post
1574 487 1647 527 illa

235 544 413 589 tempora
441 538 670 579 floruerunt.
743 541 833 580 vide
863 552 964 592 quae
993 541 1042 580 de
1071 552 1117 580 eo
1147 553 1195 580 ac
1224 541 1305 580 eius
1333 541 1517 592 operibus
1545 541 1648 580 scri-

235 593 291 631 bit
317 592 481 631 Vossius
516 593 566 631 de
605 593 806 634 historicis
842 594 1009 634 Graecis
1038 595 1065 634 l.
1095 599 1132 635 2.
1190 599 1361 634 ceterum
1397 595 1492 634 licet
1531 595 1650 633 etiam

235 645 274 684 in
313 658 371 684 ms
411 646 571 698 legatur
606 645 650 683 ἐν
695 646 922 698 χερρονικῷ
962 643 1137 702 δεκάτῳ,
1178 648 1391 698 legendum
1430 652 1525 699 puto
1563 659 1650 686 cum

236 699 354 739 Henr.
384 700 545 739 Valesio
584 698 628 738 ἐν
654 700 855 749 χρονικῶν
885 696 1059 754 δεκάτῳ,
1103 714 1187 741 cum
1219 702 1321 741 idem
1349 701 1451 741 liber
1481 701 1654 740 decimus

237 753 508 793 chronicorum
535 754 705 805 Dexippi
747 756 891 794 citetur
923 756 1041 795 etiam
1076 768 1102 796 a
1130 755 1335 808 Stephano
1364 755 1403 795 in
1431 753 1654 805 Σουγχαΐοι

237 811 276 846 et
303 807 553 847 duodecimus
582 809 622 848 in
641 804 841 858 Ἓλὸυροι.

342 874 408 920 57,
428 876 467 911 6.
524 871 727 924 ἐμέρισεν]
757 874 807 912 de
834 872 911 913 hac
935 872 1128 913 divisione
1153 873 1307 926 imperii
1333 872 1502 914 Romani
1525 871 1653 924 pluri-

236 926 308 965 bus
339 925 566 976 scriptores.

345 978 451 1020 Ibid.
479 983 548 1019 20.
613 980 673 1019 De
703 979 906 1019 Dalmatia
944 992 992 1020 ac
1033 980 1116 1020 eius
1159 981 1315 1032 populis
1354 979 1534 1033 pluribus
1569 979 1658 1032 agit

237 1032 519 1072 Constantinus
557 1033 585 1073 l.
615 1035 664 1073 de
704 1033 817 1073 Adm.
846 1033 937 1085 imp.
977 1046 1009 1074 c.
1040 1038 1093 1074 29
1127 1039 1166 1074 et
1194 1046 1302 1086 seqq.
1369 1034 1439 1073 secl
1467 1033 1568 1086 quod
1599 1032 1658 1072 ait

236 1087 301 1126 hic
327 1087 566 1127 Dalmatiam
595 1088 738 1128 Italiae
765 1087 971 1139 regionem
1003 1100 1113 1137 esse,
1143 1089 1183 1129 id
1214 1088 1346 1128 hausit
1373 1100 1424 1127 ex
1451 1086 1656 1138 Stephano

236 1141 453 1189 Byzantio,
483 1153 535 1181 ex
571 1154 647 1194 quo
672 1146 712 1181 et
746 1142 940 1193 pleraque
969 1142 1051 1182 alia
1090 1143 1141 1182 ad
1165 1143 1340 1190 verbum,
1368 1145 1412 1180 ut
1435 1141 1558 1187 aiunt,
1589 1151 1657 1180 ex-

239 1195 389 1246 cripsit,
418 1194 475 1234 uti
506 1199 545 1234 et
571 1196 668 1235 alibi
697 1195 926 1235 monuimus.
991 1196 1231 1236 Dalmatiam
1259 1199 1390 1235 autem
1418 1207 1491 1246 pro
1518 1193 1659 1234 Italica

238 1249 405 1300 regione
433 1248 524 1288 hinc
552 1254 646 1301 puto
685 1253 879 1301 sumptam
912 1261 937 1288 a
975 1250 1239 1302 scriptoribus
1273 1248 1531 1299 Byzantinis,
1555 1247 1660 1299 quod

237 1304 439 1342 Dalmatia
481 1307 562 1343 tum
594 1304 715 1343 fuerit
752 1315 858 1354 pars.
875 1303 1039 1343 Italicae
1073 1305 1362 1355 praefecturae.
1430 1302 1521 1341 vide
1565 1301 1658 1353 quid

238 1358 313 1396 hac
342 1357 390 1395 de
419 1368 464 1395 re
491 1357 677 1406 Ortelius‚
705 1357 798 1396 licet
816 1357 1025 1396 Berkelius
1053 1358 1093 1397 in
1122 1358 1228 1397 notis
1261 1357 1313 1396 ad
1345 1355 1588 1407 Stephanum
1617 1354 1659 1393 id

239 1423 312 1463 pro
344 1411 460 1460 nugis
489 1411 647 1459 habeat,
681 1410 1003 1464 quemadmodum
1040 1414 1079 1450 et
1106 1410 1333 1451 Holstenius
1360 1411 1400 1450 in
1426 1409 1508 1448 suis
1535 1420 1661 1449 anno-

242 1465 458 1505 tationibus
498 1465 546 1504 ad
580 1466 782 1504 (Ji-tenum.
858 1476 993 1503 verum
1033 1465 1118 1516 ipse
1155 1470 1249 1516 puto
1277 1463 1503 1503 Berkelium
1530 1473 1661 1514 nugas

241 1519 401 1571 nugari,
431 1519 520 1558 dum
547 1519 649 1558 hunc
677 1518 871 1570 Stephani
900 1519 1028 1557 locum
1058 1519 1259 1571 explicare
1287 1521 1466 1557 conatur.

351 1583 460 1623 Ibid.
527 1582 570 1630 ἐξ
608 1575 736 1632 οὗπερ
776 1577 1036 1632 ἐβλάστησεν]
1079 1582 1128 1622 de
1165 1582 1300 1634 patria
1326 1578 1562 1620 Diocletiani
1592 1578 1662 1618 im-

244 1639 464 1693 peratoris,
490 1637 539 1675 de
570 1649 650 1690 qua
678 1636 953 1676 controversia
985 1641 1046 1675 est
1074 1635 1179 1676 inter
1210 1636 1451 1686 scriptores,
1480 1631 1661 1685 pluribus

242 1695 341 1736 alibi
370 1691 578 1745 loquimur.

350 1750 417 1796 58,
447 1749 512 1785 13.
577 1740 716 1789 καθώς
758 1739 779 1780 ὁ
817 1740 1097 1793 γραμματικός
1135 1742 1358 1791 Στέφανος]
1387 1740 1486 1781 haec
1511 1740 1551 1779 in
1581 1738 1667 1790 epi-

245 1807 350 1842 tome
380 1799 575 1851 Stephani
600 1811 680 1837 non
708 1801 868 1847 extant3
904 1801 944 1836 et
972 1797 1096 1836 miror
1126 1809 1195 1835 cur
1220 1796 1441 1844 Berkelius‚
1472 1793 1538 1846 qui
1568 1793 1663 1840 alia,

244 1868 348 1910 quae
378 1868 429 1895 ex
455 1852 651 1905 Stephani
689 1853 843 1892 calamo
877 1840 1060 1903 pr'ofecta
1088 1854 1203 1890 erant
1242 1853 1281 1889 et
1308 1852 1545 1888 conservata
1572 1849 1666 1886 sunt

245 1910 351 1962 apud
382 1909 616 1960 scriptorem
647 1910 847 1955 nostrum,
875 1905 1057 1957 legitimo
1087 1904 1240 1945 auctori
1270 1902 1456 1949 restituit,
1482 1901 1582 1941 haec
1609 1900 1665 1939 ei-

245 1965 335 2004 dem
362 1975 443 2003 non
470 1961 702 2001 restituerit.

355 2026 463 2068 Ibid.
493 2027 556 2067 15.
630 2025 739 2065 Citat
768 2024 931 2064 eundem
961 2022 1206 2062 Hellanicum
1237 2021 1408 2072 scriptor
1434 2022 1570 2059 noster
1599 2029 1666 2057 su-

247 2094 322 2134 pra
357 2082 408 2121 de
440 2080 700 2122 Macedoniae
737 2078 934 2125 themate;
971 2077 1038 2117 ubi
1064 2076 1154 2116 vide
1193 2087 1295 2128 quae
1336 2075 1386 2113 de
1414 2086 1462 2113 eo
1499 2073 1668 2113 adnota-

249 2148 387 2176 vimus.

355 2203 422 2249 59,
447 2204 487 2239 6.
536 2191 736 2246 Ἀλέξιος]
764 2197 830 2236 hic
856 2198 976 2248 poeta
998 2194 1090 2234 aliis
1120 2192 1378 2246 scriptoribus
1405 2189 1546 2231 Alexis
1571 2188 1668 2229 dici-

248 2260 325 2295 tur.
383 2254 473 2293 vide
500 2253 682 2293 Vossium
711 2253 760 2290 de
786 2251 915 2303 poetis
944 2248 1122 2289 Graecis.
1525 2297 1534 2306 ι
1641 2267 1646 2271 -

356 2313 423 2358 60,
456 2310 519 2347 15.
576 2306 793 2345 Postremis
830 2303 1071 2355 temporibus
1097 2300 1406 2353 Longobardiae
1432 2309 1588 2338 nomme
1619 2307 1669 2336 ea

249 2363 492 2414 potissimum
518 2361 661 2400 ltaliae
688 2371 785 2411 pars
814 2371 839 2398 a
856 2357 1023 2397 Graecis
1050 2356 1199 2396 donata
1230 2355 1306 2394 fuit
1335 2365 1435 2406 quae
1460 2353 1502 2392 in
1534 2362 1668 2391 eorum

250 2417 414 2469 imperio
445 2415 648 2461 remansit,
679 2413 860 2453 nimirum
880 2410 1072 2451 Calabria
1098 2414 1215 2461 atque
1244 2419 1341 2460 pars
1368 2405 1484 2458 regni
1512 2405 1672 2455 Neapo-

251 2471 378 2520 litani,
405 2474 448 2509 ut
474 2469 684 2509 manifesto
714 2469 883 2519 apparet
907 2478 958 2505 ex
985 2464 1033 2504 iis
1059 2475 1160 2516 quae
1190 2462 1253 2502 hic
1280 2461 1417 2502 scribit
1441 2458 1670 2521 l’orphyro-

252 2525 421 2576 genitus.
481 2524 573 2562 olim
602 2527 732 2561 autem
763 2521 834 2560 sub
855 2518 1003 2559 Carolo
1033 2530 1179 2569 magno
1194 2514 1501 2568 hongobarduae
1527 2523 1669 2573 nomen

252 2585 334 2619 tam
363 2579 446 2618 late
474 2577 602 2628 patuit
639 2580 682 2615 ut
722 2576 911 2614 universa
942 2572 1058 2612 ltalia
1098 2572 1171 2610 hoc
1206 2569 1399 2609 vocabulo
1426 2566 1671 2628 intelligere-

252 2637 333 2684 tur,
360 2636 404 2673 ut
431 2634 588 2671 constat
616 2642 667 2670 ex
695 2629 836 2669 charta
867 2627 1040 2667 eiusdem
1053 2624 1189 2665 Caroli
1209 2623 1346 2676 magni
1373 2633 1446 2674 pro
1475 2620 1674 2660 divismne
