1780 3132
246 156 341 200 232
512 160 784 201 CONSTANT
788 160 857 198 1N1
896 157 1293 198 PORPHYROGEN
1298 160 1364 198 1T1

246 257 556 295 Κωνσταντίνου
589 256 661 294 τοῦ
691 256 958 307 φιλοχρίστου
988 250 1184 292 δεσπότου
1215 253 1351 304 γέγονε
1379 253 1500 293 πάλιν
1531 256 1651 294 Κων-

239 324 454 365 σταντῑνος
477 319 685 370 πατρίκιος
714 317 734 356 ὁ
767 318 1013 368 προρρηθείς
1042 317 1112 356 ἐπί
1137 317 1318 363 Λέοντος
1348 318 1557 371 δεσπότου,
1586 320 1655 358 ἐπὶ

243 382 288 421 δὲ
326 381 541 432 Ῥωμανοῦ
576 379 770 420 δεσπότου
815 379 1029 432 Θεοφάνης
1057 379 1295 432 πατρίκιος·
1349 379 1417 421 ἐπὶ
1449 382 1495 422 δὲ
1533 384 1654 422 Κων-

242 447 449 485 σταντίνου
478 442 523 484 τὸ
554 444 742 494 δεύτερον
769 445 906 495 γέγονε
935 442 1153 490 Βασίλειος
1179 445 1400 496 πατρίκιος.

344 509 489 550 Ἰστὲον
516 505 580 547 ὅτι
610 506 681 548 em*
706 509 884 554 Λέοντος
912 509 986 547 τοῦ
1017 508 1286 561 φιλοχρίστου
1319 505 1389 547 καί
1411 506 1688 561 αἐιμνὴστουό

242 575 443 624 βασιλέως
471 566 520 623 ἦν
549 570 570 610 ὁ
587 573 746 619 Κτενιῖς
781 573 944 622 ἐκεῖνος,
969 572 1097 622 γέρων
1123 569 1311 622 κληρικὸς
1329 568 1433 611 πάνυ
1451 572 1654 626 πλούσιος,

241 634 349 681 ὅστις
379 630 424 687 ἦν
451 634 524 675 καί
554 636 788 686 δομέστικος
816 636 874 681 εἰς
901 633 976 687 τήν
1001 635 1096 674 νέαν
1124 635 1362 687 ἐκκλησίαν·
1421 633 1580 686 ὑπῆρχε
1610 637 1655 676 δὲ

242 699 423 752 τεχνίτης
469 699 526 745 εἰς
565 695 608 738 τό
639 694 765 753 ᾆσμα,
803 694 884 745 οἷος
909 700 962 752 τῷ
988 696 1074 738 τότε
1102 701 1230 752 καιρῷ
1255 699 1388 754 ἕτερος
1415 697 1489 738 ουίι
1518 694 1578 751 ἤν.
1633 696 1655 738 ὃ

244 765 289 802 δὲ
321 761 443 808 αὐτὸς
471 763 625 809 Κτενιῖς
651 759 721 802 τὸν
751 764 959 812 πατρίκιον
971 763 1174 812 §maman
1194 760 1453 815 ἐδυσώπηοε,
1481 764 1537 817 τῷ
1562 762 1653 803 τότε

242 831 370 881 καιρῷ
413 828 780 879 παρακοιμωμένου
820 826 954 865 αὐτοῦ
983 821 1119 876 ὄντος,
1159 828 1399 876 μεσιτεῦσαι
1441 825 1569 866 αὐτὸν
1595 826 1653 872 εἰς
1667 839 1709 873 10

242 889 312 930 τὸν
342 892 513 941 βασιλέα
554 891 627 930 τοῦ
657 892 846 941 γενέσθαι
881 887 1252 942 πρωτοσπαθάριον
1294 888 1364 930 καί
1394 894 1536 942 φορεῖν
1561 890 1654 929 ἐπι-

243 952 485 1003 κου’τζουλον
525 956 595 993 καί
631 955 906 1006 προέρχεσθαι
929 956 986 1001 εἰς
1013 951 1085 992 τὸν
1118 952 1361 994 Λαυσιακὸν
1389 954 1460 994 καί
1483 954 1652 1003 καθέζε-

243 1022 345 1060 σθαι
367 1017 422 1064 ὥς
439 1018 813 1071 πρωτοσπαθάριον
840 1017 909 1057 καί
936 1018 1179 1071 ῥογειῖεσθαι
1208 1015 1334 1057 αὐτὸν
1363 1018 1503 1069 λίτραν
1533 1018 1652 1067 μίαν,

244 1084 314 1123 καί
338 1082 441 1134 ὑπὲρ
467 1083 538 1134 τῆς
565 1079 752 1134 τοιαύτης
779 1078 1034 1133 α’ντιληψεως
1073 1083 1213 1120 δοῦναι
1246 1082 1298 1133 τῷ
1322 1085 1488 1131 βασιλεῖ
1513 1081 1652 1132 λίτρας

242 1144 551 1199 τεσσαράκοντα.
620 1144 640 1184 ὁ
685 1147 728 1186 δὲ
756 1143 950 1197 βασιλευς
980 1145 1053 1184 οὐκ
1089 1145 1282 1196 ἠνέσχετο
1309 1147 1430 1184 τοῦτο
1460 1144 1706 1197 ποιῆσαι,15
1755 1136 1758 1139 .

243 1213 368 1263 λέγων
396 1212 476 1251 τῶν
521 1209 735 1250 α’δυνάτων
762 1208 973 1261 τυγχάνειν
1000 1211 1071 1249 καί
1100 1209 1158 1255 εἰς
1185 1208 1361 1261 μεγάλην
1390 1208 1554 1255 ἀδοξίαν
1579 1209 1651 1259 τῆς

241 1277 453 1326 βασιλείας
482 1289 564 1326 μου
601 1271 790 1326 κληρικὸν
815 1275 1005 1325 γενέσθαι
1036 1271 1422 1325 πρωτοσπαθάριον.
1474 1268 1652 1318 ἄκουσας

242 1341 287 1379 δὲ
316 1337 337 1379 ὅ
371 1337 490 1385 αὐτὸς
508 1340 666 1385 Κτενοῖς
696 1335 807 1390 παρὰ
838 1339 914 1377 τοῦ
940 1339 1153 1389 πατρικίου
1174 1338 1353 1386 >Summi
1379 1336 1509 1376 ταῦτα
1526 1349 1651 1388 προσ-

242 1404 387 1456 έθηκεν
422 1403 479 1451 εἰς
526 1401 598 1450 τὰς
635 1400 937 1454 τεσσαράκοντα
976 1402 1116 1453 λίτρας
1155 1403 1224 1440 καί
1257 1400 1500 1452 σχολαρίκια
1528 1396 1653 1450 ζυγήν

242 1468 354 1520 μίαν,
381 1468 668 1520 ἑκτιμηθεΐσαν
697 1467 837 1517 λίτρας
866 1466 984 1519 δέκα,
1017 1464 1087 1505 καί
1108 1464 1327 1517 τραπεζίου
1356 1462 1498 1514 ἆσᾴιιν
1525 1460 1650 1512 ἔνζω-
1661 1472 1706 1505 20

244 1532 314 1571 δον
344 1530 569 1582 διάχρυσον
598 1528 852 1583 ἅναγλυφον,
890 1529 1105 1581 ἐκτιμηθὲν
1144 1527 1214 1568 καί
1243 1526 1342 1568 αὐτὸ
1372 1529 1510 1581 λίτρας
1539 1529 1650 1568 δέκα.

134 1614 233 1648 P139
244 1596 315 1635 καί
336 1596 595 1647 δυσωπηθείς
624 1593 643 1633 ὁ
673 1591 868 1644 βασιλευς
894 1595 943 1648 τῇ
969 1591 1219 1645 παρακλήσει
1239 1594 1313 1632 τοῦ
1338 1593 1548 1643 πατρικίου
1567 1593 1650 1631 Σα-

244 1661 364 1712 μωνᾶ
390 1659 459 1699 καί
497 1658 865 1712 παρακοιμωμὲνου
903 1652 1119 1709 ἇνελοῖβετο
1145 1655 1218 1705 τὰς
1246 1653 1548 1708 τεσσαράκοντα
1579 1655 1650 1696 τοῦ

335 1806 380 1840 20
403 1807 465 1839 καὶ
489 1807 682 1850 τραπεζίου
705 1825 750 1831 —-
774 1804 859 1839 δέκα
881 1804 949 1837 add
981 1805 1004 1836 B
1105 1804 1150 1838 23
1174 1803 1239 1838 τοῦ
1258 1807 1413 1849 χρυσίου
1439 1802 1509 1836 add
1534 1802 1560 1835 B

247 1926 385 1954 amante
417 1922 624 1965 imperatore
659 1932 792 1954 rursum
816 1921 1065 1954 Constantinus
1091 1922 1256 1965 patricius
1293 1922 1383 1960 fuit,
1416 1920 1514 1953 cuius
1549 1924 1652 1953 antea

247 1969 461 2000 mentionem
497 1967 563 1999 feci
599 1966 664 1999 sub
701 1967 841 2000 domino
879 1969 1010 2000 Leone.
1058 1966 1123 1999 sub
1152 1969 1304 1999 Romano
1328 1968 1535 2010 imperatore
1558 1965 1652 1998 hune

247 2013 415 2046 honorem
439 2013 554 2045 tenuit
578 2012 812 2057 Theophanes
841 2013 1019 2057 patricius,
1047 2012 1112 2045 sub
1137 2012 1365 2045 Constantino
1389 2016 1505 2044 autem
1525 2012 1651 2044 iterum

246 2060 393 2092 Basilius
416 2059 593 2103 patricius.

338 2104 410 2137 Sub
445 2105 652 2148 imperatore
687 2102 750 2135 illo
788 2103 915 2136 Christi
943 2102 1177 2135 amantissimo
1210 2107 1246 2135 et
1282 2107 1450 2146 perpetua
1485 2101 1651 2134 memoria

247 2149 352 2192 digno
375 2151 494 2183 Leone
521 2150 646 2183 Ctenas
670 2149 731 2181 ine
754 2149 850 2188 vixit,
876 2149 1020 2181 clericus
1044 2154 1158 2180 aetate
1183 2148 1292 2190 gravis
1316 2153 1352 2180 et
1377 2147 1519 2180 omnino
1543 2146 1651 2186 dives,

248 2206 357 2228 novae
381 2196 546 2228 ecclesiae
565 2195 784 2234 domesticus,
811 2194 871 2238 qui
896 2193 1051 2226 canendo
1083 2204 1201 2226 omnes
1228 2194 1280 2226 sui
1306 2193 1470 2236 temporis
1495 2192 1652 2226 antecel-

250 2241 355 2273 lebat.
404 2241 460 2273 hic
483 2242 650 2273 Samonae
673 2240 832 2284 patricio,
858 2241 919 2284 qui
944 2245 1027 2271 tunc
1052 2240 1214 2282 temporis
1249 2238 1426 2271 accubitor
1450 2244 1542 2278 erat,
1567 2249 1650 2282 per-

248 2287 356 2318 suasit
381 2288 431 2318 uti
459 2297 521 2330 pro
547 2297 582 2318 se
607 2286 701 2330 apud
733 2286 972 2330 imperatorem
999 2285 1250 2323 intercederet,
1287 2290 1325 2316 ut
1353 2283 1651 2328 protospatharius

247 2332 347 2364 fleret
374 2338 410 2363 et
442 2343 614 2364 camasum
640 2333 746 2364 ferret
768 2343 806 2363 ac
830 2332 866 2363 in
893 2331 1095 2363 Lausiacum
1122 2329 1406 2373 progrederetur,
1443 2330 1650 2374 sederetque

246 2377 357 2409 veluti
385 2378 682 2420 protospatharius
706 2387 889 2420 regamque
915 2377 1086 2420 acciperet
1110 2375 1233 2407 libram
1262 2387 1387 2408 unam:
1413 2386 1449 2407 se
1474 2375 1578 2408 huius
1599 2376 1650 2407 rei

247 2434 350 2455 causa
388 2423 587 2465 imperatori
622 2423 777 2456 daturum
812 2422 916 2454 libras
952 2421 1189 2466 quadraginta.
1235 2427 1271 2454 at
1304 2422 1492 2465 imperator
1513 2431 1650 2453 recusa-

246 2469 318 2508 bat,
344 2467 463 2500 dicens
487 2468 562 2500 fieri
586 2480 657 2501 non
681 2479 793 2512 posse,
818 2473 854 2500 et
879 2467 1060 2499 maiestate
1084 2478 1145 2499 sua
1173 2466 1366 2510 indignum,
1391 2466 1551 2499 clericum
1574 2466 1650 2499 fieri

246 2513 573 2559 protospatharium.
622 2513 718 2558 quod
752 2525 827 2546 cum
865 2523 905 2545 ex
938 2514 1087 2545 Samona
1122 2513 1267 2555 patricio
1303 2512 1394 2545 idem
1429 2512 1491 2544 ille
1522 2512 1648 2545 Ctenas

245 2560 490 2598 intellexisset,
517 2558 561 2590 ad
585 2560 816 2604 quadraginta
844 2557 951 2591 libras
977 2559 1150 2590 inaurium
1175 2569 1238 2602 par
1269 2569 1373 2590 unum
1402 2557 1528 2590 adiecit
1549 2557 1649 2590 libris

245 2605 364 2637 decem
392 2605 630 2644 aestimatum,
667 2610 703 2638 et
737 2605 926 2637 mensulam
957 2604 1123 2636 caelatam
1149 2614 1192 2635 ex
1219 2609 1360 2647 argento
1392 2614 1464 2636 non
1499 2603 1646 2646 signato,

245 2651 435 2684 inauratam
453 2655 489 2683 et
507 2650 689 2695 sculptam,
713 2650 811 2683 cuius
838 2650 920 2688 item
946 2650 1096 2694 pretium
1120 2654 1197 2682 erat
1214 2649 1331 2682 decem
1356 2648 1530 2686 librarum.
1567 2659 1648 2693 per-
