1780 3132
235 160 290 200 lN
330 158 686 200 CONSTANTlNI
712 157 1268 200 PORP11.L1B.DEADM.
1299 159 1404 198 un).
1446 149 1536 199 341

105 272 315 314 abductum
343 271 468 311 fuisse
495 284 521 312 a
548 272 752 313 Ludovico
781 271 978 312 Franciae
1004 283 1102 324 rege
1131 269 1312 324 Capuam
1340 283 1389 311 ac
1414 271 1541 312 Beue-

104 332 277 378 ventum,
304 326 347 366 in
376 327 536 368 dubium
559 331 754 367 revocant
779 327 973 375 nonnulli,
1004 339 1052 365 co
1083 326 1187 379 quod
1219 326 1542 379 Erchempertus‚

56 432 57 435 Ἴ
105 387 247 424 auctor
274 381 454 421 chronici
481 382 526 422 S.
555 382 756 422 Vincentii
784 382 834 421 de
851 383 1062 431 Vulturno,
1093 386 1133 420 et
1160 382 1429 433 Protospatlia
1458 388 1544 423 tra-

104 437 206 478 dant
236 436 418 477 Graecos
454 436 608 477 demum
636 436 770 476 Barim
797 441 888 488 post
917 448 1121 475 excessum
1152 436 1342 476 Ludovici
1370 437 1543 489 impera-

103 492 208 532 toris
229 492 452 544 ingressos,
483 496 529 530 ut
560 505 586 532 a
614 491 856 538 Saracenis,
888 503 1052 543 quorum
1084 491 1192 530 vires
1222 491 1399 543 quotidie
1428 493 1543 533 iuva-

102 547 323 595 lescebann
350 558 439 586 sese
469 550 708 587 tutarentur.
774 546 945 586 Erchem
975 550 1084 585 ertus
1116 559 1149 585 c.
1180 550 1234 585 29
1253 552 1292 585 et
1317 546 1545 587 chronicon

103 601 150 643 S.
183 601 405 642 vincentii:
440 600 522 641 hoc
571 601 794 642 audientes
833 603 905 655 qui
974 602 1044 641 ari
1079 599 1353 651 residebant,
1382 600 1544 654 (ἔνεμο-

103 657 217 697 rium
228 653 429 696 Batulum
445 657 749 708 imperatorem
764 654 1042 705 Graecorum,
1069 657 1141 709 qui
1168 658 1268 696 tunc
1286 658 1330 696 in
1356 655 1546 698 Ydronto

103 710 293 765 deyebat,
323 722 419 751 cum
445 709 593 751 multis
632 710 902 751 exercitibus
944 709 996 751 ob
1034 708 1355 751 Saracenorum
1394 716 1547 753 metum

102 764 255 808 Barim
280 764 616 806 introduxerunt
628 780 641 812 ‚·
669 768 741 820 qui
759 768 908 807 statim
927 764 1240 819 apprehensum
1262 763 1541 808 Castaldeum

102 821 310 875 illiusque
338 822 555 874 primores
586 818 754 873 Cpolim
779 823 909 871 misit,
938 819 1091 875 quibus
1118 822 1396 862 iureiurando
1420 820 1544 872 fidem

103 875 297 917 dederat.
354 876 460 928 quod
490 875 646 928 quidem
678 876 718 915 in
745 889 891 917 annum
922 879 1006 916 875
1029 875 1116 915 Iud.
1136 878 1164 915 8
1191 876 1376 917 reiiciuut
1404 878 1547 917 Proto-

101 931 252 983 spatha
284 933 326 970 et
347 931 579 980 Anonymus
614 931 832 981 Barensis,
859 931 1028 983 proinde
1057 933 1149 982 post
1175 943 1380 972 excessum
1411 933 1544 972 Ludo-

101 986 184 1027 vici
222 985 500 1037 imperatoris,
532 985 598 1037 qui
625 987 847 1027 Ravennae
887 986 988 1026 obiit
1019 984 1085 1025 die
1115 988 1169 1025 13
1198 987 1346 1026 mensis
1373 987 1546 1040 Augusti

101 1053 208 1082 anno
237 1043 333 1080 874.

157 1093 161 1098 ’
211 1094 323 1136 Ibid.
347 1099 414 1135 20.
480 1092 674 1144 ἐγέλασα]
717 1107 819 1148 quae
853 1095 903 1134 de
938 1095 1111 1136 Soldani
1136 1096 1245 1146 risu,
1273 1100 1314 1135 et
1339 1100 1384 1136 ut
1410 1109 1436 1137 a
1462 1095 1544 1137 Ca-

103 1149 248 1203 puanis
278 1154 318 1190 et
352 1150 650 1191 Beneventanis
692 1151 919 1190 libertatem
957 1150 1126 1204 adeptus
1165 1151 1288 1191 fuerit
1327 1151 1544 1201 Soldanus,

101 1205 228 1245 tradit
256 1205 322 1245 hic
350 1209 392 1245 et
417 1206 460 1245 in
488 1205 556 1245 avi
570 1205 712 1245 Basilii
732 1206 816 1245 vita
832 1204 1218 1259 Porphyrogenitus‚
1251 1206 1389 1246 eadem
1418 1208 1544 1246 ferme

100 1260 308 1300 Cedrenus
336 1272 386 1300 ac
414 1260 599 1300 Zonaras
643 1264 827 1300 narrant.
900 1264 1075 1301 ceterum
1103 1261 1168 1301 his
1194 1261 1417 1301 consimilia
1446 1274 1543 1302 uar-

99 1319 247 1355 rantur
272 1327 298 1355 a
325 1314 629 1368 Theophylacto
649 1315 873 1356 Simocatta
900 1319 927 1355 6
956 1319 1008 1355 11
1039 1319 1080 1355 et
1106 1328 1132 1356 a
1161 1315 1409 1367 Theophane
1434 1329 1471 1356 a.
1489 1320 1542 1357 13

101 1369 288 1410 Mauricii
315 1369 584 1422 imperatoris,
612 1370 662 1410 de
689 1382 789 1423 rege
808 1369 980 1423 quodam
1010 1382 1036 1411 a
1051 1370 1231 1412 Sesostri
1250 1371 1543 1424 Aegypt-iorum

99 1436 201 1477 rege
230 1425 391 1476 captivo
422 1426 543 1465 facto.

209 1482 302 1529 133,
332 1483 396 1519 10.
466 1475 523 1529 μή
563 1474 760 1524 ἐάσαντες
802 1474 931 1517 αὐτὸν
976 1477 1193 1527 εἰσελθεῖν]
1233 1480 1372 1521 eadem
1416 1481 1542 1520 ferme

98 1539 272 1575 narrant
303 1534 508 1575 Cedrenus
546 1538 587 1573 et
625 1534 836 1582 Zonaras,
866 1534 938 1573 sed
965 1535 1228 1587 scriptoribus
1260 1535 1417 1576 Latinis
1458 1548 1538 1575 nou

99 1589 354 1639 conveniunt,
383 1589 450 1642 qui
479 1589 723 1629 Ludovicum
761 1589 965 1630 custodiae
997 1594 1092 1629 tunc
1118 1590 1385 1643 mancipatum
1414 1590 1539 1629 fuisse

97 1644 150 1684 ab
178 1643 374 1696 Adelgiso
401 1643 592 1683 scribunt.
650 1643 708 1684 ita
733 1656 856 1696 porro
885 1643 1194 1697 Erchempertus
1222 1657 1255 1685 c.
1275 1647 1351 1685 34:
1384 1643 1538 1699 quibus
1607 1657 1609 1664 ¹

95 1699 163 1740 ita
187 1700 380 1752 patratis
410 1698 551 1750 (capta
588 1698 742 1738 scilicet
763 1698 880 1748 Bari)
910 1697 1058 1740 videns
1099 1698 1298 1740 diabolus
1325 1711 1432 1740 suos
1459 1699 1538 1740 eli-

95 1755 254 1794 minari
286 1751 547 1806 Christoque
584 1754 787 1793 universa
830 1755 1090 1805 restaurari,
1120 1758 1163 1795 et
1190 1753 1345 1796 damna
1372 1752 1538 1805 inferni

95 1807 261 1859 dolens,
291 1820 372 1850 suo
400 1810 609 1848 instinctu
636 1812 870 1860 coeperunt
899 1806 1019 1849 Galli
1045 1811 1241 1860 yravz‘ter
1268 1807 1536 1850 Beneventa-

92 1874 176 1904 nos
203 1865 408 1917 persequi
437 1874 493 1902 ac
519 1861 758 1903 crudeliter
784 1875 962 1903 ventare.
1019 1875 1102 1917 qua
1130 1863 1183 1904 de
1211 1876 1261 1904 re
1290 1867 1334 1904 et
1362 1860 1537 1916 Adelyi-

94 1929 175 1959 sus
202 1920 410 1971 princeps
442 1917 788 1967 (Beneventanus)
826 1917 1037 1959 adversus
1072 1916 1364 1971 Lodo‘quicum
1395 1915 1537 1971 Auyu-

93 1976 208 2014 stum
237 1976 425 2023 erectus,
457 1983 553 2012 cum
579 1974 677 2013 suis
706 1969 940 2013 Beneventi
977 1970 1098 2024 infra
1125 1976 1292 2014 moenia
1321 1973 1537 2027 degentem

94 2038 152 2068 ac
178 2039 337 2068 secure
375 2029 685 2081 quiescentem,
716 2031 816 2067 astu
856 2026 1007 2068 doloso
1034 2031 1355 2070 sanctissimum
1385 2031 1534 2077 virum,

93 2082 359 2124 salvatorem
385 2081 562 2122 scilicet
591 2079 917 2122 Beneventanae
947 2084 1209 2134 provinciae,
1239 2086 1355 2136 cepit
1386 2087 1429 2126 et
1459 2095 1534 2123 cu·
1584 2108 1588 2114 ·

94 2137 254 2178 stodiis
281 2139 555 2190 mancipavit,
587 2135 777 2190 bonaque
794 2139 887 2177 eius
905 2136 1115 2189 diripiens
1132 2138 1296 2181 ditatus
1317 2142 1397 2187 est,
1431 2150 1532 2178 cun-

95 2195 274 2245 ctosque
303 2194 422 2232 viros
461 2191 733 2231 exercitales
771 2191 1012 2244 eaepoliavit
1050 2196 1094 2233 et
1131 2191 1285 2246 suffere
1314 2193 1532 2246 compulit.

94 2245 147 2286 iis
174 2259 352 2287 consona
377 2247 543 2286 tradunt
571 2247 654 2286 Leo
679 2246 874 2285 Ostiensis
907 2251 927 2286 1
958 2250 1012 2286 38
1041 2251 1080 2286 et
1112 2253 1252 2288 auctor
1279 2249 1459 2289 chronici
1488 2248 1531 2288 S.

94 2301 317 2350 Vincentii3
360 2302 429 2354 qui
470 2301 713 2341 Ludovicum
756 2301 963 2341 custodiae
1006 2303 1273 2354 mancipatum
1314 2303 1436 2343 fuisse
1479 2305 1530 2343 ab

93 2354 290 2408 Adelgiso
318 2360 506 2403 narrant;
549 2368 575 2396 a
619 2368 700 2408 qua
737 2356 895 2407 quidem
918 2356 1027 2396 iufra
1056 2359 1110 2397 40
1138 2357 1223 2397 dies
1251 2358 1531 2398 innumerabili

91 2410 391 2452 Saracenorum
419 2411 600 2450 exercitu
630 2411 681 2450 ab
710 2410 851 2450 Africa
889 2410 1130 2451 adveniente
1168 2412 1352 2453 dimissus
1385 2417 1459 2463 est,
1489 2418 1532 2452 ut

93 2465 235 2506 scribit
261 2465 343 2504 Leo
362 2465 570 2504 Ostiensis.
609 2469 654 2505 at
679 2465 853 2517 scriptor
872 2465 1085 2506 Annalium
1104 2467 1350 2507 Francorum
1378 2469 1534 2508 Meten-

91 2519 194 2560 sium
220 2531 308 2559 rem
333 2520 458 2572 paulo
486 2520 606 2559 aliter
633 2525 778 2559 narrat
793 2532 829 2559 a.
843 2523 947 2560 871:
976 2515 1213 2572 Adalqe'sus
1230 2524 1533 2575 imperatorem

92 2573 342 2619 destitutum
361 2585 535 2614 suorum
556 2573 719 2614 viribus
731 2586 916 2615 cernens
934 2575 1174 2617 iamdudum
1184 2581 1437 2631 conceptam
1451 2579 1532 2618 ini„

91 2631 300 2682 quitatem
325 2630 527 2683 parturit,
555 2633 598 2669 et
627 2641 723 2669 cum
750 2632 844 2670 suis
862 2628 1110 2681 fautoribus
1128 2631 1350 2684 palatium,
1380 2635 1425 2672 in
1453 2644 1535 2686 quo

92 2685 333 2739 imperator
363 2683 542 2726 meridie
569 2682 842 2738 quiescebat,
883 2696 1100 2739 occupare
1128 2688 1292 2729 nititur.
1350 2689 1534 2741 impera-
