1780 3132
296 154 367 194 DE
404 149 850 195 ADMINISTRANDO
893 152 1117 195 IMPERIO
1155 151 1272 196 CAP.
1316 159 1383 199 29,
1477 150 1567 196 105

133 269 207 310 ρον
233 255 304 295 καί
328 252 547 307 α’νειμένην
564 249 765 307 εὑρόντες,
791 251 965 307 μηδενὸς
990 252 1289 307 ἀνταιρομένου
1322 247 1349 308 ἢ
1375 252 1570 306 μαχομέ-

134 335 208 362 νου
234 317 384 373 ταύτην
411 319 662 371 παρέλαβον,
692 319 764 359 καί
791 320 1088 374 διακρατοῢσιν
1120 318 1198 368 ἕως
1224 320 1296 373 τῆς
1323 316 1517 374 σήμερον.

248 381 330 426 Τόν
361 383 407 425 δὲ
438 381 604 425 odam&
642 383 881 436 διαδέχεται
921 383 943 424 ὄ
973 382 1200 440 Σολεημάν,
1237 386 1310 426 καί
1335 389 1483 439 κρατεῖ
1506 381 1574 438 ἔτη

135 451 246 504 τρία.
305 447 376 491 ἐπὶ
401 448 533 505 τούτῳ
562 448 862 500 ἐπεστράτευσε
887 448 1137 503 Μάσαλμας
1162 450 1182 490 ὁ
1212 449 1439 504 στρατηγὸς
1467 452 1576 490 Σου-

102 513 293 571 5λεημάν
320 512 424 567 μετὰ
455 517 639 568 στρατοῦ
670 513 739 555 διὰ
770 517 911 569 ξηροῖς,
944 510 1144 570 Οὕμαρος
1183 518 1229 557 δὲ
1259 514 1330 556 διὰ
1359 516 1578 569 θαλάττης,

137 583 212 622 καί
235 583 284 637 τῇ
312 581 388 621 τοῦ
415 581 519 621 θεοῦ
548 582 764 636 συνεργεία
793 575 998 634 ἄπρακτοι
1031 583 1120 633 μετ’
1152 580 1353 635 αἰσχύνης
1380 581 1580 634 ὑπέστρε-

135 657 240 699 ψαν.
295 645 367 688 τὸν
396 647 443 688 δὲ
470 644 714 700 Σουλεημάν
757 647 994 700 διαδέχεται
1036 642 1208 701 Οὕμαρ,
1241 647 1313 688 καί
1343 652 1492 700 κρατεῖ
1511 646 1582 700 τῆς

135 713 222 754 τῶν
259 710 449 766 Ἀράβων
491 710 625 764 ἀρχῆς
664 708 736 765 ἔτη
777 709 869 752 δύο.
932 712 1006 754 τὸν
1044 714 1091 754 δὲ
1135 709 1288 767 Οὕμαρ
1340 713 1583 773 διαδέχεται

131 774 286 833 Ἀζὴδ,
314 778 387 819 καί
411 781 560 831 κρατεῖ·
581 776 650 830 τῆς
677 777 812 831 α’ρχῆς
842 778 913 819 ἐπὶ
954 776 1176 827 ένιαυτοὺς
1209 779 1427 832 τέσσαρας.
1482 777 1584 818 τοῦ-

84 847 208 886 1οτον
237 844 284 885 δὲ
314 843 554 896 διαδέχεται
580 840 713 895 Ἰσάμ,
744 841 816 883 καί
844 849 994 896 κρατεῖ
1014 845 1086 897 τῆς
1120 843 1257 898 ἀρχῆς
1289 842 1360 898 ἔτη
1391 840 1460 885 ιθ’.
1490 840 1585 884 τοὺ..

137 924 213 952 του
241 906 556 963 τελευτήσαντος
583 913 734 962 κρατεῖ
754 910 828 963 τῆς
855 909 987 965 ἀρχῆς
1005 908 1227 965 Μαρούαμ
1257 908 1327 966 ἔτη
1359 911 1417 960 ἓξ.
1481 912 1586 952 Μα-

137 974 278 1030 ρούαμ
306 975 352 1016 δὲ
390 972 706 1028 τελευτήσαντος
752 973 956 1028 Ἀβὸελάς
995 977 1067 1031 τῆς
1110 977 1193 1017 τῶν
1224 971 1425 1030 Ἀράβων
1453 975 1588 1030 ἀρχῆς

138 1039 280 1097 κύριος
317 1042 495 1094 γίνεται,
529 1039 602 1082 καί
634 1046 779 1094 κρατεῖ
813 1039 884 1095 ἔτη
922 1040 1000 1083 κα’.
1068 1040 1218 1084 τούτου
1266 1042 1587 1096 τελευτήσαντος

99 1157 103 1161 ,
142 1108 291 1157 Μαδίς
326 1105 512 1161 α’ρχηγὸς
535 1105 728 1160 Ἀράβων
768 1108 947 1161 γίνεται,
974 1108 1048 1148 καί
1073 1113 1221 1162 κρατεῖ
1243 1110 1318 1162 τῆς
1348 1108 1485 1162 α’ρχῆς
1513 1105 1587 1161 ἔτη

87 1175 130 1210 15
142 1175 272 1216 ἐννέα.
325 1172 471 1214 τούτου
500 1170 793 1225 παρελθόντος,
815 1172 983 1226 Ἀαρών
1021 1176 1094 1226 τῆς
1120 1175 1203 1215 ταῖν
1225 1170 1423 1226 Ἀράβων
1453 1174 1588 1228 ἀρχῆς

139 1237 284 1292 κύριος
307 1239 486 1292 γίνεται,
513 1236 587 1279 καὶ
618 1244 768 1292 κρατεῖ
797 1240 868 1292 τῆς
892 1238 1029 1293 ἀρχῆς
1063 1238 1131 1293 ἔτη
1165 1238 1236 1292 κγ’.
1291 1241 1336 1281 έν
1365 1237 1499 1295 τούτῳ
1529 1238 1586 1296 τῷ

140 1304 294 1361 χρόνῳ,
323 1299 451 1358 ἤγουν
489 1305 560 1357 τῆς
583 1306 664 1344 τῶν
691 1303 910 1356 Ῥωμαίων
930 1305 1067 1358 α’ρχῆς
1097 1310 1116 1327 *
1148 1305 1328 1359 Εἰρήνης
1357 1306 1430 1346 καί
1454 1305 1622 1346 Κῶν-Ρ
1644 1305 1691 1342 76

139 1384 334 1423 σταντος,
374 1369 464 1419 ἔτος
492 1368 574 1410 ἀπὸ
619 1372 788 1418 κτίσεως
829 1369 987 1423 κόσμου
1018 1371 1158 1431 ,ςσπηᾎ
1213 1372 1272 1428 τῷ
1302 1372 1336 1411 δ’
1364 1371 1474 1426 αὐτῷ
1503 1368 1588 1412 ἔτει

141 1434 307 1491 Ἀαρών
343 1433 366 1476 ὅ
391 1435 475 1476 τῶν
505 1433 698 1489 Ἀράβων
734 1432 920 1490 ἀρχηγὸς
957 1439 1156 1490 τέθνηκεν
1183 1438 1243 1485 εἷς
1269 1435 1346 1490 τήν
1371 1437 1591 1490 ένδοτέραν

84 1506 132 1542 20
144 1502 340 1555 Περσίδα
370 1499 442 1555 τὴν
466 1502 725 1555 καλουμένην
747 1499 979 1554 Χωρασὰν,
1010 1502 1080 1543 καὶ
1112 1503 1323 1552 διεδέξατο
1353 1501 1429 1556 τήν
1457 1500 1594 1556 α’ρχήν

142 1563 338 1620 ΙΠοιέμεθ
377 1563 399 1607 ὅ
433 1564 525 1615 υὶὸς
554 1567 713 1619 αὐτοῦ,
744 1565 889 1622 α’φυὴς
915 1566 1018 1609 κατὰ
1046 1569 1180 1608 πάντα
1211 1567 1283 1608 καί
1311 1567 1594 1622 α’συνοίρτηιος

142 1630 374 1688 ὑπάρχων·
427 1631 532 1686 πρὸς
561 1630 609 1674 ὃν
637 1632 838 1686 Ἀβδελάς
868 1632 890 1674 ὅ
920 1633 1106 1690 ἀδελφὸς
1135 1635 1271 1676 αὐτοῦ
1286 1632 1520 1683 στασιάσας
1547 1635 1594 1676 ἐκ

237 1769 281 1803 12
302 1767 477 1813 Ἀβδελιές
499 1781 554 1808 τις
575 1768 650 1804 τῶν
671 1769 777 1814 vulgo
897 1767 940 1802 14
973 1769 1107 1812 Μὰδης
1129 1768 1167 1802 Μ
1291 1769 1332 1802 15
1370 1767 1517 1814 Ἀαρων
1540 1779 1596 1806 τις

234 1816 342 1859 VUlgo
477 1816 517 1849 17
543 1814 658 1862 ἤγουν
686 1816 804 1863 ,ςσπη’
830 1816 891 1859 τῆς
916 1816 955 1849 Μ
1085 1816 1131 1851 20
1156 1816 1334 1862 Περσίδα
1366 1809 1428 1850 διὰ
1466 1813 1532 1859 τὴν
1558 1815 1598 1849 Μ

236 1863 280 1896 21
311 1861 581 1908 ἀσυγάρτιστος
603 1863 709 1908 vulgo

145 1985 287 2015 vacuam
325 1975 572 2018 invenientes,
600 1977 743 2010 nemine
776 1976 974 2011 obsistente
1002 1977 1101 2010 illam
1125 1977 1279 2011 dicionis
1303 1988 1390 2011 suae
1415 1975 1594 2017 feceruut,

147 2027 186 2055 et
210 2021 256 2055 ad
280 2021 349 2055 hoc
376 2034 488 2068 usque
514 2029 652 2069 tempus
677 2029 865 2069 occupant.
1620 2054 1624 2058 .

239 2068 348 2102 Valid
372 2076 490 2103 autem
516 2071 649 2116 excipit
665 2071 867 2112 Suleeman,
894 2076 930 2104 et
954 2071 1109 2104 triennio
1131 2071 1294 2115 imperat.
1342 2069 1411 2103 hoc
1432 2070 1596 2115 principe

149 2115 340 2149 Masalmas
367 2116 440 2150 dux
464 2117 669 2151 Suleemani
694 2123 878 2151 terrestres
902 2118 1036 2162 copias,
1061 2120 1209 2151 Umarus
1229 2129 1313 2152 vero
1338 2118 1483 2150 classem
1508 2128 1599 2150 con-

149 2168 204 2196 tra
234 2162 356 2196 urbem
382 2163 583 2206 duxeruut,
613 2164 754 2211 deoque
780 2165 984 2210 opitulante
1013 2176 1050 2197 re
1075 2165 1211 2198 infecta
1234 2175 1312 2198 cum
1339 2164 1515 2198 dedecore
1540 2174 1599 2197 re-

148 2209 241 2242 versi
265 2215 358 2243 sunt.
408 2210 658 2245 Suleemanum
684 2212 819 2257 excipit
842 2214 966 2251 Umar,
994 2212 1056 2256 qui
1083 2211 1239 2245 Arabum
1269 2212 1506 2256 principatum
1532 2221 1599 2244 an-

149 2257 206 2288 nis
234 2255 374 2290 duobus
403 2259 534 2292 tenuit.
585 2260 714 2292 Umaro
752 2258 911 2292 succedit
941 2258 1062 2300 Azed,
1100 2264 1138 2291 et
1174 2257 1414 2304 quadriennio
1451 2263 1600 2303 regnat3

149 2302 236 2335 huic
259 2305 363 2344 Isam,
389 2305 450 2349 qui
475 2305 578 2338 annis
600 2305 845 2339 novemdecim
872 2305 1059 2350 imperium
1078 2311 1190 2339 tenet.
1240 2305 1309 2338 hoc
1328 2305 1500 2338 defuncto
1521 2305 1602 2337 Ma-

151 2360 250 2382 ruam
274 2350 377 2383 :mnis
415 2362 476 2384 sex
510 2353 748 2397 principatum
778 2353 896 2397 gessit.
946 2358 1086 2385 mortuo
1111 2353 1272 2385 Maruam
1300 2352 1487 2398 imperium
1512 2352 1602 2384 Ara—

150 2395 237 2428 bum
262 2397 396 2441 excipit
421 2398 576 2431 Abdelas
600 2399 745 2445 quidam
761 2425 770 2439 ‚
814 2400 875 2444 qui
904 2399 1006 2431 annis
1030 2399 1158 2443 viginti
1186 2411 1257 2433 uno
1294 2399 1469 2443 regnavit.
1519 2403 1603 2443 post

149 2443 250 2475 euius
279 2443 416 2476 obitum
442 2445 597 2478 Arabum
630 2447 870 2491 principatum
904 2446 1058 2491 capessit
1082 2446 1219 2487 Madis‚
1255 2452 1293 2480 et
1332 2451 1458 2490 regnat
1490 2457 1603 2478 annos

151 2500 292 2522 novem.
342 2489 436 2523 bunc
461 2493 601 2537 excepit
626 2495 763 2532 Aaron,
807 2493 868 2537 qui
894 2492 1064 2525 Arabicae
1091 2493 1244 2526 dicionis
1273 2493 1462 2538 imperium
1490 2503 1604 2525 annos

151 2536 280 2580 viginti
306 2542 375 2570 tres
403 2540 600 2584 occupavit.
648 2539 717 2572 hoc
743 2546 927 2584 tempore,
954 2539 1122 2573 videlicet
1148 2540 1411 2584 imperantibus
1437 2541 1541 2573 Irene
1568 2544 1607 2572 et

151 2582 410 2624 Constantino,
441 2595 535 2618 anno
575 2586 620 2619 ab
660 2586 748 2620 orbe
784 2586 929 2619 condito
954 2587 1059 2620 6288.
1092 2585 1220 2620 eodem
1257 2588 1335 2632 ipso
1363 2598 1458 2620 anno
1485 2587 1606 2619 Aaron

153 2629 307 2662 Arabum
333 2631 499 2676 princeps
527 2633 565 2666 in
589 2634 760 2667 interiore
786 2634 925 2672 Persia,
963 2632 1144 2667 Chorasan
1179 2640 1406 2678 nuncupata,
1443 2638 1606 2666 mortuus

154 2682 231 2718 est3
265 2677 524 2724 imperiumque
557 2681 714 2725 suscepit
750 2679 934 2713 Mahomet
973 2680 1068 2714 filius
1109 2681 1215 2722 eius,
1251 2681 1347 2714 iners
1387 2686 1424 2714 et
1461 2681 1608 2724 ineptus

154 2723 329 2765 omnino,
354 2730 477 2760 contra
513 2738 620 2772 quem
653 2727 811 2762 Abdelas
838 2727 914 2762 eius
941 2727 1050 2762 frater
1075 2727 1253 2762 seditione
1278 2733 1387 2770 mota,
1414 2738 1457 2761 ex
1482 2726 1607 2760 eadem
