1780 3132
281 139 375 187 476
804 151 1149 194 WESSELlNGn

386 261 479 310 395,
508 265 570 302 18.
651 257 934 315 Κορακήσιον]
969 263 1088 303 situm
1124 266 1212 303 erat
1251 263 1292 303 in
1327 276 1425 304 saxo
1462 270 1688 318 praerupto,

286 312 379 352 olim
420 315 584 355 Ciliciae
627 327 795 366 asperae
836 316 986 356 initium
1032 317 1137 369 apud
1175 317 1414 358 Strabonem
1457 323 1508 360 14
1538 333 1575 372 p.
1590 324 1683 361 668.

279 366 521 408 Matidianus
545 368 808 418 Κορακισίων
838 374 898 408 est
924 371 963 410 in
989 370 1187 422 Ephesino
1216 384 1254 422 p.
1273 373 1366 420 438,
1384 372 1533 424 quicum
1561 386 1687 426 paene

277 422 481 472 conspirat
509 421 781 472 Κορακησίων
810 435 947 463 numus
967 425 1086 464 Thes.
1112 425 1267 464 Britan.
1297 429 1388 464 tom.
1422 429 1448 467 2
1476 440 1513 478 p.
1539 432 1631 468 282.

386 485 493 525 Ibid.
548 482 728 536 Σύεδρα]
759 487 954 528 desertum
974 489 1137 529 Ciliciae
1164 489 1364 541 scopulum
1378 490 1520 530 Florus
1548 492 1684 533 aSal-

276 541 401 580 masio
431 540 657 579 emendatus
685 543 710 579 4
737 545 774 589 2,
817 543 1001 582 Lucanus
1029 556 1157 595 parva
1183 543 1338 583 Suedra
1365 546 1515 593 8259,
1540 546 1591 586 ab
1618 558 1684 586 eo-

275 593 363 632 dem
394 593 555 633 sanitati
605 594 833 644 restitutus,
872 598 1068 647 appellat:
1104 597 1197 637 olim
1235 596 1428 645 synedris
1463 598 1684 651 legebatur,

275 658 440 697 prorsus
466 651 509 686 ut
550 647 716 689 Coislin.
742 661 821 688 mss
850 662 901 689 ex
930 650 1087 690 Suedra
1124 650 1337 690 Ptolemaei
1365 649 1573 701 Συνέδρων
1599 655 1685 693 5'8

275 701 381 741 fecit.
436 701 527 741 vide
553 701 595 741 in
623 701 748 742 Solin.
778 716 816 754 p.
830 705 932 753 542,
963 709 1003 744 et
1029 705 1188 744 Kuster.
1219 705 1270 744 ad
1299 704 1446 744 Suidae
1473 701 1686 751 Αἰλιανός.

385 763 491 805 Ibid.
549 762 761 815 Καραλιά]
795 764 1008 817 Κάραλλις
1034 762 1064 818 ἢ
1081 764 1319 818 Καράλλεια
1348 768 1564 820 Stephano.
1593 782 1689 810 con-

275 819 358 858 cilii
384 819 573 871 Ephesini
592 820 702 859 Actis
732 821 860 860 adfuit
887 821 1013 862 Solon
1045 820 1297 871 Καραλλιάς,
1322 826 1470 874 p.438,
1497 827 1537 862 et
1560 823 1684 863 chal·

273 874 410 912 cedon.
435 887 473 925 p.
489 877 570 913 672
596 874 824 914 Marcianus
865 872 1020 920 πόλεως
1051 875 1293 924 Καραλλίας
1319 876 1465 916 rectius
1492 876 1686 919 Constan-

275 929 399 978 tinop.
431 928 550 967 tertio
574 927 645 977 τῆς
663 927 915 978 Καραλλέων
936 927 1091 973 πόλεως
1115 928 1186 978 τῆς
1202 928 1468 980 Παμφυλίου
1485 928 1686 979 ἐπαρχίας

277 994 314 1032 p.
336 983 430 1020 503.
485 982 579 1022 vide
609 982 736 1023 Holst.
769 981 808 1021 in
833 982 1088 1033 Stephanum,
1118 988 1157 1021 et
1183 982 1334 1033 gentile
1358 983 1433 1022 hoc
1459 995 1485 1022 a
1515 982 1686 1032 Κάραλ-

274 1036 337 1080 λις
365 1035 585 1075 derivatum
614 1041 731 1088 atque
759 1036 810 1075 ab
842 1036 1170 1089 Ethnicographo
1197 1037 1418 1087 neglectum
1445 1037 1631 1078 observa.

380 1098 489 1140 [bid.
540 1093 808 1149 Ὀλύβρασος]
841 1096 1143 1150 Κορυβρασσὸς
1173 1112 1267 1139 vere
1295 1101 1548 1150 Hohteinius,
1580 1102 1688 1150 cuius
1746 1142 1748 1145 ,

274 1155 447 1210 praesul,
476 1154 526 1194 ab
555 1154 690 1194 eodem
716 1155 941 1206 appellatus
969 1155 1010 1195 in
1044 1155 1145 1194 hanc
1172 1166 1268 1203 rem,
1282 1155 1423 1198 Nesius
1439 1155 1685 1205 Κορυβρωσ-

273 1207 351 1245 σοῦ
379 1208 524 1259 Ephes.
551 1208 690 1248 concil.
720 1221 762 1260 p.
779 1212 881 1259 438,
909 1220 1117 1261 perperam
1147 1220 1243 1248 vero
1271 1208 1341 1259 τῆς
1372 1204 1474 1246 κατὰ
1498 1208 1688 1259 Κορυβο-

274 1257 402 1313 σύνην
431 1260 643 1311 ἐκκλησίας
672 1275 710 1313 p.
726 1264 822 1302 529.

379 1325 486 1366 [bid.
517 1331 582 1366 20.
645 1323 724 1364 ὑπὸ
767 1322 1073 1377 κονσουλάριον]
1119 1327 1293 1379 praesidi
1333 1325 1494 1376 Lyciam
1538 1325 1687 1367 Notitia

272 1380 366 1431 imp.
399 1381 549 1421 Orient..
586 1393 619 1420 c.
650 1384 673 1420 1
703 1381 882 1430 subiicit,
921 1385 1057 1433 estque
1092 1381 1132 1421 in
1173 1381 1284 1421 Actis
1323 1381 1366 1420 S.
1396 1379 1553 1420 Claudii
1581 1381 1685 1432 apud

270 1434 451 1474 Ruinart.
481 1448 521 1486 p.
539 1437 620 1473 866
647 1435 788 1483 Lysias
817 1446 979 1486 praeses
1007 1435 1236 1485 provinciae
1260 1434 1428 1484 Lyciae3
1460 1433 1526 1486 qui
1554 1437 1685 1474 tamen

269 1500 350 1527 non
377 1487 467 1527 huic
489 1488 559 1527 sed
592 1487 768 1537 Ciliciae,
799 1488 983 1540 quoniam
1010 1488 1051 1527 in
1069 1489 1231 1529 civitate
1258 1488 1396 1540 Aegea
1420 1491 1683 1527 commoratus

270 1541 425 1591 dicitur,
453 1542 674 1594 praefuisse
703 1543 871 1592 videtur,
898 1546 942 1581 ut
969 1542 1068 1581 hene
1089 1542 1152 1581 vir
1181 1543 1331 1582 doctus.
1385 1541 1556 1581 iunctam
1570 1542 1684 1581 Pam-

270 1595 432 1647 phyliae
457 1596 591 1648 paullo
621 1599 714 1636 ante
745 1595 1053 1636 observavimus.
1110 1596 1262 1636 Malaia
1279 1601 1372 1636 tom.
1393 1599 1419 1634 2
1461 1599 1570 1646 p.69
1600 1596 1682 1644 Ly-

271 1649 437 1689 caoniae
462 1650 555 1689 olim
584 1661 814 1699 connexam,
842 1649 911 1688 sed
931 1662 956 1688 a
979 1649 1205 1689 Theodosio
1238 1650 1408 1689 secundo
1433 1649 1525 1688 inde
1550 1649 1682 1688 ‹livul-

270 1715 355 1743 sam
384 1716 432 1742 ac
451 1703 695 1754 provinciam
710 1715 796 1742 esse
822 1704 980 1752 factam,
1012 1704 1187 1752 Myrensi
1213 1704 1311 1743 urbe
1338 1703 1390 1742 ad
1418 1703 1681 1754 metropoleos

271 1757 507 1809 dignitatem
548 1762 758 1808 provecta,
796 1757 1004 1805 adfirmat;
1043 1757 1147 1809 quod
1174 1757 1208 1797 si
1247 1769 1384 1796 verum
1407 1761 1479 1806 est,
1506 1757 1683 1796 fortasse

270 1810 421 1851 ultimis
448 1811 663 1851 Theodosii
698 1810 815 1863 primi
841 1811 1091 1862 imperatoris
1129 1811 1243 1851 armis
1271 1810 1497 1860 Lycaoniae
1523 1814 1584 1849 est
1612 1810 1683 1850 ad-

271 1865 396 1905 iecta:
424 1869 506 1905 tum
535 1865 637 1906 enim
654 1865 799 1914 Lyciae
830 1865 968 1917 gravis
995 1865 1128 1904 inusta
1155 1870 1251 1904 nota
1281 1868 1353 1914 est,
1380 1863 1685 1916 permissumque

271 1924 315 1958 ut
339 1919 604 1971 provinciales
637 1919 916 1959 contumelioso
946 1919 1102 1959 nomine
1131 1920 1448 1959 vulnerarentur.
1504 1929 1576 1957 nec
1595 1930 1681 1957 cum

273 1974 444 2013 veritate
470 1977 601 2014 tamen
630 1974 871 2020 consentiet,
915 1984 940 2011 a
967 1973 1192 2013 Theodosio
1234 1973 1387 2012 iuniore
1412 1971 1574 2020 Lyciam
1602 1971 1684 2022 pri-

272 2028 380 2066 stina
408 2027 498 2067 iura
527 2028 783 2079 reciperasse,
811 2026 1002 2078 siquidem
1029 2027 1200 2078 priorem
1227 2027 1286 2066 illi
1316 2027 1461 2065 famam
1485 2025 1684 2064 meritum-

272 2093 348 2132 que
376 2081 481 2120 inter
519 2086 672 2122 ceteras
707 2081 894 2121 renovari
935 2085 1171 2120 censuerunt
1207 2080 1466 2131 imperatores
1493 2079 1688 2118 Arcadius

273 2140 312 2173 et
338 2135 534 2175 Honorius
564 2135 606 2175 in
635 2137 662 2175 l.
689 2140 717 2175 9
743 2148 778 2174 c.
824 2135 898 2175 Th.
930 2135 979 2174 de
1006 2135 1225 2186 indulgent.
1257 2134 1410 2173 ‘crimin-
1466 2134 1571 2172 forte
1604 2144 1688 2171 rem

273 2190 437 2228 eandem
465 2190 633 2241 repetita
671 2190 762 2242 lege
789 2188 1036 2229 Theodosius
1077 2188 1270 2227 secundus
1298 2187 1435 2238 iussit,
1477 2197 1687 2239 eorumque

273 2243 571 2284 scribendorum
600 2244 775 2283 Malalae
803 2243 1046 2282 occasionem
1073 2243 1266 2294 praebuit.

383 2306 490 2348 Ibid.
547 2304 686 2352 πόλεις
713 2304 800 2354 MC]
831 2307 981 2346 Plinius
1021 2308 1067 2346 N.
1098 2307 1148 2347 11.
1178 2309 1206 2346 5
1233 2309 1284 2345 27
1317 2319 1388 2345 suo
1415 2308 1590 2356 tempore
1618 2316 1687 2355 op-

273 2361 370 2412 pida
398 2366 453 2401 36
479 2362 641 2410 Lyciam
681 2362 850 2411 habere,
881 2361 1028 2401 Strabo
1066 2364 1117 2400 14
1146 2374 1182 2412 p.
1197 2363 1278 2400 (364
1315 2371 1516 2399 commune
1543 2357 1685 2407 Lycia-¹

274 2427 361 2454 cum
390 2412 432 2453 τό
462 2412 675 2453 Λυκιακὸν
701 2412 894 2466 σύστημα
924 2427 975 2455 ex
1003 2419 1057 2455 23
1085 2415 1311 2454 civitatibus
1338 2414 1463 2453 fuisse
1489 2411 1682 2463 composi-

275 2473 369 2517 tum,
397 2470 437 2508 in
464 2481 540 2521 quo
577 2470 818 2518 Lyciarches
864 2469 1010 2520 aliique
1049 2469 1309 2521 magistratus
1353 2470 1595 2515 crearentur,
1622 2476 1686 2503 re-

275 2524 368 2563 fert.
425 2523 498 2562 hoc
519 2524 606 2562 loco
622 2536 805 2563 numerus
827 2525 1025 2575 catalogo,
1046 2524 1110 2575 qui
1131 2535 1224 2562 mox
1244 2525 1441 2573 sequetur,
1470 2520 1598 2561 maior
1614 2522 1685 2558 est.

385 2575 491 2617 llud.
521 2581 586 2615 21.
648 2573 860 2628 Φασύδης]
898 2578 976 2616 imo
1019 2574 1215 2626 Φασηλίς,
1243 2576 1283 2615 in
1311 2574 1452 2615 finibus
1476 2573 1620 2622 Lyciae
1648 2576 1686 2610 et

277 2631 535 2684 Pamphyliae
564 2630 693 2682 posita
732 2632 836 2683 apud
865 2632 1102 2674 Strabonem
1127 2633 1179 2671 14
1216 2643 1253 2681 p.
1273 2633 1365 2670 667.
1423 2629 1472 2670 de
1500 2626 1686 2676 embra,
