1780 3132
278 133 373 182 440
779 147 1119 186 WESSEmNGn
1146 163 1150 169 ·

275 253 447 292 lemaeus
466 257 504 293 et
521 253 757 305 Stephanus,
772 254 922 306 Scylax
935 257 1086 306 Lydiae
1103 257 1209 298 circa
1223 258 1465 311 Magnesiam
1482 258 1674 311 attribuit,

275 318 491 357 cognomen
520 314 618 346 erat.
647 307 804 348 Soticus
829 306 979 355 πόλεως
1005 309 1169 355 Ἀναίας
1196 311 1298 352 inter
1324 313 1442 354 Asiae
1472 318 1676 367 episcopos

275 360 585 399 Chalcedonensi
613 362 778 401 concilio
807 375 843 413 p.
861 367 942 402 675
971 364 1199 414 subscribit,
1243 368 1408 406 concilio
1438 381 1532 410 vero
1567 369 1676 421 Cpo—

273 414 397 452 litano
439 414 555 452 tertio
585 427 625 465 p.
654 419 734 453 666
764 417 929 455 loannes
975 416 1189 462 ἐπίσκοπος
1215 417 1360 456 Ἀνέων
1386 420 1456 470 τῆς
1481 421 1676 461 Ἀσιανῶν

273 465 496 516 ἐπαρχίας,
538 467 603 519 qui
643 464 681 519 ΡΣ
707 471 788 508 500
815 469 886 519 τῆς
924 469 1120 508 Ἀνεαταῖν
1155 469 1308 516 πόλεως
1344 473 1497 515 dicitur.
1551 489 1674 527 prave

274 531 373 568 ergo
400 520 440 557 in
481 522 648 560 concilio
687 522 828 573 Ephes.
857 536 896 574 p.
925 526 1005 563 465
1041 524 1243 563 Modestus
1276 526 1403 566 fertur
1431 527 1503 578 τῆς
1523 526 1673 568 Ἀνέων

272 568 428 616 πόλεως
466 573 536 622 τῆς
566 574 751 625 Φρυγίας
788 579 827 615 et
853 590 890 628 p.
919 579 999 616 527
1025 576 1094 625 τῆς
1125 577 1294 615 Nemean»
1319 576 1475 625 πόλεως
1501 584 1673 633 praesul.

272 625 378 676 apud
406 625 650 677 Stephanum
678 630 827 681 gentile
867 643 1006 670 nomen
1036 635 1096 669 est
1120 623 1285 674 Ἀναῖος
1315 636 1356 671 et
1384 631 1594 686 Ἀναῖϊης,
1620 637 1673 677 ad

276 691 392 731 quam
422 680 586 720 formam
618 694 666 721 ea
693 695 794 734 quae
819 684 986 734 produxi
1024 683 1143 724 facile
1159 685 1422 737 corrigentur.

379 747 472 792 393,
499 748 565 784 23.
621 745 844 796 Illaymym'a
861 743 1101 799 Medmpov]
1131 748 1255 787 numis
1277 746 1497 800 Μαγνησιά
1520 746 1546 798 ἦ
1572 750 1674 802 πρὸς

273 794 329 847 τῷ
356 792 603 850 ΙΙΙαιὰνδρῳ,
631 801 797 839 concilio
826 800 1033 851 Cpolitano
1063 802 1180 840 tertio
1219 814 1255 852 p.
1280 807 1361 842 666
1390 801 1621 854 Μαγνήτων
1648 803 1673 855 ἧ

273 850 786 901 Πρωτομαιανόρούπολις.
855 854 994 893 aberat
1029 855 1133 894 haud
1168 856 1326 895 multum
1358 857 1527 908 Epheso.
1582 859 1672 897 vide

272 903 418 942 Ezech.
453 904 731 956 spanhemium
760 906 925 947 Dissert.
955 912 983 947 9
1022 909 1071 946 de
1111 909 1190 948 Usu
1234 914 1272 947 et
1307 910 1456 950 Praest.
1486 911 1670 952 Numism.

271 968 298 1008 P
380 1009 487 1052 Ibid.
548 1009 763 1066 Τράλλεις]
792 1026 915 1065 neque
942 1014 1041 1053 haec
1074 1014 1194 1066 longe
1221 1015 1377 1067 Epheso
1405 1021 1556 1057 remota
1583 1019 1672 1058 fuit.

271 1066 435 1104 oracula
461 1078 561 1117 quae
585 1067 764 1115 Sibyllae
802 1072 963 1118 accepta
1000 1069 1198 1118 feruntur,
1235 1070 1262 1108 1.
1291 1073 1340 1109 3:
1370 1066 1541 1119 Τράλλις
1578 1070 1617 1109 δ’
1645 1066 1672 1123 ἦ

269 1116 413 1165 γείτων
437 1116 608 1169 Ἐφέσου
646 1122 799 1173 σεισμῷ
830 1116 1047 1158 καταλύσει
1080 1120 1230 1170 τείχεα.
1260 1123 1415 1162 dubium
1442 1128 1569 1164 autem
1600 1130 1672 1175 est,
1744 1127 1747 1130 ⁴

271 1172 443 1211 fueritne
458 1173 678 1213 Maeandro
707 1175 921 1214 adstructa.
961 1174 1184 1226 Stephanus
1213 1176 1417 1217 adfirmat:
1445 1179 1674 1230 negantium

270 1225 454 1275 partibus
482 1226 630 1266 Strabo
658 1229 809 1268 accedit
846 1230 872 1267 l.
896 1231 954 1266 14-
974 1241 1010 1279 Ρ.
1037 1231 1140 1277 648;
1180 1229 1240 1268 cui
1269 1230 1476 1270 Whelerus
1517 1244 1671 1272 numum

276 1278 684 1318 ΤΡΑΛΛΙΑΝΩΝ
710 1283 865 1321 nomine
894 1281 1120 1333 inscriptum
1149 1285 1188 1321 et
1214 1283 1338 1323 amnis
1365 1284 1533 1335 figuram
1551 1297 1672 1337 prae-

272 1332 463 1371 ferentem
495 1334 631 1372 Itiner.
663 1348 701 1385 p.
725 1339 804 1375 288
843 1336 1015 1387 opponit.
1083 1347 1154 1374 nec
1191 1335 1224 1374 is
1254 1340 1384 1376 tamen
1413 1338 1532 1377 fluvio
1560 1352 1674 1379 accu-

271 1385 404 1424 buisse
433 1387 650 1427 Maeandro
679 1390 918 1438 probaverit,
945 1394 1024 1427 tum
1050 1390 1152 1440 qnod
1178 1390 1283 1429 numi
1311 1391 1475 1431 subinde
1502 1391 1672 1441 fluvium,

272 1439 336 1490 qui
363 1440 472 1479 urbis
492 1453 631 1492 agrum
659 1443 778 1490 radit,
805 1446 1013 1490 ostentent,
1042 1447 1084 1480 ut
1097 1443 1366 1483 Nicaeensium
1392 1445 1674 1498 amneSagari

271 1492 462 1544 insignes,
491 1498 573 1533 tum
602 1495 770 1534 maxime
797 1497 899 1547 quod
930 1495 1034 1534 nunni
1064 1496 1146 1534 eius
1173 1495 1313 1535 flumen
1340 1498 1464 1548 possit
1492 1511 1578 1538 esse
1592 1500 1672 1539 Eu-

271 1546 364 1594 don,
393 1559 504 1598 quem
531 1548 639 1587 circa
670 1549 968 1590 Trallianorum
1000 1549 1134 1588 urbem
1171 1549 1383 1590 defluxisse
1410 1551 1671 1606 Etymologus

271 1612 357 1638 cum
386 1600 512 1640 Plinio
542 1602 668 1640 docet.

381 1653 486 1693 Ibid.
545 1650 709 1701 Νύσσα]
739 1651 861 1693 Nica
889 1655 1077 1696 Straboni
1105 1658 1222 1707 atque
1251 1656 1352 1695 aliis.
1406 1656 1516 1698 Actis
1544 1661 1673 1700 conci-

271 1706 316 1746 lii
347 1706 535 1757 Ephesini
563 1721 602 1758 p.
624 1711 704 1747 527
728 1709 952 1749 “subscribit
990 1709 1215 1748 Theodotus
1245 1709 1449 1761 episcopus
1485 1710 1672 1764 Μνάσης,

272 1760 338 1811 qni
368 1758 511 1810 Νύσης
540 1762 626 1801 fuit.
684 1762 910 1801 Νυσσαέων
937 1756 1052 1807 πόλις
1082 1763 1248 1803 concilio
1267 1763 1565 1819 Constantinop.
1593 1771 1675 1807 ter-

273 1814 330 1853 tio
389 1844 398 1852 .
427 1818 520 1852 66⁷.

360 1827 486 1907 PIbid.
510 1871 574 1908 24.
613 1869 842 1918 Πρίουλλα]
872 1867 1056 1917 Βρίουλα
1092 1873 1332 1921 oportuerat,
1362 1874 1407 1911 ut
1433 1873 1539 1924 apud
1561 1872 1676 1914 Stra-

270 1920 410 1959 bonem
440 1925 491 1960 14
519 1935 555 1972 p.
584 1925 664 1961 650
699 1927 739 1961 et
769 1923 809 1962 in
841 1923 1004 1975 egregio
1042 1923 1234 1963 Tliesaur.
1264 1923 1414 1964 Britan.
1449 1930 1541 1967 tom.
1564 1931 1601 1966 2.
1631 1941 1672 1978 p.

272 1978 352 2013 102
378 1973 663 2014 BPIOYAEI
669 1974 784 2013 ΤΩΝ
808 1989 935 2015 numo.
991 1976 1091 2016 idem
1120 1978 1388 2018 adfirmaverit
1402 1979 1563 2020 Rufinus
1592 1982 1676 2032 epi-

271 2040 414 2079 scopus
446 2026 601 2073 πόλεως
639 2026 852 2079 Βριοὺλων
879 2030 1037 2069 Nicaen.
1082 2031 1220 2070 concil.
1258 2043 1334 2069 sec.
1362 2035 1455 2071 349.
1517 2035 1676 2095 corrigo

272 2094 391 2133 ergo,
418 2093 528 2134 quem
557 2083 599 2122 in
627 2083 736 2122 Actis
765 2083 949 2133 Ephesin.
991 2097 1029 2134 p.
1060 2086 1140 2123 528
1167 2085 1363 2135 reperies,
1393 2085 1677 2135 Βαριουλιτων

271 2137 506 2185 praesulem.
562 2148 663 2188 quae
692 2137 868 2188 sequitur
897 2138 1112 2187 Mastaura,
1140 2150 1165 2177 a
1182 2137 1380 2178 Strabone
1401 2137 1604 2191 Stephano
1634 2145 1675 2181 et

271 2189 527 2228 conciliorum
552 2191 663 2229 Actis
691 2203 809 2241 saepe
835 2195 1083 2231 memoratur.

380 2241 486 2282 Ibid.
511 2241 707 2290 ’Am'vst
736 2242 936 2294 'Am'vmov
965 2245 1121 2285 videtur
1134 2250 1340 2297 praestare
1359 2246 1408 2286 ob
1427 2247 1676 2288 Theodorum
1703 2246 1710 2249 ’

272 2295 493 2347 episcopum
520 2294 730 2346 Ἀνινήτου
754 2298 794 2336 ἰη
812 2298 1009 2349 Ephesino
1037 2311 1068 2336 c.
1095 2313 1132 2350 p.
1150 2303 1240 2349 466,
1268 2300 1362 2339 licet
1389 2313 1513 2351 prave
1542 2314 1578 2351 p.
1594 2304 1675 2341 528

266 2345 540 2398 ’Amvvooc'wv
567 2354 729 2389 vocetur
757 2352 935 2402 praesul:
964 2352 1117 2392 Mamas
1142 2353 1243 2392 enim
1264 2349 1477 2402 ’Λνινήτου
1506 2354 1673 2394 Chalce-

271 2402 457 2440 donensis
486 2415 593 2443 conc.
624 2417 661 2454 p.
693 2407 774 2443 522
810 2405 909 2444 illud
951 2417 1022 2444 sua
1050 2406 1335 2457 subscriptione
1372 2408 1513 2457 firmat,
1550 2419 1674 2460 quan-

271 2455 415 2494 tumvis
442 2469 479 2506 p.
511 2459 592 2495 664
618 2455 830 2503 ἐπίσκοπος
857 2455 1010 2504 πόλεως
1038 2457 1247 2510 Ἀνηρίτου
1274 2460 1350 2500 dici
1377 2460 1570 2501 videatur.
1623 2461 1674 2500 de

273 2509 351 2547 situ
379 2509 479 2547 nihil
507 2509 685 2550 finivero.

379 2560 490 2600 [bid.
538 2557 710 2614 Ὕπητα]
731 2557 924 2614 Ὕπαιπα,
955 2564 1058 2604 unde
1085 2566 1262 2606 Iulianus
1290 2566 1493 2618 episeopus
1522 2563 1675 2611 πόλεως

268 2612 473 2653 Ὑπαίηων
501 2615 542 2656 in
569 2615 806 2658 Chalcedon.
836 2618 987 2667 synodo
1020 2631 1059 2672 p.
1086 2622 1168 2660 665
1196 2624 1235 2660 et
1261 2619 1453 2661 Antonius
1475 2617 1674 2672 Ὑπαιπη..
