1780 3132
280 152 374 200 3011
606 162 862 201 BANDURu
903 161 1398 202 ANJMADVERSlONl-:S

277 280 376 319 μου,
421 265 500 306 α’πὸ
534 264 634 314 ‘Pac
669 266 773 314 τινὸς
824 269 1013 320 σφοδροῦ
1053 269 1270 322 διέδραμεν
1307 269 1575 323 οἷπηχήματος
1614 274 1694 313 τῶν

275 322 545 372 χρησαμένων
571 322 612 367 ἐξ
637 318 845 373 ὑποθήκης
874 316 901 372 ἢ
940 324 1181 368 θεοκλυτήκς
1208 321 1335 372 τινός,
1371 324 1442 363 καί
1470 325 1691 378 ὑπερὲχόν-

275 389 354 413 των
392 372 563 424 αὐτούς,
595 374 882 424 ἐπικέκληνται.
938 376 1140 427 Δρομῖται
1171 376 1215 415 δὲ
1241 374 1320 415 ἀπὸ
1350 379 1422 416 τοῦ
1449 378 1571 427 ὀξέως
1600 381 1690 430 τρέ-

274 441 366 477 χειν
406 426 543 472 αὐτοῖς
571 428 852 478 προσεγένετο·
919 428 963 468 ἐκ
993 430 1133 479 γένους
1161 430 1207 470 δὲ
1239 431 1319 469 τῶν
1343 428 1542 484 Φρὰγγων
1572 434 1690 474 καθί-

277 495 455 520 στανται.
487 483 561 530 (cf.
587 483 691 522 idem
719 483 780 522 ed.
809 496 846 534 p.
875 486 955 524 490
975 483 1044 535 A).

382 540 455 576 69.
491 538 529 575 5.
606 531 875 584 πραιὸεύουσι
924 538 964 578 id
1009 541 1070 578 est
1110 539 1367 590 praedantur.
1440 539 1515 579 hoc
1565 543 1688 583 verbo

277 588 399 627 utitur
443 588 725 629 Constantinus
767 591 882 630 etiam
921 604 954 632 c.
982 597 1056 642 10,
1085 595 1159 640 13,
1186 597 1259 641 30,
1286 597 1361 642 32,
1389 595 1463 642 44,
1492 595 1556 645 45,
1583 600 1622 635 et
1647 597 1687 636 in

275 642 449 682 Tacticis
478 655 767 695 nonnunquam.
825 645 927 696 apud
959 647 1061 685 alios
1087 646 1180 685 item
1209 647 1422 699 scriptores
1442 647 1688 697 Byzantinos

273 696 419 747 passim
448 697 618 736 occurrit
650 698 725 736 hoc
755 698 916 737 verbum
946 700 1082 739 eadem
1112 701 1283 741 notione.

382 749 486 790 Ibid.
499 755 563 791 22.
598 750 656 794 εἰς
668 748 994 803 τοὺςφραγμοιῖς
1009 752 1083 791 τοῦ
1097 753 1296 802 ποταμοῦ]
1321 753 1501 794 nimirum
1523 754 1579 795 ad
1590 753 1689 796 loca

270 800 454 853 flaminis
483 808 733 856 praerapta-
794 818 1002 857 perperam
1034 806 1133 846 haec
1168 808 1451 860 interpretatur
1479 809 1687 858 meursius,

273 859 317 895 in
342 855 526 907 flaminis
557 860 844 899 munimentis:
883 860 1024 912 quippe
1060 860 1102 899 in
1128 861 1308 901 Danubio
1335 862 1514 914 Danapri
1541 867 1581 902 et
1607 863 1688 902 Da-

272 911 399 950 nasu-i
422 911 643 951 fluminibus
673 913 784 952 nulla
809 914 1048 953 munimenta
1076 919 1163 954 arte
1190 916 1309 965 facta,
1341 928 1440 968 quae
1458 916 1687 968 navigatio-

268 977 356 1003 nem
385 965 620 1016 impediant,
648 966 922 1017 reperiuntur,
959 967 1049 1006 loca
1093 980 1189 1007 vero
1218 973 1434 1020 praerupta
1460 981 1529 1009 seu
1565 981 1684 1022 rupes

270 1023 551 1069 transversae,
585 1031 685 1071 quae
720 1021 894 1072 navigiis
924 1021 1121 1072 permeari
1162 1027 1385 1074 nequeant,
1411 1023 1688 1076 frequentissi-

266 1084 354 1112 mae
383 1074 423 1113 in
453 1074 625 1113 laudatis
662 1073 791 1113 fluviis
820 1079 1046 1115 occurrunt.
1118 1076 1277 1115 nomina
1306 1080 1436 1116 autem
1464 1088 1598 1116 eoriun
1625 1078 1686 1116 lo-

215 1165 217 1169 ,
271 1139 405 1167 corum
434 1132 689 1167 recensentur
728 1141 753 1167 a
791 1129 1137 1181 Porphyrogenito
1181 1130 1301 1180 paulo
1338 1130 1445 1170 infra
1488 1143 1520 1170 c.
1548 1135 1588 1181 9,
1618 1131 1686 1171 ubi
1758 1166 1760 1169 .

269 1181 358 1233 agit
386 1182 434 1221 de
462 1182 601 1221 Russis
629 1194 655 1221 a
684 1181 829 1221 Russia
854 1182 1008 1235 Cpolim
1036 1183 1079 1223 in
1106 1183 1290 1222 lintribus
1319 1183 1576 1225 venientibus.

373 1250 438 1296 71,
457 1250 520 1286 1⁷.
576 1242 649 1284 καί
675 1242 809 1296 ἕτερος
842 1242 953 1292 λαὸς]
986 1247 1078 1287 vide
1108 1248 1201 1299 quid
1233 1248 1282 1286 de
1300 1247 1556 1288 Patzinacitis
1585 1247 1684 1288 scri-

266 1299 336 1340 bat
364 1300 465 1340 idem
494 1300 861 1351 Porphyrogenitus
889 1301 995 1340 infra
1024 1314 1056 1340 c.
1088 1305 1154 1341 37.
1211 1313 1309 1353 gens
1335 1306 1465 1341 autem
1493 1301 1683 1342 Patzina-

267 1354 432 1394 citarum
465 1355 654 1394 dividitur
682 1354 723 1394 in
749 1358 802 1394 13
829 1355 969 1404 tribus,
997 1359 1036 1394 et
1063 1358 1123 1394 est
1147 1367 1295 1407 magna
1320 1359 1359 1394 et
1388 1355 1593 1407 populosa,
1622 1355 1684 1395 cui

265 1410 377 1448 nulla
418 1408 605 1457 Scythica
655 1408 843 1447 resistere
912 1412 1040 1458 otest,
1090 1413 1132 1447 ut
1177 1409 1314 1448 scribit
1352 1408 1576 1458 Cedrenus;
1618 1410 1684 1461 qui

269 1463 467 1514 quandam
502 1463 641 1502 harum
679 1463 850 1501 tribuum
917 1461 1162 1502 elemarmin
1201 1466 1240 1501 et
1281 1463 1400 1502 aliam
1429 1461 1684 1514 Payamanin

265 1518 456 1568 appellat.
512 1517 554 1556 in
583 1516 723 1555 horum
760 1528 857 1555 vero
894 1516 1230 1556 Patzinacitarum
1266 1516 1351 1555 sive
1378 1517 1683 1565 Patzinacarum

263 1573 407 1620 tractu,
438 1571 563 1623 inquit
593 1570 777 1618 ortelius,
808 1570 924 1609 hodie
954 1570 1120 1609 Podolia
1149 1575 1188 1608 et
1214 1570 1419 1610 Moldavia
1447 1570 1601 1610 visitur.

375 1634 483 1675 Ibid.
513 1639 580 1674 20.
635 1635 695 1674 De
725 1634 922 1674 Chazaris
951 1639 990 1672 et
1015 1633 1215 1673 Chazaria
1243 1634 1334 1674 vide
1369 1635 1461 1687 quid
1489 1633 1684 1675 Constan-

264 1688 370 1729 tinus
399 1702 431 1729 c.
466 1694 517 1728 10
544 1693 593 1728 11
624 1693 664 1727 et
693 1692 756 1737 12,
787 1700 941 1727 necnon
980 1688 1078 1727 alibi
1107 1687 1246 1727 obiter.

374 1752 480 1794 Jbid.
537 1749 610 1803 τὴν
638 1752 805 1802 Ζιχίαν]
835 1753 949 1804 regio
978 1753 1029 1791 ad
1047 1752 1212 1791 Pontum
1243 1752 1449 1792 Euxiwrm.
1503 1752 1683 1804 pluribus

265 1808 314 1846 de
341 1808 482 1847 Zichia
509 1807 684 1859 loquitur
714 1806 1080 1858 Porphyrogenitus
1120 1806 1229 1845 infra
1257 1820 1289 1846 c.
1309 1809 1361 1845 42
1389 1810 1428 1845 et
1457 1805 1614 1855 Gyllius
1642 1805 1682 1846 in

263 1861 442 1913 Bosporo
458 1862 643 1901 Thracio.
677 1861 768 1900 vide
795 1866 911 1899 notas
941 1860 992 1899 ad
1019 1860 1224 1899 historiam
1255 1861 1388 1900 Ducae
1419 1873 1458 1912 p.
1474 1863 1566 1900 232.
1595 1862 1681 1909 Xy-

265 1917 414 1955 sander
439 1916 479 1955 in
507 1916 612 1955 notis
640 1915 691 1954 ad
721 1914 940 1954 Cedrenum
969 1926 1111 1953 nomen
1138 1913 1307 1954 fluminis
1335 1926 1420 1953 esse
1451 1914 1518 1956 ait.

371 1986 436 2031 72,
455 1985 492 2021 1.
548 1979 701 2020 blattia
721 1979 785 2019 vel
805 1977 941 2018 blatta
962 1982 1023 2017 est
1047 1978 1148 2017 idem
1176 1978 1279 2030 quod
1306 1989 1481 2030 purpura
1508 1977 1550 2017 in
1578 1977 1622 2017 L.
1641 1981 1680 2017 1.

263 2048 296 2074 c.
327 2048 426 2088 quae
456 2047 520 2074 res
553 2034 721 2074 venund.
751 2045 828 2072 non
865 2045 970 2084 poss
1001 2043 1217 2084 purpurae
1235 2063 1246 2081 ,
1281 2043 1388 2086 quae
1428 2030 1566 2072 blatta
1606 2030 1676 2071 vel

263 2089 488 2142 oaeyblatta
526 2093 652 2142 atque
686 2085 911 2140 hyanthina
948 2085 1119 2126 dicitur.
1186 2086 1278 2125 hinc
1313 2090 1471 2126 constat
1509 2085 1678 2136 triplicis

262 2144 409 2183 coloris
438 2144 560 2183 fuisse
597 2143 775 2191 blattam,
804 2151 1039 2192 purpuream
1067 2151 1217 2190 nempe,
1262 2152 1363 2192 quae
1390 2151 1499 2179 mero
1527 2139 1680 2179 blattae

263 2198 456 2237 vocabulo
484 2197 736 2248 intelligitur,
767 2196 934 2235 alteram
969 2193 1199 2253 intensioris
1227 2197 1266 2254 et
1294 2193 1500 2234 vividioris
1517 2193 1676 2239 coloris,

263 2264 377 2303 quam
403 2245 654 2299 ὀξυβλάτταν
680 2253 908 2300 nuncupant
934 2249 1001 2287 vel
1028 2248 1204 2296 βλαπτον
1235 2243 1320 2297 οξύ,
1347 2252 1390 2286 ut
1419 2247 1620 2287 Cedrenus
1638 2247 1679 2286 in

262 2305 451 2354 Tiberim
495 2305 653 2344 tertiam
699 2303 866 2355 denique
907 2302 1124 2341 violaceam
1166 2301 1250 2340 sive
1280 2301 1547 2350 hyanthinam.
1604 2301 1678 2339 fuit

262 2359 354 2398 olim
386 2359 426 2398 in
453 2359 582 2410 pretio
608 2357 744 2398 blatta
762 2354 1051 2407 Neapolitana
1082 2358 1128 2394 et
1145 2351 1394 2408 Byzantina,
1423 2359 1468 2395 ut
1493 2357 1604 2406 patet.
1630 2366 1680 2394 ex

260 2413 474 2453 Anastasio
504 2412 734 2452 Bibliothec.
773 2411 814 2451 in
845 2411 977 2450 Leone
1014 2410 1067 2448 111
1090 2412 1139 2447 -et
1178 2410 1219 2449 in
1250 2409 1445 2449 Pascbali.
1501 2406 1678 2448 blattam

261 2479 359 2506 vero
389 2466 552 2515 Tyriam
582 2465 826 2505 commendat
839 2463 1027 2504 Sidonius
1055 2474 1175 2504 carm.
1193 2466 1242 2503 5:
1275 2461 1436 2503 Pontus
1453 2459 1678 2511 Castorea,

261 2520 438 2561 blattam
469 2518 606 2572 Tyras
622 2551 631 2568 ‚
661 2530 766 2559 aera
801 2516 1041 2558 Corinthus.
1114 2516 1354 2558 recentiores
1396 2527 1491 2556 vero
1531 2515 1678 2555 Graeci

260 2573 448 2624 βλαττιόν
477 2586 549 2626 pro
579 2574 704 2612 serico
733 2575 984 2623 usurparunt.
1054 2570 1145 2610 vide
1171 2571 1343 2613 Salmas.
1372 2570 1424 2611 ad
1451 2570 1542 2610 hist.
1572 2568 1677 2621 Aug.

260 2629 353 2670 item
380 2628 576 2680 Ducangii
603 2633 807 2679 utrumque
836 2626 967 2666 Gloss.
