1780 3132
276 151 368 199 310
577 159 831 200 BANDunu
871 149 1365 196 ANiMADvERSIONES

277 281 341 308 res
367 281 440 320 pro
480 264 558 304 α’πὸ
589 265 664 305 τοῦ
704 258 882 314 Κιάβου.
946 277 1154 316 perperam
1193 265 1340 315 iegitur
1380 265 1421 304 in
1457 264 1571 309 editis
1600 259 1680 300 ἀπὸ

277 319 344 359 τὸν
377 321 536 369 Κύκβον
561 317 771 366 ποταμόιις
797 319 939 371 quippe
974 331 1053 358 vox
1086 314 1265 365 ποταμὸν
1296 318 1542 357 desiieratur
1567 317 1609 356 in
1635 316 1680 356 B.

278 375 381 414 uude
418 378 511 425 puto
557 373 720 412 eandem
762 374 916 420 urbem,
969 384 1085 423 quam
1127 371 1304 422 superius
1346 371 1514 423 scriptor
1547 374 1683 410 noster

279 426 445 474 Κιοιίβα
476 430 515 464 et
544 422 681 474 Κιόβα
718 426 959 477 appellavit,
999 425 1064 463 hic
1102 424 1263 472 Κιάβον
1301 436 1548 476 nuncupare3
1580 423 1682 475 quod

280 481 433 532 quidem
464 479 674 518 manifesto
703 491 753 518 ex
780 484 967 520 contextu
995 479 1141 530 liquet:
1170 490 1260 516 nam
1288 478 1406 517 etiam
1430 478 1550 529 paulo
1576 477 1684 516 infra

278 534 440 626 ΙΚοίοιβξη)
484 533 627 582 habet,
662 544 787 584 neque
822 545 951 572 sermo
996 536 1056 571 est
1083 531 1133 570 de
1169 530 1349 582 flumine,
1387 531 1456 570 sed
1499 531 1549 570 de
1588 530 1714 571 urbe·

293 599 444 626 siowia.

386 644 458 687 79,
499 641 563 678 15.
619 637 821 689 πολύδρια
862 639 1011 703 legitur
1038 638 1079 678 in
1113 637 1246 678 Gloss.
1278 637 1350 677 Gr.
1380 638 1468 678 Lat.
1494 635 1685 676 Phavori-

279 706 371 733 nus:
401 690 589 741 πολίχνια
617 687 831 743 πολιῖδρια,
861 694 989 738 πολις.

385 745 490 786 Ibid.
520 750 585 785 22.
633 743 841 792 Ῥωμανιά
868 747 972 798 apud
999 746 1212 796 scriptores
1238 742 1416 783 Graecos
1443 741 1684 783 recentiores

284 812 560 851 nonnunquam
591 812 663 851 pro
691 801 870 851 imperio
899 799 1110 839 Orientali
1136 802 1174 836 et
1198 797 1393 836 interdum
1420 809 1494 849 pro
1519 797 1685 849 provin—

282 856 366 893 ciis
395 850 606 894 Asiaticis
638 853 839 904 accipitur.
895 865 933 892 v.
961 851 1157 903 Ducangii
1182 856 1385 901 utrumque
1403 849 1661 890 Glossarium.

388 906 494 946 Ibid.
523 910 587 946 23.
657 902 694 942 οἱ
728 900 870 954 Οἰὶζοι]
918 906 1009 945 vide
1048 917 1148 957 quae
1179 905 1228 942 de
1258 904 1354 942 Uzia
1385 908 1424 942 et
1451 903 1544 943 Uzis
1567 903 1688 942 habet

281 960 644 1012 Poiphyrogenitus
673 959 780 998 infra
809 972 841 998 c.
870 964 924 999 37
952 965 990 998 et
1019 961 1082 997 42.
1139 962 1229 996 sunt
1258 962 1385 996 autem
1414 957 1487 996 Uzi
1522 969 1591 996 seu
1619 956 1687 995 Usi

282 1013 458 1062 Scythici
486 1014 621 1065 populi
652 1018 691 1051 et
720 1013 896 1062 Hunnici‚
924 1012 1149 1052 Patzinacis
1189 1015 1229 1049 et
1257 1011 1414 1061 generis
1442 1010 1688 1061 praestantia

283 1073 321 1105 et
350 1067 596 1106 multitudine
631 1067 733 1106 haud
773 1067 1000 1110 inferiores.
1027 1065 1125 1104 llusi
1151 1065 1370 1104 Ralmondo
1409 1064 1457 1102 de
1484 1064 1623 1115 Agiles
1649 1067 1688 1102 et

283 1121 498 1160 Tudebodo
527 1121 554 1159 l.
582 1125 608 1158 2
639 1121 745 1159 dicti.
819 1122 868 1158 cie
896 1121 957 1159 his
986 1124 1108 1171 agunt
1137 1120 1320 1157 Zonaras
1347 1118 1386 1156 in
1406 1117 1552 1158 Const.
1580 1117 1690 1156 Duca
1755 1145 1758 1149 Δ

284 1179 323 1213 et
351 1176 528 1214 Romano
553 1174 692 1225 Diog.‚
732 1173 929 1222 Scylitzes
963 1173 1005 1212 in
1032 1171 1303 1221 Monomadm,
1331 1171 1476 1223 aliique
1499 1170 1690 1210 historiae

286 1228 532 1277 Byzantinae
563 1228 787 1279 scriptores.

391 1285 456 1331 80,
483 1284 522 1319 5.
578 1282 637 1320 De
665 1280 813 1320 Alania
854 1283 893 1319 et
919 1278 1120 1319 Chazaria
1156 1278 1333 1330 pluribus
1362 1277 1532 1330 scriptor
1556 1280 1692 1316 noster

286 1335 394 1374 infra
422 1347 454 1373 c.
482 1338 534 1374 37
564 1339 604 1374 et
632 1338 695 1374 42,

392 1386 500 1428 Ibid.
527 1392 592 1427 21.
660 1383 862 1438 φοσσάτον
889 1387 1138 1433 exere-mes,-
1179 1396 1256 1436 qua
1284 1384 1572 1436 significatione
1599 1395 1691 1434 pas-

290 1442 363 1481 sim
403 1442 574 1481 occurrit
603 1442 705 1494 apud
746 1441 960 1492 scriptores
985 1439 1244 1488 Byzantinos,
1272 1450 1421 1477 necnon
1449 1437 1552 1489 apud
1578 1436 1694 1476 tacti-

289 1508 369 1534 cos.
448 1495 581 1535 Latini
630 1506 782 1547 quoque
828 1494 1067 1533 recentiores
1112 1490 1324 1543 fossatum
1373 1503 1446 1543 pro
1494 1492 1695 1531 exercita

289 1549 438 1589 dixere.

400 1606 466 1651 81,
493 1606 534 1641 8.
591 1603 650 1641 De
677 1601 848 1641 Francia
875 1600 1059 1639 Moravia
1087 1603 1127 1639 et
1145 1597 1358 1639 Chrobatis
1385 1596 1562 1649 pluribus
1588 1597 1697 1636 infra

293 1655 381 1707 agit
402 1656 703 1703 Constantinus3
736 1655 785 1693 de
805 1653 1109 1705 Sphendopluco
1139 1656 1269 1692 autem
1287 1650 1493 1690 Moraviae
1520 1650 1696 1701 principe

292 1722 325 1747 c.
352 1712 416 1756 41,
440 1709 506 1747 ubi
548 1709 639 1748 vide
663 1720 763 1760 quae
792 1709 1038 1747 adnotamus.
1100 1706 1149 1745 de
1179 1706 1254 1745 hac
1281 1704 1452 1744 Francia
1478 1704 1568 1743 vide
1596 1716 1696 1756 quae

293 1763 482 1802 observat
507 1762 735 1814 Ducangius
764 1761 804 1800 in
837 1761 941 1800 notis
968 1761 1019 1799 ad
1050 1758 1272 1799 Chronicon
1299 1758 1491 1797 Paschale
1521 1760 1666 1808 p-548.

398 1820 464 1866 82,
490 1820 528 1855 8.
585 1817 746 1863 στέμμα
781 1815 845 1853 hic
880 1826 953 1865 pro
983 1825 1142 1854 corona
1176 1812 1359 1862 sumitur,
1395 1823 1465 1850 seu
1496 1815 1541 1850 ut
1565 1809 1697 1850 verius

291 1869 419 1908 dicam
444 1883 517 1921 pro
551 1868 812 1910 camelaucz’o
847 1869 918 1908 illo
945 1866 1306 1915 Constantinianeo,
1335 1877 1410 1917 quo
1439 1865 1699 1916 imperatores

291 1924 492 1975 Cpolitani
520 1928 638 1975 caput
666 1923 838 1962 redimiti
869 1925 1082 1960 cernuntur
1107 1925 1189 1961 tum
1222 1921 1262 1960 in
1290 1919 1588 1959 numismatibus
1617 1918 1698 1957 suis

290 1982 372 2017 tuin
399 1977 439 2016 in
466 1978 619 2029 figuris.

399 2029 506 2071 Ihm.
537 2035 600 2071 14.
666 2028 854 2078 βασιλέα]
894 2027 1040 2067 Graeci
1068 2027 1308 2067 recentiores
1346 2026 1593 2066 accusativos
1619 2026 1700 2065 sin-

294 2084 457 2135 gulares
487 2097 561 2135 pro
591 2083 711 2124 rectis
746 2086 906 2133 ponunt.
944 2081 1035 2121 hinc
1061 2080 1233 2128 βασιλέα
1263 2081 1338 2119 hoc
1364 2081 1452 2119 loco
1479 2091 1553 2131 pro
1580 2079 1700 2128 βασι-

289 2132 393 2180 λεύς.
451 2137 507 2176 sic
540 2130 670 2188 ἄνδρα
695 2148 768 2188 pro
799 2132 913 2184 ἀνήρ.
969 2135 1198 2183 Anonymus
1219 2135 1268 2172 de
1286 2134 1390 2174 bello
1420 2145 1557 2172 sacro:
1584 2131 1703 2182 ἓβρεν

290 2189 380 2228 ἐκεῖ
401 2188 472 2228 τὸν
500 2191 621 2241 μισὲρ
645 2189 745 2237 τζᾶν
771 2184 842 2226 τὸν
859 2183 1013 2237 ἄνδραν
1033 2186 1102 2237 τῆς
1119 2187 1295 2227 ἐκείνων.
1351 2187 1409 2226 sic
1436 2188 1605 2236 γυναῖκα
1627 2197 1701 2237 pro

289 2241 407 2294 γυνή.
463 2244 623 2285 Corona
649 2243 849 2295 pretiosa:
880 2239 903 2291 ἦ
930 2243 1100 2291 γυναῖκα
1130 2238 1233 2278 ὀποῦ
1262 2241 1418 2290 θεωρεῖ
1439 2239 1534 2278 καθ’
1563 2236 1703 2289 ἦμερι·

290 2292 374 2334 νόν.
428 2298 521 2337 item
551 2292 688 2336 εἰκόνα
713 2308 787 2348 pro
817 2291 946 2333 εἰκών.
1014 2295 1175 2346 glossae
1210 2294 1588 2334 Graecobarbarae:
1614 2290 1703 2341 α’βι-

294 2347 394 2400 λύκη
423 2348 571 2390 εἰκόνα.
626 2350 731 2390 unde
759 2352 884 2389 icona
909 2348 1091 2388 similiter
1120 2348 1222 2389 dixit
1239 2349 1424 2388 Metellus
1448 2348 1489 2387 in
1508 2345 1700 2396 Quirinal.
1764 2377 1773 2384 .

549 2403 611 2444 his
642 2404 810 2443 confinia
837 2407 971 2442 luncta

550 2458 827 2497 discernuntur
852 2457 988 2504 icona,

555 2523 656 2563 quae
683 2513 763 2550 fert
789 2523 914 2550 saxea
938 2521 1093 2549 saccum

550 2565 761 2604 'distentum
793 2564 904 2611 satis,
936 2574 1060 2614 aeque

554 2618 644 2659 saxi
668 2618 842 2670 pondere
868 2618 1016 2656 durum.
1072 2616 1220 2656 Μευιιε.
