1780 3132
259 178 329 218 DE
366 171 807 217 ADMINISTRANDO
855 169 1076 212 IMPERIO
1115 166 1232 212 CAP.
1262 172 1331 214 38
1364 171 1430 213 39
1526 164 1612 207 171

182 280 306 328 λεμον
334 271 374 315 οἱ
403 273 578 327 Τοῦρκοι
603 269 710 324 μετὰ
737 271 818 312 τῶν
836 270 1156 320 Πατζινακιτῶν
1183 283 1259 308 ουκ
1288 267 1502 321 ἐποίησαν.
1558 266 1618 313 εἰς

182 342 229 382 δὲ
255 340 301 382 τὸ
330 339 648 393 κατασκηνῶσαν
685 333 731 378 τὸ
765 337 1003 390 προρρηθὲν
1030 332 1151 382 ἔθνος
1185 334 1266 375 τῶν
1298 329 1490 386 Τουρκων
1515 327 1618 383 πρὸς

179 404 254 460 τὴν
283 403 489 457 α’νατολὴν
518 404 576 452 εἰς
606 402 657 444 τά
676 404 745 456 τῆς
765 402 976 455 Περσίδος
1009 402 1116 454 μέρη
1142 400 1268 452 μέχρι
1295 400 1372 440 τοῦ
1402 398 1475 438 νῦν
1510 411 1618 449 πρα-

179 469 413 525 γματευτάς
432 466 754 511 ιῖποστὲλλουσιν
789 461 905 508 οὗτοι
933 463 972 507 οἱ
1001 464 1103 519 πρὸς
1129 463 1176 506 τὸ
1209 462 1372 506 ὸ“υτικόν
1399 465 1527 516 μέρος
1554 463 1617 502 σι’-

148 537 345 584 ὅκοῦντες
374 536 639 590 ποειρημένοι
663 535 855 585 Τοῦρκοι,
886 547 954 573 και
980 534 1203 585 βλέπουσιν
1224 526 1386 585 αὐτούς,
1415 545 1486 570 και
1511 528 1617 569 dno-

179 602 334 657 κρίσεις
366 605 462 655 παρ’
491 601 630 641 αὐτων
661 597 764 653 πρὸς
792 596 948 646 αυτοὺς
975 595 1172 645 πολλάκις
1200 596 1535 648 ἀποκομίζουσιν.

280 664 369 710 Ὅτι
396 666 418 708 ὁ
446 667 529 708 τῶν
556 666 871 716 Πατζινακιτων
898 661 1020 711 τόπος
1051 663 1096 704 ἐν
1121 679 1151 703 ω
1181 664 1239 719 τῶ
1267 660 1354 703 τότε
1385 663 1516 716 καιρῶ
1544 676 1618 700 κα-

178 732 368 790 τώκησαν
393 732 432 774 οἱ
454 733 641 785 Τοῦρκοι,
673 733 859 771 καλεῖται
886 726 994 770 κατοὶ
1016 727 1092 782 τὴν
1110 728 1350 779 ἐπωνυμίαν
1376 729 1457 768 τῶν
1484 728 1617 767 ἐκεῖσε

179 814 306 839 οντων
332 798 551 848 ποταμῶν·
610 794 649 836 οἱ
680 797 726 838 ὁὲ
749 795 934 845 ποταμοί
954 796 1059 836 εἰσιν
1088 796 1216 848 οὑτοι,
1245 792 1430 844 ποταμὸς
1456 793 1618 846 πρῶτος

126 863 202 912 1οὗ
233 862 484 915 καλούμενος
512 859 714 916 Βαρούχ,
742 858 925 912 ποταμὸς
954 856 1143 913 δεύτερος
1167 875 1188 900 ο
1221 855 1472 910 καλούμενος
1498 859 1617 899 Κου-

177 930 271 983 βοῦ,
299 927 484 981 ποταμὸς
512 929 648 981 τρίτος
677 926 699 967 o‘
727 925 980 978 καλούμενος
1014 927 1231 979 Τροῦλλος,
1259 922 1443 976 ποταμὸς
1469 924 1618 976 τέταρ-

176 1009 246 1042 τος
275 991 297 1034 ὃ
326 992 579 1047 καλούμενος
605 993 812 1046 Βροῦτος,
852 988 1040 1044 ποταμὸς
1082 991 1268 1043 πέμπτος
1307 987 1329 1030 ὁ
1366 987 1619 1042 καλούμενος

177 1061 363 1115 Σέρετος.

620 1146 1032 1201 Κεφάλαιον
1085 1143 1163 1185 λθ’.

568 1236 656 1281 περὶ
672 1234 736 1270 τοῦ
763 1235 896 1274 ἔθνους
919 1234 993 1270 τῶν
1016 1233 1220 1279 Καβάρων.

124 1321 165 1354 15
280 1312 430 1354 Ἰστὲον
471 1307 536 1353 ὅτι
573 1312 612 1354 οἱ
654 1311 866 1367 λεγόμενοι
893 1312 1092 1367 Κάβειροι
1134 1307 1215 1352 ἇπό
1259 1312 1331 1365 τῆς
1360 1311 1441 1353 τῶν
1466 1311 1618 1361 Χαζά-

175 1392 261 1431 ρων
297 1380 439 1432 γενεᾶς
480 1377 694 1432 ὑπῆρχον·
750 1381 823 1419 καί
867 1375 917 1432 δὴ
961 1377 1184 1431 συμβᾶσάν
1224 1392 1316 1418 τινα
1349 1378 1450 1432 παρ’
1480 1376 1617 1418 αὐτῶν

175 1440 434 1486 ἀποστασίαν
482 1446 679 1498 γενέσθαι
715 1442 821 1499 πρὸς
860 1442 934 1497 τήν
963 1443 1102 1498 ἀρχὴν
1145 1442 1306 1498 αὐτῶν,
1337 1445 1408 1483 καί
1434 1445 1618 1496 πολέμου

174 1511 383 1564 ἐμφυλίου
421 1507 718 1565 καθιστάντος,
753 1510 779 1563 ἦ
818 1508 958 1564 πρώτη
987 1507 1099 1564 α’ρχή
1145 1511 1285 1551 αὐτῶν
1321 1509 1615 1563 ὑπερίσχυσεν,

175 1574 247 1616 καὶ
273 1573 311 1616 οἱ
339 1577 417 1628 μὲν
442 1577 486 1626 ἐξ
516 1576 653 1618 αότῶν
681 1574 999 1630 ἀπεσφάγησαν,
1031 1574 1069 1617 οἱ
1099 1576 1145 1616 δὲ
1174 1576 1374 1631 ἐξέφυγον
1391 1577 1464 1616 καί
1486 1570 1615 1629 ἦλθον

120 1653 164 1688 20
176 1642 248 1682 καί
273 1641 586 1696 κατεσκήνωσαν
612 1640 718 1693 μετὰ
751 1642 833 1683 τῶν
867 1642 1060 1696 Τούρκων
1089 1641 1147 1690 εἰς
1174 1640 1247 1694 τὴν
1277 1643 1360 1682 τῶν
1389 1642 1650 1691 Πατζινα-Ρ
1679 1645 1745 1680 109

176 1708 299 1748 κιταῖν
325 1709 413 1760 γῆν,
442 1705 515 1748 καί
542 1706 735 1761 ἀλλήλοις
761 1706 1156 1762 συνεφιλιώθησαν,
1183 1708 1256 1747 καί
1283 1704 1488 1760 Κάβαροί
1509 1721 1615 1754 τινες

176 1770 494 1827 ωἰόμοὶσθησαν.
551 1770 651 1814 ὅθεν
686 1771 757 1814 καί
791 1773 866 1827 τὴν
903 1775 986 1814 ταῖν
1012 1770 1224 1827 Χαζάρων
1253 1774 1444 1826 γλῶσσαν
1473 1772 1614 1820 αυ’τοῖς

270 1880 287 1910 1
313 1872 418 1923 παρὰ
441 1877 516 1915 τῶν
539 1890 580 1913 π.
608 1876 674 1913 οὐκ
700 1878 868 1918 ἐδέξαντο
890 1880 916 1912 Β
1012 1877 1055 1911 16
1082 1872 1136 1925 δὴ]
1164 1877 1203 1912 δὲ
1228 1878 1333 1922 vulgo
1431 1877 1475 1910 18
1499 1889 1611 1913 κατα-

269 1924 443 1964 στάντος-Ρ
561 1923 653 1972 ἀρχὴ
680 1924 751 1958 add
778 1926 803 1958 B
937 1925 981 1959 21
1010 1923 1205 1971 Βάρβαροί
1226 1925 1263 1957 Μ

175 2026 214 2058 in
236 2025 447 2059 hodiernum
474 2037 515 2060 us
570 2037 588 2059 e
611 2026 730 2069 diem3
756 2031 792 2059 et
820 2037 863 2059 ex
886 2037 928 2059 eo
953 2031 1112 2071 tempore
1133 2026 1268 2059 bellum
1294 2038 1371 2059 cum
1392 2026 1632 2060 Patzinacitis·

175 2072 312 2106 'rurcae
334 2084 408 2106 non
431 2038 645 2107 haAEunt.
695 2073 740 2106 ad
764 2075 898 2107 Turcas
922 2084 1006 2106 vero
1033 2074 1206 2106 orientem
1236 2084 1357 2106 versus
1391 2074 1429 2106 in
1461 2073 1613 2106 Persidis

173 2120 334 2164 partibus
370 2120 598 2160 habitantes,
633 2131 782 2166 quorum
811 2131 914 2164 supra
939 2120 1156 2153 mentionem
1181 2120 1350 2160 fecimus,
1372 2119 1612 2163 negotiatores

175 2177 257 2199 suos
279 2167 427 2201 mittunt
454 2167 645 2200 etiamnum
676 2167 702 2200 ii
732 2167 795 2212 qui
825 2167 1048 2200 occidentem
1074 2167 1238 2199 incolunt
1263 2166 1433 2211 praedicti
1459 2168 1611 2208 'run-cae,

174 2213 405 2258 invisuntque
429 2214 525 2254 illos,
551 2219 588 2247 et
610 2225 776 2258 responsa
805 2225 910 2258 saepe
936 2213 980 2246 ab
1008 2213 1095 2258 ipsis
1123 2225 1186 2258 per
1209 2213 1275 2246 hos
1302 2213 1491 2258 accipiunt.

265 2259 429 2293 Ceterum
455 2261 738 2294 Patzinacitatum
769 2262 889 2300 locus,
929 2272 1033 2305 quem
1069 2266 1154 2293 tunc
1180 2259 1428 2293 inhabitabant
1461 2261 1609 2298 Tuscae,

175 2316 194 2338 a
221 2305 334 2339 fluviis
373 2307 434 2352 qui
466 2308 542 2340 illic
574 2312 657 2340 sunt
691 2309 983 2350 cognominatur3
1020 2307 1163 2339 flumina
1201 2312 1319 2339 autem
1345 2306 1479 2340 isthaec
1514 2313 1607 2340 sunt.

173 2352 307 2396 primus
330 2352 456 2386 fluvius
469 2353 602 2387 Baruch
627 2354 840 2399 appellatur,
864 2353 1038 2386 secundus
1052 2353 1167 2394 Cubu,
1187 2353 1312 2387 tertius
1325 2354 1483 2396 Trullus,
1502 2365 1609 2400 quar-

174 2404 230 2432 tus
254 2399 391 2440 Brutus,
413 2401 559 2446 quintus
585 2400 741 2447 denique
770 2402 911 2434 Seretus
940 2406 1176 2446 nuncupatur.

618 2474 677 2508 39.
726 2475 770 2509 de
807 2475 1031 2510 Cabarorum
1055 2484 1172 2520 gente

266 2542 395 2576 Gabari
431 2554 451 2575 a
487 2542 721 2577 chazaros-um
754 2550 857 2587 gente
889 2543 1119 2577 descendunt.
1170 2543 1261 2577 sacta
1289 2549 1406 2577 autem
1433 2543 1525 2577 inter
1549 2555 1609 2577 eos

175 2590 373 2622 secessione
396 2589 568 2635 belloque
593 2597 671 2624 orto
707 2592 822 2630 civili,
850 2592 946 2635 prior
971 2602 1050 2642 pars
1084 2590 1188 2632 vicit3
1224 2592 1358 2636 quique
1392 2591 1610 2635 victi‚p1rs

177 2636 283 2669 occisi
311 2641 418 2676 sunt,
454 2647 534 2681 pars
567 2638 744 2681 fugientes
775 2637 821 2670 ad
855 2633 999 2670 T'urcas
1026 2638 1064 2670 in
1097 2638 1388 2672 Patzinacitarum
1417 2643 1544 2671 terram
1573 2648 1609 2669 se

174 2682 430 2722 contulerunt,
465 2683 590 2728 ibique
627 2684 727 2717 sedes
766 2689 979 2729 posuerunt,
1013 2689 1264 2730 cqntractaque
1300 2690 1422 2718 mutua
1456 2683 1611 2717 amicitia

173 2728 299 2766 Gabari
324 2730 497 2775 appellati
522 2735 624 2773 sunt;
652 2731 764 2766 unde
773 2737 809 2764 et
836 2721 1067 2765 Chazarorum
1094 2731 1285 2776 linguam
1276 2743 1371 2776 ipsos
1387 2732 1518 2765 'lurcas
1542 2729 1610 2763 tlo-

857 2843 864 2858 i
