1780 3132
326 159 425 210 484
857 171 1203 211 Wizsssstmmt

331 279 510 332 parebit,
549 283 589 317 et
627 279 667 319 in
710 280 904 331 corruptis
935 280 1053 320 Thes,
1092 279 1245 321 Frider.
1285 281 1412 321 literis
1443 279 1732 320 ΟΛΒΗΝΩΝ

332 346 470 373 nomen
490 332 733 381 dilitescere;
764 339 973 384 praeterea
1005 333 1120 371 ΚΑΙ
1147 333 1403 375 KENNAT.
1430 334 1732 375 ATNAETOY

331 399 468 427 sanum
506 397 619 435 esse,
659 398 783 438 neque
821 387 912 426 inde-
959 387 1073 424 ΚΑΙ
1100 386 1386 424 ENNATON
1410 386 1734 426 ΔΤΝΛΣΤΗΝ

332 441 435 480 effici
465 451 591 490 posse.
649 444 781 480 cetera
813 440 990 492 expediri
1028 441 1198 479 nondum
1224 444 1396 492 possunt,
1423 453 1509 480 cum
1535 441 1658 481 lac-eri
1690 445 1730 479 et

330 493 462 533 detriti
491 494 574 531 fere
614 492 687 532 hoc
725 506 848 545 genus
885 495 964 534 sint.
1003 494 1120 533 numi
1177 498 1291 533 erant
1315 494 1472 542 Mylasa
1497 495 1728 546 templorum

330 547 577 587 multitudine
620 549 771 587 referta
800 548 928 600 magis
968 560 1084 600 quam
1112 547 1334 596 homiuum
1364 558 1463 600 quae
1488 559 1628 588 caussa
1654 549 1730 587 suit

328 612 450 652 quare
478 599 740 651 Stratonicus,
767 614 852 640 cum
881 602 1015 641 urbem
1042 601 1244 663 ingressus
1273 605 1376 640 esset
1403 612 1526 653 eaque
1551 600 1728 641 animad-

326 659 511 700 verteret,
541 658 690 694 mutata
717 655 871 695 solenni
893 656 1075 703 formula,
1106 651 1269 692 ἀκούετε
1289 653 1381 692 ναοί
1407 655 1609 695 clamaret.
1637 654 1728 694 vide

329 708 499 748 Casaub.
531 707 572 747 in
599 708 740 748 Athen.
771 712 798 748 8
822 712 861 749 8.

431 775 524 818 396,
553 775 592 810 3
648 771 949 824 Στρατονίκεια]
982 773 1056 813 1)ἰο
1073 776 1127 813 48
1153 786 1191 824 p.
1210 773 1289 812 425
1316 772 1543 821 Labienum,
1571 770 1728 811 Parthi-

329 838 414 864 cum
444 826 742 876 imperatorem,
790 826 966 866 Ciliciam
1002 838 1215 879 occupasse
1250 831 1367 889 atque
1395 826 1514 866 Asiae
1542 825 1660 865 urbes
1686 824 1727 865 in

328 880 551 919 continente
579 879 677 918 sitas
703 885 863 931 praeter
877 880 1190 929 Stratoniceam3
1218 879 1284 931 qui
1308 879 1514 920 siCariam
1541 891 1614 930 pro
1630 878 1728 918 Asia

326 934 512 984 scriptam
541 932 777 996 reliquisset,
804 934 912 973 cuius
942 946 1039 973 sane
1066 935 1182 974 urbes
1202 934 1359 981 Mylasa
1384 937 1424 972 et
1450 932 1660 972 Alabanda
1688 937 1728 971 et

324 987 617 1026 Stratoniceam
644 987 685 1026 in
714 988 850 1039 primis
883 989 1083 1036 nominat,
1109 999 1192 1027 rem
1219 986 1346 1036 nobis,
1378 998 1478 1039 quae
1502 986 1587 1026 veri
1611 986 1726 1026 fidem

326 1041 429 1079 haud
458 1040 678 1090 excederet,
708 1042 959 1093 prodidisset.
1015 1040 1347 1093 corruptissimum
1362 1040 1470 1080 urbis
1496 1051 1636 1080 nomen
1666 1044 1728 1079 est

325 1094 464 1134 concil.
493 1071 792 1158 Constan’tinop.
824 1096 942 1134 tertio
971 1107 1009 1146 p.
1038 1099 1144 1145 673,
1171 1094 1242 1134 ubi
1248 1093 1544 1157 Theopomptus
1575 1089 1728 1138 πόλεως

314 1142 621 1197 ,Τροτολυκειάς
653 1146 855 1197 ἐπαρχίας
880 1148 1043 1198 Καριας
1068 1126 1289 1188 sub’scribit.
1748 1153 1751 1157 ’

430 1209 538 1251 Ibid.
590 1208 798 1263 Ἀμυζῶν]
832 1213 900 1262 sic,
924 1213 981 1252 uti
1002 1213 1104 1265 apud
1124 1212 1360 1253 Strabonem
1386 1214 1427 1250 et
1452 1209 1725 1261 Ptolemaeum,

324 1277 383 1306 ms
411 1265 627 1307 Leidensis,
684 1266 775 1305 hinc
803 1267 973 1305 Ioannes
1002 1261 1220 1314 Ἀμυζόνος
1249 1266 1291 1305 in
1319 1265 1558 1305 Chalcedon.
1586 1277 1625 1316 p·
1616 1267 1726 1314 .‚4oo

323 1324 363 1358 et
389 1319 565 1358 Philetus
588 1315 828 1369 Ἀμαζόνος,
851 1320 930 1359 levi
951 1325 1123 1371 peccato,
1153 1320 1193 1359 in
1211 1319 1394 1371 Ephesin.
1415 1331 1454 1370 p.
1469 1321 1562 1358 437.
1579 1317 1726 1358 Alinda

323 1385 374 1412 ex
399 1373 625 1412 Ptolemaeo
665 1377 704 1411 et
732 1372 958 1425 Stephano,
995 1387 1021 1414 a
1049 1374 1148 1414 viris
1184 1373 1419 1413 doctissimis
1449 1377 1640 1423 correcto,
1664 1377 1726 1412 at-

324 1438 398 1479 que
426 1426 585 1466 aliunde
609 1426 813 1466 notissima
841 1432 943 1467 sunt.

429 1488 535 1530 Ibid.
588 1487 846 1542 Ἀλάπανὸα]
889 1491 948 1530 ita
973 1491 1107 1542 vulgo.
1133 1503 1191 1530 ms
1219 1490 1329 1530 Leid
1357 1485 1600 1538 Ἀλάβανδα,
1628 1501 1724 1542 quo-

321 1544 437 1584 modo
466 1547 628 1594 praeter
660 1544 762 1583 alios
795 1546 869 1584 Dio
884 1547 936 1584 48
964 1558 1001 1596 p.
1021 1547 1112 1583 425.
1168 1545 1326 1583 tumulis
1357 1545 1442 1582 fere
1467 1543 1637 1583 incincta
1665 1548 1725 1582 est

322 1598 426 1649 apud
455 1597 692 1637 Strabonem
728 1601 835 1650 14p.
851 1603 956 1649 660,
997 1603 1040 1637 ut
1075 1598 1287 1650 pleraeque
1328 1598 1370 1637 in
1407 1597 1484 1637 hac
1517 1598 1725 1660 provincia

320 1652 452 1699 urbes,
481 1651 647 1690 collibus
686 1651 904 1716 impositae.
970 1651 1257 1715 Aristophanes
1291 1651 1409 1691 Avib.
1439 1654 1541 1690 293.
1585 1663 1723 1700 ωσπερ

321 1701 359 1742 οἱ
390 1702 531 1754 Κᾶρες
571 1704 647 1753 μὲν
677 1698 750 1742 ουν
780 1704 851 1742 ἑηί
875 1700 1016 1756 λόφων
1043 1702 1251 1755 οἰκοῦσιν,
1291 1719 1322 1744 ω
1367 1699 1469 1755 '7123'
1496 1697 1726 1756 ἀσφαλείας

310 1769 476 1796 vOlll‘ssaea-

430 1819 539 1862 Ibid.
573 1823 610 1860 4.
660 1818 893 1871 Ὀρθοσιιὶς]
936 1821 1154 1872 Ὀρθωσία,
1193 1821 1385 1874 quomodo
1414 1821 1599 1870 Polybius
1627 1821 1724 1872 Leg.

318 1879 373 1914 93
404 1879 444 1914 et
483 1887 542 1914 ms
567 1876 782 1916 Ptolemaei
824 1876 1011 1924 Coislin„
1051 1876 1199 1916 Strabo
1238 1881 1355 1928 atque
1391 1875 1472 1916 alii.
1526 1875 1726 1928 Diogenes

316 1927 588 1979 Ὀρθοσιαιων
617 1934 677 1969 est
702 1931 742 1969 in
771 1930 1008 1970 Chalcedon.
1038 1943 1076 1982 p.
1092 1933 1158 1970 98.

426 1987 791 2044 1ῠὶά.“Αρπασα]
822 1995 900 2034 sita
924 1995 1083 2034 fuerunt
1117 1994 1166 2033 ad
1196 2005 1347 2033 amnem
1352 1994 1593 2059 Harpasum
1620 1994 1725 2045 apud

318 2045 490 2085 Plinium
520 2049 547 2086 5
574 2051 639 2087 29.
695 2049 868 2088 Phanias
898 2044 1050 2093 πόλεως
1074 2043 1296 2098 Ἁρπάοων
1322 2045 1392 2099 τῆς
1409 2044 1574 2099 Καρίας
1597 2047 1726 2088 adfuit

318 2100 519 2151 Ephesino
548 2102 714 2141 concilio
744 2115 780 2154 p.
797 2105 889 2141 526.

426 2162 533 2204 Ιῠὶἀ.
592 2161 813 2227 Νεάπολις]
847 2165 1019 2205 meminit
1049 2165 1131 2204 eius
1146 2165 1407 2204 Ptolemaeus.
1435 2164 1510 2203 fuit
1536 2163 1628 2204 hinc
1641 2164 1724 2204 Do-

321 2217 482 2257 rotheus
513 2217 758 2263 Νεαπόλεως
760 2220 864 2271 ,qui
893 2219 1064 2259 Nicaeno
1106 2219 1275 2258 secundo
1318 2232 1355 2270 p.
1373 2219 1452 2258 159
1479 2218 1723 2270 subscripsit.

321 2270 520 2311 Bassonas
552 2273 655 2311 enim
691 2272 762 2321 τῆς
803 2272 914 2316 Νέας
953 2268 1107 2317 πόλεως
1149 2273 1387 2312 Chalcedon.
1418 2272 1557 2312 concil.
1587 2284 1624 2324 p·
1641 2276 1723 2321 99,

322 2336 435 2375 quem
462 2325 552 2364 huic
576 2325 666 2365 urbi
704 2326 888 2378 imposuit
925 2326 1093 2366 Carolus
1120 2339 1143 2366 a
1171 2326 1214 2366 S.
1246 2326 1397 2376 Paullo,
1424 2325 1596 2366 Pisidiae
1622 2325 1724 2391 eius-

323 2380 410 2417 dem
441 2379 609 2418 nominis
636 2379 746 2419 urbis
774 2381 934 2431 praesul
965 2381 1048 2431 fuit,
1075 2385 1118 2419 ut
1143 2385 1236 2419 ante
1265 2380 1446 2420 diximus.

427 2440 533 2482 lbid.
585 2439 812 2493 Ὑλάρημα]
833 2441 1066 2495 Stephano‘
1079 2439 1292 2493 Υὶλάριμα
1322 2440 1530 2493 πολίχνιον
1559 2439 1724 2491 Καρίας

320 2487 476 2543 ὕπερθε
515 2495 843 2547 Στρατονικειᾞας
886 2498 1205 2562 quemadmodum
1243 2509 1291 2537 ea
1330 2497 1455 2537 verba
1479 2497 1530 2536 Is.
1559 2495 1723 2535 Vossius

322 2549 370 2587 ad
405 2549 549 2587 Melam
578 2553 599 2587 1
632 2554 684 2588 16
720 2551 905 2591 correxit.
956 2546 1168 2599 ‘magum
1210 2551 1461 2590 conciliorum
1497 2550 1598 2589 Acta
1624 2561 1722 2599 pro-

322 2603 428 2652 bant,
459 2607 501 2641 ut
518 2602 714 2655 Georgius
747 2602 900 2649 πόλεως
924 2602 1165 2653 “Υλαρι’μων
1194 2602 1391 2666 ἐπαρχίας
1421 2603 1584 2651 Καρίας
1614 2601 1722 2641 Con-

321 2660 441 2696 stant.
472 2656 591 2696 tertio
615 2670 655 2709 p.
673 2661 754 2698 673
782 2662 821 2697 et
842 2658 1047 2698 Anthimus
1075 2658 1279 2710 episcopus
1307 2654 1495 2705 no'aswg‘
1507 2655 1722 2708 Υλαρίμων
