1780 3132
259 224 311 262 ΙΝ
340 220 696 262 CONSTANTlNl
724 217 922 258 PORPH.
950 218 1021 257 DE
1043 214 1209 255 THEM.
1251 216 1296 254 L.
1325 215 1358 265 Ι,
1438 209 1530 254 287

198 339 266 386 37,
293 339 356 376 11.
426 335 658 389 Legendum
693 345 780 373 esse
803 330 996 380 Πελαγιά
1036 335 1076 370 et
1103 341 1184 370 non
1209 325 1383 378 πλαγία,
1410 339 1533 380 prae-

93 397 275 445 terquam
305 403 357 431 ex
387 403 468 442 ms,
497 391 684 430 docemur
723 400 775 428 ex
812 386 1014 426 Antonino
1054 385 1121 439 qui
1149 384 1321 424 insulam
1348 382 1534 423 Rhodum

96 446 306 487 Pelaoiam
336 446 458 486 etiam
486 448 754 496 nuncupatam
782 442 905 482 fuisse
932 441 1083 482 scribit.

123 531 128 537 .
196 479 311 542 ἳόὶά.
345 505 408 540 13.
480 493 718 550 Τελμησσός
755 497 857 537 haec
897 496 994 535 urbs
1029 495 1220 535 scribitur
1254 492 1361 545 apud
1401 494 1534 534 Ptole-

92 568 247 596 maeum
275 559 316 595 et
332 555 515 607 Plinium,
551 548 781 603 Τελμισσός
808 563 906 591 vero
928 550 1122 592 Straboni
1154 554 1195 590 et
1221 549 1410 603 Arriano,
1437 549 1533 591 urbs

90 611 311 717 Lsnssid.
342 680 407 716 19.
463 674 570 727 apud
610 673 880 713 Ptolemaeum
910 670 1098 721 Φασῆλις
1130 670 1345 721 scribitur,
1385 671 1533 723 Lyciae

89 731 301 785 oppidum,
330 729 437 783 apud
464 742 562 769 vero
591 728 764 768 Plinium
794 733 832 767 et
862 727 1113 778 Stephanum
1144 725 1418 778 Pamphyliae.

200 790 267 837 38,
298 789 335 825 1.
402 783 620 826 Castelium
661 795 804 823 nomen
836 783 914 822 loci
946 782 1053 822 circa
1082 782 1352 822 Palaestinam
1379 782 1419 822 in
1439 781 1534 823 Vita

90 840 136 882 S.
165 840 303 881 Sabae
330 840 437 892 apud
468 839 797 892 Metaphrastem.

198 904 307 948 Ibid.
338 908 376 946 3.
436 901 651 957 Κιβύρρα]
685 906 790 944 duae
820 903 933 944 huius
957 903 1126 943 nominis
1151 901 1272 943 urbes
1292 902 1399 955 apud
1415 902 1533 944 Stra-

87 961 228 1002 bonem
257 960 469 1011 habentur,
498 960 631 1001 altera
662 959 834 1009 Κίβυρα
868 972 1016 1011 inagna
1052 959 1160 998 haud
1201 959 1341 1010 procul
1371 971 1396 998 a
1423 960 1533 998 Mae-

88 1016 218 1056 andro
248 1015 433 1067 flumine,
462 1016 595 1056 altera
636 1027 734 1055 vero
776 1014 906 1054 minor
934 1014 1039 1053 haud
1084 1013 1227 1065 procul
1265 1026 1291 1053 a
1319 1013 1429 1054 Mela
1458 1012 1532 1053 ssu-

0 1093 5 1097 -
87 1071 180 1120 vio;
222 1077 262 1110 et
288 1071 339 1111 de
367 1070 444 1111 hae
470 1070 627 1125 quidem
672 1069 848 1110 secunda
878 1069 1038 1109 videtur
1065 1068 1128 1109 hic
1162 1067 1275 1121 loqui
1301 1068 1532 1121 Porphyre-

87 1125 260 1179 genitus.

198 1194 267 1242 39,
296 1194 364 1232 13.
421 1184 750 1244 Κωνστάιντεια]
797 1189 856 1230 sic
892 1202 947 1230 ex
974 1201 1034 1230 ms
1073 1188 1249 1230 Salamis
1277 1189 1397 1230 etiam
1426 1189 1532 1230 Con-

91 1247 244 1288 stantia
273 1246 382 1286 dicta
411 1246 497 1296 fuit,
531 1250 576 1285 ut
603 1246 743 1286 scribit
767 1245 1009 1298 Stephanus.
1066 1244 1127 1285 ita
1154 1244 1276 1285 habet
1302 1249 1343 1284 et
1361 1246 1409 1286 D.
1439 1246 1533 1285 Hie-

89 1313 301 1351 ronymus,
331 1300 398 1354 qui
439 1301 644 1354 subiungit
681 1313 769 1341 eam
800 1300 972 1340 Traiani
1013 1299 1268 1352 imperatoris
1298 1304 1478 1354 tempore
1507 1313 1534 1342 a

89 1355 250 1398 ludaeis
281 1355 466 1405 deletam,
498 1355 719 1396 interfectis
746 1356 929 1396 omnibus
959 1354 1043 1394 eius
1072 1354 1227 1395 incolis,

198 1408 307 1452 Ibin.
341 1411 407 1450 15.
483 1406 704 1462 Τάμασος]
761 1411 865 1463 apud
909 1410 1179 1450 Ptolemaeum
1214 1413 1255 1450 et
1289 1408 1532 1451 Strabonem

88 1465 190 1507 haec
215 1465 228 1505 i
257 1478 304 1506 sa
332 1463 459 1518 Cypri
487 1466 585 1506 urbs
614 1466 804 1506 scribitur
838 1460 1073 1514 Ταμασσός.

196 1518 225 1562 Ι
255 1519 306 1562 ·d.
339 1524 404 1561 16.
462 1519 580 1572 Apud
607 1521 780 1561 Plinium
801 1518 1059 1571 Carpasium
1097 1519 1198 1560 haec
1222 1519 1320 1560 urbs
1348 1524 1530 1572 vocatur,

87 1575 266 1616 Diodoro
295 1576 527 1616 Ptolemaeo
559 1579 599 1615 et
625 1575 834 1629 Stephano
864 1574 1100 1626 Καρπασιά
1130 1573 1287 1616 dicitur.
1347 1588 1385 1616 v.
1417 1580 1536 1617 notas

89 1630 292 1672 Holstenii
314 1630 363 1677 in
391 1630 655 1683 Stephanum.

196 1698 264 1745 40,
296 1700 334 1736 1·
390 1697 470 1736 Pro
502 1692 693 1748 Κινύρου
738 1697 779 1738 in
811 1709 871 1737 ms
911 1708 1125 1749 perperam
1162 1696 1314 1750 legitur
1345 1692 1535 1747 Κιόρουτ

87 1749 318 1803 Stephanus
347 1752 494 1804 quippe
514 1750 690 1804 Cyprum
719 1752 891 1792 insulam
919 1764 1062 1791 nomen
1091 1753 1296 1804 accepisse
1325 1752 1383 1793 ait
1411 1765 1436 1792 a
1457 1752 1537 1802 Cy-

89 1817 163 1858 pro
192 1806 280 1846 filia
309 1805 499 1856 Cinyrae,
528 1807 595 1846 vel
626 1819 652 1846 a
683 1806 819 1859 Cypro
850 1806 950 1846 flore
990 1807 1075 1847 illic
1103 1812 1307 1848 nascente.
1366 1807 1539 1857 Cinyras

88 1872 166 1901 rex
194 1859 321 1913 Cypri
364 1861 464 1912 suit,
495 1859 633 1901 Cilicis
661 1862 781 1909 filius,
820 1862 886 1914 qui
919 1874 1007 1902 cum
1040 1862 1211 1911 Myrrha
1238 1863 1325 1903 filia
1352 1875 1438 1912 sua,
1466 1876 1540 1902 nu-

87 1915 203 1955 tricis
235 1915 408 1966 astutia,
436 1915 606 1968 ignarus
641 1917 880 1967 concubuit,
910 1929 936 1956 a
967 1929 1044 1969 quo
1082 1917 1156 1957 illa
1186 1917 1389 1967 Cynareia
1418 1918 1538 1969 dicta,

87 1974 132 2010 ut
160 1970 304 2010 scribit
332 1970 500 2011 Ovidius
529 1971 626 2011 Met.
649 1975 715 2011 10.
774 1983 844 2011 cur
871 1975 1005 2012 autem
1034 1972 1349 2025 Pbilostephano
1380 1972 1539 2025 Cyprus

88 2025 249 2066 dicatur
275 2025 361 2066 filia
391 2024 569 2075 Cinyrae
605 2027 671 2066 vel
699 2026 806 2066 Bibli
836 2030 875 2066 et
911 2027 1095 2075 Veneris,
1125 2027 1286 2080 ignoro,
1314 2028 1394 2068 nisi
1425 2028 1538 2068 dixe-

86 2079 146 2119 ris
186 2080 314 2121 verba
355 2080 431 2121 illa
459 2075 488 2132 ἢ
529 2080 603 2132 τῆς
633 2080 795 2132 Βιβλου
826 2081 966 2122 addita
994 2082 1117 2122 fuisse
1146 2095 1172 2123 a
1199 2083 1336 2124 scriba
1363 2083 1538 2134 indocto,

87 2133 156 2187 qui
185 2134 380 2185 Cinyram
410 2135 538 2189 Cypri
566 2148 706 2189 regem
734 2136 1006 2177 confundebat
1034 2150 1121 2177 cum
1151 2138 1282 2178 altero
1297 2138 1537 2179 Phoeniciae

86 2201 199 2242 rege,
231 2190 342 2230 cuius
371 2191 491 2243 regia
518 2191 670 2241 Byblos
700 2192 797 2231 urbs
823 2191 923 2240 fuit;
957 2196 997 2231 et
1025 2193 1085 2232 sic
1119 2205 1191 2245 pro
1220 2186 1248 2245 ἢ
1275 2192 1349 2246 τῆς
1376 2193 1537 2243 Βίβλον

86 2244 303 2297 legendum
336 2251 444 2286 esset
467 2245 546 2283 τοῦ
572 2245 644 2297 τῆς
670 2244 854 2295 Βύβλου,
874 2247 1212 2301 subintelligendo
1241 2244 1536 2299 κρατήσαντος.

87 2303 263 2340 ceterum
294 2299 531 2342 Eustathius
570 2301 610 2341 in
641 2301 876 2351 Dionysium
915 2301 1091 2354 Cyprum
1120 2307 1240 2344 vocat
1265 2304 1388 2344 filium
1413 2303 1538 2354 Ciny-

85 2365 157 2394 rae
175 2385 186 2403 ‚
216 2367 303 2394 cum
348 2359 482 2396 tamen
528 2351 707 2406 Κύπρος
744 2356 939 2396 muliebre
981 2370 1125 2398 nomen
1154 2359 1229 2409 sit,
1258 2360 1365 2412 quod
1394 2359 1434 2399 in
1463 2372 1537 2399 usu

84 2408 164 2449 fuit
193 2421 218 2449 a
246 2409 297 2448 ud
329 2409 565 2461 Phoenices,
592 2415 636 2450 ut
664 2411 782 2451 docet
812 2410 1004 2465 Scaliger
1031 2414 1083 2453 ad
1113 2414 1326 2455 Eusebium
1354 2428 1393 2467 p.
1416 2418 1509 2456 149.

194 2461 222 2504 Ι
247 2462 306 2505 id.
336 2468 376 2506 2.
447 2465 611 2506 Librum
651 2466 702 2505 de
739 2464 908 2508 Insulis
939 2480 1054 2520 quem
1082 2468 1394 2522 Philostephano
1436 2470 1538 2510 scri-

85 2521 180 2569 ptor
210 2523 350 2559 noster
381 2519 598 2569 adscribit,
629 2533 785 2561 necnon
812 2521 984 2563 Servius
1028 2523 1071 2564 in
1097 2528 1120 2564 1
1149 2524 1249 2565 Aen.
1279 2526 1397 2567 iuxta
1427 2525 1538 2565 codi-

82 2584 171 2612 cem
198 2573 454 2625 Fuldensem‚
482 2575 685 2615 Heraclidi
716 2577 859 2616 tribuit
878 2577 1110 2631 Stephanus
1139 2579 1182 2620 in
1206 2577 1414 2633 Ὠλάκρος.
1443 2580 1538 2621 vide

83 2627 269 2668 Vossium
300 2628 352 2668 de
385 2629 591 2669 historicis
623 2630 806 2671 Graecis.

194 2691 305 2735 Ibid.
332 2698 372 2735 3.
431 2695 554 2736 Liber
582 2697 674 2736 lstri
701 2697 750 2736 de
768 2695 954 2738 coloniis
965 2694 1147 2753 Aeyypti
1175 2701 1367 2741 laudatur
1398 2713 1423 2741 a
1443 2700 1536 2741 Ste-

79 2746 217 2799 phano
265 2749 308 2790 in
340 2746 550 2803 Αἰγιαλὸς
595 2755 636 2791 et
656 2743 823 2799 Ὤλενος
832 2784 844 2804 ,
889 2758 928 2793 et
968 2766 994 2794 a
1022 2754 1227 2796 Clemente
1255 2756 1536 2797 Alexandrino
