1780 3132
358 143 411 182 lN
449 140 810 182 SYNECDEMUM
852 136 1286 181 COMMENTAmUs.
1433 127 1529 175 4143

213 267 307 314 393,
334 268 404 304 27.
461 261 878 315 ΙΙἸαγησιασούηολις]
910 263 967 302 sie
993 274 1086 308 mss,
1111 273 1186 313 pro
1213 254 1439 310 Μαγνησία
1460 258 1529 296 Σι-

107 315 251 360 πύλου.
279 320 383 359 unde
421 320 529 360 numi
558 316 910 358 ῙΙῙΑΓΝΗΤΩΝ
947 314 1220 357 ΣΙΠΥΛΟΥ.
1257 319 1421 367 peccato
1449 327 1530 353 nou

106 375 287 415 dissimili
318 374 490 414 Basilius
529 374 736 426 episcopus
777 368 1024 423 Μαγνησίας
1065 369 1237 409 Ἠπίλου
1266 370 1435 410 concilio
1461 369 1529 409 Ni-

105 441 229 470 caeno
256 429 430 470 secundo
457 429 669 469 subscribit
693 441 732 480 p.
759 429 855 466 571.

215 493 324 536 Ιῠὶά.
353 498 422 536 28.
496 489 643 545 Ἀπάη]
685 496 821 534 natum
859 491 935 532 hoc
963 491 1123 532 videtur
1161 503 1212 531 ex
1240 486 1394 540 Ἀγάη,
1421 489 1531 529 cuius

105 550 314 602 episcopus
342 549 541 591 Constans
567 549 611 589 in
638 548 813 589 Nicaeno
833 547 1006 586 secundo
1035 560 1074 599 p.
1094 548 1177 586 350
1199 542 1356 591 πόλεως
1381 538 1531 595 Ἀγάης

103 605 260 645 dicitur.
290 605 332 645 id
362 617 459 645 vero
488 616 540 644 ex
555 599 717 654 Λίγάηε
744 602 850 642 unde
864 601 1057 651 Cyriacus
1077 597 1236 651 Αἴγλης
1266 611 1341 652 pro
1368 595 1533 648 Αἰγάης

103 659 216 700 Actis
235 659 477 701 Chalcedon.
498 672 538 711 p.
557 662 636 698 127
663 657 865 707 inseritur,
893 656 958 710 qui
990 670 1027 709 p.
1040 660 1121 697 322
1147 653 1308 705 Αἰγέας
1335 659 1376 695 et
1398 668 1436 707 p.
1450 655 1534 693 508

108 712 269 766 Αἰγέης
294 719 335 756 et
361 727 400 767 p.
419 717 502 755 664
528 708 691 763 Αἰγάης
722 707 891 756 πόλεως.
959 711 1240 764 intelliguntur
1259 710 1399 763 Aegae
1429 709 1534 748 Aeo-

111 769 227 820 lio-2⁴³,
258 780 424 822 quarum
452 780 596 809 nomen
628 767 781 807 seriore
799 770 932 807 aetate
959 767 1002 807 in
1031 767 1153 807 aliam
1179 766 1350 805 formam
1379 764 1535 806 diceres

106 836 333 877 procusum,
364 823 399 863 si
427 824 521 877 quid
550 823 612 863 his
641 822 790 862 inesset
823 821 1075 862 auctoritatis
1095 820 1395 863 monumentis:
1423 819 1533 859 duci-

103 890 195 920 mur
217 879 323 921 enim
349 879 433 920 illis
473 878 525 920 ad
565 875 724 927 Αἰγέαν
759 881 878 930 atque
903 874 1080 928 Αἰγάην.
1148 876 1318 916 florente
1355 874 1535 914 Graecia

103 946 187 975 non
215 930 354 985 Αἰγὰς
381 937 537 974 tantum
573 932 645 971 sed
673 929 855 981 Αἰγαίας
885 931 1169 984 appellabant3
1201 931 1306 983 quod
1335 929 1535 982 posterius

104 989 181 1030 etsi
209 989 310 1029 certi
337 1000 432 1028 usus
460 993 532 1039 est,
563 1000 644 1027 non
672 990 805 1026 tamen
832 986 960 1026 solum
979 998 1053 1038 pro
1076 986 1179 1026 bono
1208 989 1269 1024 est
1294 983 1534 1028 habendum.

101 1043 251 1086 suidas
264 1036 433 1095 Πόλλης
449 1037 649 1093 Αἰγιεύς,
678 1036 759 1078 α’πὸ
778 1039 922 1091 Αἰγῶν
939 1040 1013 1091 τῆς
1038 1039 1190 1090 Ἀσίας,
1220 1042 1350 1077 κεῖται
1370 1037 1415 1076 δὲ
1431 1039 1535 1089 πλη-

102 1095 194 1138 σίον
208 1096 460 1149 Μαγνησίας
477 1093 550 1135 καί
562 1092 764 1147 Σμύρνης.
783 1096 823 1135 ἰη
839 1096 981 1148 quibus
996 1095 1269 1143 Grammatici‚
1291 1095 1387 1134 licet
1398 1094 1537 1146 Aegas

103 1153 339 1206 longissimo
360 1157 559 1193 terrarum
581 1151 797 1191 intervallo
819 1150 994 1200 Smyrna
1018 1154 1193 1190 remotas
1207 1163 1287 1189 non
1305 1149 1459 1198 dixero,
1470 1160 1537 1188 rc-

102 1208 204 1248 etius
222 1212 352 1273 putem
370 1206 441 1246 καί
455 1204 671 1258 Μυρίνηςε
702 1205 763 1245 illi
784 1205 885 1246 enim
902 1206 1108 1257 proximae
1132 1209 1247 1244 erant
1262 1208 1302 1243 et
1318 1208 1535 1257 propterea

101 1260 237 1314 Λίγαι
263 1261 308 1301 ἐν
334 1262 534 1315 Μυρρίνῃ
563 1259 770 1312 Stephano
807 1260 949 1301 dictae.
1006 1260 1110 1300 idem
1128 1259 1307 1300 Galenus
1337 1256 1434 1307 περί
1465 1255 1535 1295 ειῖ-

99 1314 259 1367 χυμίας
284 1318 423 1370 p.358
444 1316 537 1356 edit.
565 1315 688 1355 Basil.
719 1316 871 1355 firmat:
900 1314 1083 1358 τοιοῦτος
1114 1312 1159 1352 δὲ
1189 1314 1275 1352 ἐστι
1304 1315 1402 1364 παρ’
1434 1309 1532 1362 ἡμῖν

99 1371 147 1410 ἑν
187 1371 344 1422 Αἰγαῖς
379 1368 452 1410 καί
476 1367 747 1423 Περπερίνῃ,
794 1369 842 1422 τῇ
877 1368 954 1419 μὲν
997 1363 1137 1422 ὁμόρῳ
1178 1365 1381 1421 Μυρίνῃ,
1410 1366 1462 1419 τῇ
1486 1364 1532 1404 δὲ

100 1421 329 1481 Περγάμῳ.
398 1430 438 1467 et
474 1425 589 1466 brevi
617 1429 729 1477 post:
768 1419 791 1461 ὅ
833 1422 879 1462 δὲ
908 1422 952 1462 ἐν
990 1421 1146 1474 Αἰγαῖς
1174 1420 1245 1461 καί
1273 1421 1532 1474 Περπερίνῃ,

99 1480 221 1530 μέσοι
246 1477 404 1520 τούτων
432 1479 548 1520 εἰσίν.
603 1491 706 1532 quae
733 1479 867 1532 utique
883 1473 1022 1529 Αἰγάς
1052 1483 1093 1518 et
1122 1483 1302 1518 nostram
1330 1477 1530 1517 coniectu-

99 1547 188 1576 ram
214 1536 463 1588 probabilem
489 1534 655 1575 faciunt.
711 1539 878 1586 possunt
918 1534 1018 1574 haec
1051 1546 1137 1573 cum
1165 1533 1320 1573 Theod.
1348 1533 1530 1572 Lam-cn-

99 1590 393 1631 tio-Gronovio
422 1591 465 1632 in
493 1591 684 1631 Marmor.
705 1589 829 1630 Rasin
852 1602 886 1630 c.
914 1593 970 1629 32
994 1588 1036 1629 in
1058 1586 1253 1639 Αἰγαίας,
1282 1588 1387 1641 quod
1415 1587 1532 1626 unice

99 1657 237 1686 verum
263 1646 532 1696 existimabat,
573 1644 774 1697 perverti,
802 1649 846 1685 at
882 1656 962 1683 non
997 1644 1086 1684 sine
1117 1648 1259 1695 aperta
1286 1643 1343 1682 vi.
1373 1642 1531 1682 incolas

100 1699 266 1740 Tacitus
297 1700 443 1740 Annal.
473 1703 500 1739 2
528 1702 580 1739 47
610 1699 811 1752 Aegeatas
838 1699 1043 1750 appellat,
1072 1698 1140 1750 qui
1169 1697 1423 1750 quantumvis
1452 1696 1533 1735 Ae-

99 1758 273 1806 gaeatae
296 1767 357 1795 ms
384 1755 641 1803 Florentino,
682 1758 727 1793 ut
753 1753 816 1792 vir
842 1753 1091 1793 doctissimus
1129 1752 1427 1801 animadvertit,
1458 1763 1532 1790 vo-

98 1812 261 1859 centur,
296 1821 376 1849 non
419 1810 546 1850 ausim
574 1814 706 1848 tamen
733 1807 937 1860 Aegeatas
964 1820 1130 1860 prorsus
1159 1819 1374 1859 spernere:
1403 1818 1534 1859 neque

99 1863 204 1904 enim
231 1856 338 1908 οἶνος
366 1859 575 1913 Αἰγεάτης
618 1863 793 1903 eiusdem
820 1862 965 1902 Galeni
992 1862 1169 1902 Method.
1211 1862 1388 1913 Therap.
1418 1862 1446 1902 1.
1477 1865 1533 1900 12

100 1931 139 1970 p.
174 1920 255 1958 164
284 1917 327 1958 id
359 1918 606 1970 permiserit,
651 1917 718 1971 qui
744 1929 954 1970 perperam
979 1913 1127 1968 Ὑγιεΐν
1155 1918 1183 1957 1.
1210 1919 1239 1956 5
1266 1930 1306 1969 p.
1335 1920 1417 1956 270
1446 1914 1533 1955 Αἰ-

96 1972 269 2024 γαυσιής
293 1973 494 2014 scribitur.
552 1972 644 2012 vide
672 1976 711 2011 et
741 1972 887 2012 Anton.
920 1972 1056 2012 ltiner.
1085 1986 1124 2025 p.
1156 1974 1248 2013 146.

205 2035 313 2079 Ιῠίιί.
331 2042 398 2080 28.
460 2037 629 2087 Τὲμνος]
661 2038 740 2078 imo
768 2037 939 2089 Τῆμνος,
968 2051 1042 2090 pro
1073 2050 1149 2091 quo
1173 2036 1332 2087 Τύμνος
1364 2037 1406 2078 in
1433 2048 1529 2078 con-

96 2091 190 2134 cilio
217 2093 394 2134 Nicaeno
424 2094 596 2134 seeundo
624 2107 662 2146 p.
681 2096 763 2134 350
796 2097 837 2133 et
864 2106 959 2132 mox
990 2087 1183 2130 Φώκαια.

204 2156 312 2200 Ιῠὶά.
369 2158 564 2208 Μυρίνα]
605 2159 720 2199 sicuti
765 2159 880 2198 huius
910 2159 1041 2199 locum
1079 2159 1122 2198 in
1152 2157 1280 2198 Suida
1317 2157 1530 2209 occupavit

94 2211 283 2263 Smyrna,
313 2213 371 2254 ita
398 2214 567 2254 subinde
593 2214 633 2254 in
662 2215 920 2254 conciliorum
937 2213 1048 2253 Actis
1076 2218 1115 2252 et
1130 2212 1320 2253 Aristidis
1341 2212 1528 2254 sermon.

95 2266 212 2308 Sacr.
238 2270 267 2307 5
294 2273 387 2308 tom.
417 2272 440 2309 1
467 2282 507 2321 p.
524 2272 606 2309 618
634 2273 673 2308 et
698 2273 781 2309 619
798 2301 808 2320 ‚
837 2269 954 2309 sicuti
982 2269 1204 2309 Palmerius
1233 2267 1456 2308 Exercitat.
1486 2280 1527 2320 p.

95 2324 179 2363 471
208 2323 424 2371 admonuit,
450 2323 555 2364 idem
581 2323 722 2364 molita
753 2328 825 2363 est.

206 2385 314 2428 Ihm„
382 2384 530 2438 Μύκη]
572 2389 702 2429 scribe
742 2384 893 2439 Κύμη,
937 2401 1014 2442 quo
1056 2389 1154 2429 vitio
1193 2389 1384 2430 laborant
1423 2388 1529 2429 Acta

93 2440 338 2482 Chalcedon.
367 2456 405 2495 p.
436 2447 537 2492 675,
569 2457 655 2484 cum
695 2444 1001 2496 Chrysogonum
1042 2442 1198 2490 πόλεως
1227 2440 1380 2493 ΙΙΙύκης
1407 2456 1526 2496 prac-

91 2497 219 2536 sulem
247 2498 369 2537 fuisse
391 2498 616 2538 adfirmant.

205 2561 312 2603 lbid.
341 2567 407 2604 29.
461 2561 616 2611 Ἐλαιά]
656 2565 996 2615 Pergamenorum
1040 2568 1129 2603 crat
1167 2565 1315 2604 navale
1335 2596 1345 2613 ‚
1382 2563 1526 2603 stadiis

93 2620 173 2656 120
201 2618 253 2656 ab
281 2630 414 2658 eorum
445 2619 543 2658 urbe
572 2619 727 2658 distans
756 2619 860 2670 apud
881 2618 1122 2658 Strabonem
1149 2619 1176 2659 Ι.
1196 2623 1249 2659 13
1280 2633 1318 2671 p.
1342 2621 1437 2665 615,
1466 2618 1527 2657 cui

92 2671 311 2714 Aristidem
338 2674 460 2726 iunge
490 2679 582 2714 tom.
609 2678 645 2715 1.
677 2687 715 2726 p.
743 2677 824 2714 620
854 2679 894 2713 et
921 2673 1117 2715 Galenum
1148 2673 1176 2714 1.
1209 2678 1232 2714 1
1265 2675 1316 2714 de
1344 2672 1523 2713 Antidot.
