1780 3132
194 127 252 171 12
461 125 823 171 CONSTANTINI
854 126 1342 170 PORPHYROGENITI

188 241 364 295 μαριτιόν
387 240 452 279 καὶ
481 239 579 292 ἄλλη
601 238 790 291 Πισιδικὴ
811 239 876 278 καὶ
897 236 1007 292 ἑτέρα
1030 239 1245 292 Θετταλικὴ
1269 239 1333 279 καὶ
1354 237 1452 292 ἄλλη
1475 237 1603 287 ἄλλως

189 305 470 358 ὠνομασμένη,
500 304 575 347 ὑπὸ
606 308 728 346 ὁόὕκα
755 306 819 345 καὶ
845 302 1015 358 ἡγεμόνα
1040 304 1323 358 τυγχάνουσαι,
1355 303 1539 354 πολλάκις
1560 305 1603 346 δὲ

189 374 254 413 καὶ
272 371 539 426 πραιπόσιτον.
605 373 671 412 καὶ
687 375 811 411 ταῦτα
828 370 942 423 mire,-
977 370 1040 412 ὅτε
1059 372 1093 412 οἶ
1111 376 1286 422 βασιλεῖς
1301 371 1399 424 μετὰ
1418 375 1488 413 τοῦ
1504 375 1603 412 λαοῦ

189 437 467 494 ἐπεστράτευον
482 440 547 479 καὶ
561 444 642 486 τοῖς
659 437 882 494 ἀπαίρουσι
899 438 966 479 τὸν
981 442 1051 491 τῆς
1061 436 1280 491 Ῥωμαϊκῆς
1297 439 1472 494 δουλείας
1489 438 1603 492 ζυγὸν

188 507 415 546 ἐπετίθεσαν
446 507 509 545 καὶ
541 509 685 558 μικροῦ
713 507 792 546 δεῖν
823 508 954 546 πᾶσαν
985 504 1056 557 τὴν
1088 505 1314 558 οἷκουμὲνην
1350 503 1635 559 ἐπολιόρκο-υνὸ

189 572 432 613 ἀτακτοῦσαν
453 573 518 612 καὶ
539 572 832 625 ἄντιλέγουσαν,
867 570 919 620 ὥς
939 569 958 612 ὅ
980 573 1138 627 Καῖσαρ
1156 570 1338 620 Ἰούλιος,
1374 569 1462 629 ὤςρ
1483 575 1604 623 σεβα-

190 639 284 687 στός
303 637 559 691 Αὔγουστος,
595 636 648 687 ὡς
669 637 689 679 ὃ
714 637 913 693 Τραϊανὸς
930 640 1071 687 ἐκεῖνος
1091 636 1111 679 ὃ
1133 636 1384 693 περιβόητος,
1420 635 1473 686 ὥς
1493 636 1513 678 ὃ
1533 638 1605 690 με’-

188 721 261 758 γας
279 706 318 745 ἐν
336 709 540 755 βασιλεῦσι
557 707 854 753 Κωνσταντῖνος
874 707 937 745 καὶ
960 703 1172 754 Θεοδόσιος
1189 707 1252 746 καὶ
1274 705 1310 745 οἱ
1328 704 1416 757 μετ’
1440 706 1605 758 ἐκείνους

188 771 256 812 τὸν
274 772 570 826 χριστιανισμὸν
589 775 653 813 καὶ
675 772 745 825 τὴν
764 772 991 823 θεοσέβειαν
1013 770 1295 823 ἀσπασάμενοι.
1363 771 1433 812 οὐκ
1456 766 1504 824 ἦν
1528 772 1604 826 γὰρ

190 838 292 886 εῗκὸς
319 839 514 889 βασιλὲιιις
543 841 603 880 ἐπὶ
636 841 902 893 στρατοπέδου
935 837 1128 892 παρόντος
1155 838 1372 894 στρατηγὸν
1403 836 1604 879 ὃιατάττε-
1617 842 1660 876 10

189 908 311 946 σθαι·
344 903 418 960 ὑφ’
447 903 639 959 ἡγεμόνας
660 905 735 959 γὰρ
757 908 822 946 καὶ
841 904 1054 957 ταξιάρχας
1071 906 1244 955 ἐτέλουν,
1276 906 1340 946 καὶ
1365 904 1438 946 ὅλα
1458 905 1508 946 τὰ
1528 909 1606 946 τῶν

188 973 383 1023 πολεμίων
400 970 613 1026 πράγματα
631 973 691 1013 ἐπὶ
713 976 760 1026 τῇ
781 976 851 1013 τοῦ
867 972 1062 1023 βασιλέως
1077 976 1204 1026 βουλῇ
1225 973 1488 1025 ἀπεκρέμαντο
1499 1003 1512 1021 ,
1541 974 1607 1014 καὶ

190 1043 266 1087 πᾶς
286 1036 305 1079 ὃ
323 1038 418 1086 λαὸς
437 1041 489 1087 εἷς
508 1040 573 1079 ἵνα
591 1041 655 1079 καὶ
671 1037 792 1091 μόνον
808 1039 876 1080 τὸν
893 1039 1057 1090 βασιλέα
1076 1036 1193 1092 ἑώρα.
1260 1037 1321 1079 ὅτε
1341 1039 1383 1079 δὲ
1399 1043 1468 1080 τοῦ
1485 1055 1608 1093 στρα-

188 1104 311 1146 τεύειν
333 1105 368 1145 οἱ
387 1109 563 1156 βασιλεῖς
589 1105 883 1155 ἀπεπαύσαντο,
918 1103 1002 1146 τότε
1023 1107 1087 1145 καὶ
1106 1104 1348 1159 στρατηγοὺς
1367 1107 1431 1146 καὶ
1449 1105 1609 1157 θέματα

190 1173 434 1227 διωρίσαντο.
501 1174 566 1213 καὶ
587 1174 640 1221 εἷς
658 1177 773 1213 τοῦτο
792 1173 997 1224 κατέληξεν
1017 1170 1041 1225 ἦ
1059 1177 1137 1213 τῶν
1151 1170 1355 1224 Ῥωμαίων
1373 1171 1472 1225 ἀρχὴ
1490 1172 1606 1227 μέχρι
1621 1179 1662 1214 15

187 1243 259 1292 τῆς
292 1237 475 1292 σήμερον.
540 1241 623 1281 νυνὶ
660 1240 702 1280 δὲ
732 1241 992 1292 στενωθείσης
1020 1237 1120 1280 κατά
1151 1256 1192 1280 τε
1221 1239 1292 1287 τὰς
1323 1238 1516 1287 ἀνατολὰς
1544 1241 1610 1280 καὶ
1763 1209 1780 1274 Ξ

190 1305 343 1358 δυσμὰς
371 1310 440 1359 τῆς
461 1305 679 1359 Ῥωμαϊκῆς
706 1307 908 1358 βασιλείας
936 1307 1000 1346 καὶ
1030 1306 1418 1360 ἀκρωτηριασθὲίσης
1441 1305 1517 1346 ἀπὸ
1540 1309 1610 1358 τῆς

191 1373 315 1427 ἀρχῆς
332 1371 567 1427 ἸΙρακλείου
590 1378 662 1414 τοῦ
680 1375 860 1425 Λίβυος,
895 1373 931 1413 οἱ
954 1372 1024 1413 ἀπ’
1050 1374 1192 1414 ἐκείνου
1218 1371 1502 1427 κρατήσαντες,
1536 1372 1608 1414 οὐκ

190 1438 340 1493 ἔχοντες
366 1439 454 1481 ὅποι
483 1442 548 1481 καὶ
576 1439 682 1490 ὅπως
705 1437 1019 1495 καταχρήσωνται
1041 1444 1090 1495 τῇ
1109 1440 1236 1481 αὐτῶν
1255 1440 1433 1498 ἓξοισία,
1467 1441 1521 1488 εἷς
1540 1457 1609 1492 μι-

273 1580 297 1613 2
329 1575 554 1621 τυγχάνουσα
583 1578 617 1611 V
649 1590 722 1612 cum
751 1577 945 1623 Bandurio,
979 1577 1009 1611 A
1033 1576 1140 1611 invito
1318 1577 1341 1612 3
1362 1576 1422 1611 καὶ
1445 1580 1524 1612 ante
1546 1587 1608 1632 ng.
1766 1535 1780 1624 ξ

275 1623 340 1657 add
364 1627 394 1656 A
514 1622 649 1667 no'm]
674 1622 775 1667 ποτέ,
799 1623 901 1667 vulgo
1022 1623 1043 1656 6
1065 1619 1279 1664 θαυμαστὸς
1299 1622 1332 1655 V
1443 1624 1485 1656 12
1502 1624 1610 1656 πολε-
1762 1623 1780 1688 '3

274 1668 378 1710 μων]
483 1669 526 1704 13
550 1669 601 1707 εἰς
624 1670 689 1702 add
711 1668 739 1702 A
848 1669 890 1703 15
911 1668 1028 1701 ταῦτα
1049 1668 1078 1699 V
1183 1665 1302 1710 μέχρις
1325 1667 1354 1700 C
1457 1669 1497 1700 16
1519 1667 1609 1711 τῆς]
1772 1690 1780 1710 2

273 1711 335 1746 καὶ
357 1712 390 1745 V
548 1714 783 1756 στενωθείσης
804 1713 870 1756 τῆς
892 1710 1079 1755 Ῥωμαίων
1100 1709 1221 1765 ἀρχῆς,
1236 1709 1349 1755 ἤγουν
1371 1711 1435 1754 τῆς
1454 1708 1609 1753 Ῥωμαϊ-
1775 1712 1780 1730 ’-

273 1759 347 1812 κ’ῆςὶ
364 1757 546 1836 &galetas
566 1760 627 1793 καὶ
649 1755 1000 1803 ἀκρωτηριασθείσης
1020 1769 1113 1791 κατα
1136 1769 1174 1792 τε
1198 1754 1380 1796 ανατολὰς
1397 1755 1459 1790 καὶ
1473 1754 1613 1799 δυσμὰς

273 1815 349 1837 ano

188 1925 400 1969 maritarum,
434 1926 501 1960 alia
532 1925 701 1969 Pisidica,
736 1925 802 1959 alia
832 1924 1050 1968 Thessalica,
1085 1923 1240 1968 aliaeque
1259 1922 1359 1957 aliter
1381 1927 1614 1967 nuncupatam

187 1982 276 2014 qnae
308 1972 449 2005 ducibus
480 1976 515 2004 et
546 1971 751 2016 praefectis,
785 1982 889 2015 saepe
920 1970 1020 2003 etiam
1054 1969 1258 2013 praepositis
1285 1968 1440 2002 subditae
1461 1969 1613 2001 fuerunt.

185 2023 291 2059 atque
314 2017 398 2050 haec
421 2016 555 2060 quidem
580 2016 676 2059 olim,
702 2027 776 2049 cum
799 2015 1020 2060 imperatores
1045 2025 1109 2047 una
1132 2025 1204 2047 cum
1227 2013 1353 2057 populo
1378 2013 1614 2057 expeditiones

185 2062 360 2104 facerent,
395 2066 430 2094 et
463 2061 499 2093 in
530 2072 588 2094 eos
621 2061 679 2105 qui
712 2061 883 2094 Romanae
907 2059 1083 2093 servitutis
1107 2059 1219 2101 iugum
1242 2058 1478 2090 detrectabant
1497 2057 1614 2102 copias

184 2106 366 2149 ducerent,
391 2118 431 2139 ac
451 2110 556 2138 totum
578 2107 651 2139 fere
672 2107 786 2139 orbem
806 2110 971 2138 terrarum
991 2103 1192 2137 renitentem
1213 2102 1499 2146 reluctantemque
1518 2102 1614 2136 subi-

186 2156 324 2195 gerent,
363 2151 638 2195 quemadmodum
668 2150 773 2184 Iulius
805 2150 951 2192 Caesar,
983 2154 1020 2181 ut
1047 2147 1251 2181 venerabilis
1272 2146 1329 2180 ille
1352 2148 1544 2190 Augustus,
1577 2151 1615 2181 ut

187 2195 428 2230 celeberrimus
460 2195 519 2228 ille
552 2195 743 2237 Traianus,
776 2199 974 2239 utmagnus
996 2193 1053 2226 ille
1074 2192 1259 2237 imperator
1282 2191 1544 2234 Constantinus,
1579 2196 1615 2226 et

188 2241 424 2284 Theodosius,
457 2247 492 2273 et
523 2240 581 2283 qui
604 2245 682 2283 post
704 2239 780 2273 illos
805 2239 1032 2273 Christianam
1055 2237 1251 2280 religionem
1276 2247 1315 2270 ac
1337 2236 1444 2271 divini
1469 2236 1614 2270 numinis

188 2287 311 2320 cultum
343 2291 420 2319 sunt
450 2285 606 2328 amplexi.
653 2296 763 2328 neque
785 2286 872 2318 enim
896 2295 958 2329 par
981 2288 1055 2316 erat
1075 2283 1151 2326 ipso
1175 2282 1379 2325 imperatore
1401 2282 1435 2314 in
1462 2282 1615 2316 exercitu

187 2336 350 2364 versante
381 2335 569 2374 praetorem
599 2330 790 2372 designari,
829 2330 860 2363 si
888 2329 1022 2374 quidem
1052 2329 1114 2361 sub
1138 2327 1279 2359 ducibus
1304 2332 1339 2360 et
1361 2326 1615 2362 centurionibus

188 2378 377 2420 degebant,
403 2375 579 2418 omniaque
604 2374 723 2407 bellica
747 2374 885 2417 negotia
907 2375 949 2407 ab
973 2372 1188 2416 imperatoris
1210 2371 1385 2405 voluntate
1408 2372 1614 2416 pendebant,

188 2428 226 2455 et
260 2421 375 2466 populi
405 2420 510 2453 totius
543 2419 631 2452 oculi
661 2419 696 2452 in
727 2430 826 2452 unum
858 2431 898 2458 ac
929 2418 1033 2452 solum
1062 2417 1298 2460 imperatorem
1329 2422 1426 2449 erant
1455 2415 1614 2451 coniecti.

188 2478 261 2500 cum
297 2477 378 2498 vero
414 2465 636 2508 imperatores
667 2464 940 2508 expeditionibus
968 2463 1136 2496 interesse
1160 2461 1352 2503 desierunt,
1390 2466 1459 2494 tum
1485 2461 1615 2494 demum

187 2515 366 2556 praetores
390 2516 426 2543 et
446 2511 596 2543 themata
619 2510 814 2542 constituta.
862 2514 964 2552 atque
987 2509 1072 2541 hanc
1092 2506 1227 2549 quidem
1248 2506 1411 2539 rationem
1430 2506 1616 2539 Romanum

187 2556 365 2601 imperium
387 2555 422 2588 in
445 2555 642 2588 hodiernum
668 2565 774 2598 usque
798 2553 886 2586 diem
907 2552 1030 2586 tenuit.
1076 2562 1192 2584 verum
1216 2562 1321 2594 nunc,
1345 2561 1419 2583 cum
1443 2550 1616 2583 Romano-

187 2612 259 2635 rum
282 2600 493 2646 principatus
516 2610 575 2632 seu
602 2599 785 2632 Romanum
810 2598 986 2642 imperium
1009 2595 1186 2640 angustius
1207 2595 1254 2629 sit
1274 2595 1418 2638 factum,
1443 2600 1479 2628 et
1499 2599 1613 2629 extre·-

187 2645 251 2680 mis
284 2645 414 2689 aliquot
443 2643 630 2689 provinciis
661 2649 728 2676 tam
756 2643 920 2676 orientem
954 2653 1051 2686 quam
1083 2651 1238 2674 occasum
1267 2650 1387 2673 versus
1410 2637 1458 2674 sit
1479 2639 1614 2677 mutila-

188 2697 256 2723 tum
282 2691 324 2723 ab
348 2690 490 2733 imperio
514 2687 667 2722 Heraclii
689 2687 833 2730 Libyci,
859 2688 918 2730 qui
942 2693 1020 2731 post
1042 2697 1116 2719 eum
1139 2689 1343 2728 regnarunt,
1366 2695 1439 2718 cum
1462 2694 1530 2717 non
1552 2683 1614 2718 ha—

187 2736 311 2770 berent
340 2735 398 2768 ubi
427 2739 487 2768 aut
517 2733 684 2779 quomodo
709 2733 894 2778 potentiam
917 2731 1189 2775 dominatumque
1210 2740 1305 2764 suum
1330 2733 1545 2773 exercerent,
1578 2727 1614 2765 in
