1780 3132
354 146 409 186 IN
441 143 803 186 SYNECDEMUM
844 138 1281 184 COMMENTAmUS.
1436 121 1531 178 413

106 259 183 301 nisi
201 250 403 308 Ἀγριλος
431 257 506 304 sit,
543 258 592 297 de
621 270 700 310 qua
726 270 806 297 non
835 257 959 309 longe
996 268 1022 296 a
1048 253 1265 304 Strymone
1291 255 1411 306 atque
1437 251 1533 293 Am-

106 313 256 368 phipoli
283 318 438 353 remota
467 313 720 363 Thucydides
749 315 776 353 4
805 315 897 362 103,
928 310 1029 351 nihil
1057 309 1242 362 expedio.

178 426 181 431 ff
214 386 388 434 391,14.
449 382 679 434 Τριζιιουλα]
696 395 780 424 1ιιιεε
797 378 1037 433 Πρίμουλα,
1066 380 1172 434 quod
1201 391 1345 420 nomen
1372 378 1418 420 L.
1435 378 1533 418 Hol-

108 439 250 479 steinio
278 439 330 480 ad
360 438 512 491 Georg.
541 439 584 479 S.
598 438 690 479 Car.
720 452 746 480 a
775 437 818 479 S·
845 437 987 477 Paullo
1019 436 1154 477 verius
1184 435 1343 476 videtur
1369 437 1535 487 propter

108 494 356 535 Timotheum
385 494 621 546 Primopolis
649 493 898 547 episcopum,
941 491 1007 545 qui
1035 491 1206 531 concilio
1230 490 1533 542 Constantinop.

106 550 179 590 sul)
207 550 403 590 Flaviano
439 549 648 589 scribendo
689 548 828 589 adfuit.
891 550 933 587 at
962 545 1063 586 nihil
1091 547 1161 585 ille
1189 545 1313 596 iuvat,
1340 544 1535 597 siquidem

105 605 375 657 Primopoleos
418 604 459 644 in
489 604 746 656 Pamphylia,
773 602 846 652 τῆς
877 597 1212 652 Πριμουπόλεως
1241 599 1311 650 τῆς
1339 600 1537 650 Παμφυ-

105 656 210 710 λιάς,
235 663 279 699 ut
302 673 341 712 p.
368 662 458 700 12⁷.
515 672 626 699 conc.
654 656 1006 707 Chalcedonensis,
1037 657 1105 696 ubi
1131 655 1235 696 Acta
1256 655 1399 705 synodi
1429 654 1535 695 Con-

108 714 491 767 stantinopolitanae
527 718 761 766 repetuntur
778 745 788 761 ‚
819 712 982 765 praesul
1019 711 1106 752 fuit.
1173 711 1350 752 viderint
1375 709 1447 750 alii
1473 709 1536 750 la-

107 774 243 810 teatne
270 769 314 810 in
343 782 443 810 voce
470 769 686 810 Ptolemaei
704 767 923 819 Τρίστολος
952 767 993 808 in
1003 765 1180 818 Sentica,
1205 765 1288 807 illis
1313 777 1416 819 quae
1442 777 1536 806 mox

107 829 323 878 sequentur
348 824 495 865 vicina.

217 893 325 937 Ibid.
383 889 714 944 Παρθικόπολις]
748 893 976 933 Ptolemaeo
1008 888 1322 943 Παροικόπολις
1347 890 1536 932 librario-

111 960 198 989 rum
226 954 409 1002 peccato,
448 947 940 988 ΠΛΡΘΙΚΟΠΟΛΙΝ
971 948 1015 989 in
1046 944 1539 987 ΠΑΡΟΙΚΟΠΟΛΙΝ

113 1006 368 1054 mutantium3
406 1017 520 1059 quem
549 1004 714 1044 eundem
752 1015 929 1043 errorem
960 1003 1000 1043 in
1034 1001 1266 1055 Longaevis
1300 1001 1536 1054 Phlegontis

112 1059 315 1100 Tralliani
341 1073 373 1099 c.
405 1065 428 1100 1
458 1065 522 1100 ter
547 1063 807 1100 erraverunt:
840 1055 1040 1103 Ἀιδέσιος
1064 1055 1172 1101 Alta
1194 1052 1538 1106 Παροικοπὸλεως

109 1111 349 1154 ΙΙῙακεδών·
413 1114 549 1160 Βίθυς
585 1113 796 1161 Λιζάστου
839 1107 1191 1160 Παροικοπόλεως
1234 1111 1305 1163 τῆς
1334 1106 1538 1148 Μακεδό-

107 1180 210 1207 νων·
284 1168 563 1221 Ζαικεδὲνθης
614 1164 849 1208 Μουκάσου
902 1165 1266 1218 Παροικοπολίτης
1312 1160 1536 1214 Μᾳκεδών.

110 1237 247 1265 verum
275 1237 364 1264 esse
390 1224 514 1275 urbis,
545 1225 650 1277 quod
678 1222 883 1263 Hierocles
922 1222 1049 1272 offert,
1076 1234 1309 1274 cognomen,
1339 1233 1419 1260 non
1447 1226 1537 1260 tan-

113 1283 195 1319 tum
223 1281 342 1320 lonas
366 1292 392 1319 a
430 1279 666 1320 Macedonia
709 1279 759 1318 de
787 1276 1080 1329 Parthicopoli,
1120 1289 1234 1330 quem
1262 1276 1359 1316 alibi
1391 1288 1443 1316 ex
1468 1276 1538 1316 ffi-

110 1335 206 1375 larii
233 1334 470 1387 fragmentis
514 1335 795 1387 produximus,
825 1333 1038 1383 patefacit,
1064 1333 1135 1372 sed
1163 1333 1333 1371 loannes
1364 1331 1538 1381 Παρθι-

110 1388 370 1436 κουπόλεως,
413 1390 480 1444 qui
521 1390 688 1430 concilio
720 1386 1038 1447 chalcedonensi
1074 1400 1113 1439 p.
1145 1391 1226 1427 100
1254 1391 1294 1426 et
1320 1390 1400 1426 671
1444 1386 1537 1426 sub-

110 1444 286 1497 scripsit,
316 1444 412 1485 licet
437 1457 563 1498 prave
593 1444 1022 1496 Παρθενικουηολεως
1055 1442 1263 1495 episcopus
1288 1454 1327 1494 p.
1354 1443 1438 1481 566
1465 1453 1538 1495 ap..

107 1500 292 1553 pelletur.

215 1569 325 1613 Ibid.
354 1571 419 1613 15.
476 1570 708 1622 Στρυμνοῦ]
735 1571 814 1613 imo
844 1567 1092 1625 Στρύμονος.
1149 1567 1314 1611 Sentica
1340 1567 1540 1621 intelligi·

110 1629 188 1679 tur,
215 1626 278 1667 illi
305 1626 429 1667 fluvio
455 1626 600 1667 vicina.

220 1695 329 1739 Ibid-
384 1696 552 1747 Σέρραι]
595 1698 650 1738 Io.
677 1698 906 1738 Harduinus
941 1697 984 1737 in
1011 1696 1130 1736 Plinii
1155 1697 1183 1736 l.
1213 1699 1240 1736 4
1282 1708 1316 1735 e.
1346 1699 1400 1735 10
1431 1694 1541 1747 Δέρ-

114 1764 186 1801 ραι
213 1751 395 1806 corrigit,
422 1764 498 1804 quo
528 1753 611 1792 eius
627 1753 834 1804 scriptoris
845 1753 1002 1792 Derrha
1023 1764 1112 1791 esse
1133 1756 1275 1804 queat3
1309 1753 1370 1791 cui
1403 1763 1540 1791 emen-

115 1806 271 1848 dationi
296 1807 564 1848 Maximianus
592 1807 799 1860 episcopus
814 1806 1054 1847 Derrhensis
1081 1806 1259 1846 civitatis
1278 1806 1541 1846 Macedoniae

115 1873 169 1902 ex
197 1863 364 1903 concilio
392 1861 634 1902 Chalcedon.
674 1876 712 1914 p.
742 1865 823 1903 38?
852 1864 1038 1913 faveret,
1080 1861 1157 1901 nisi
1185 1860 1351 1911 Σερραῖν
1377 1866 1418 1900 et
1437 1860 1541 1910 Σερ-

110 1914 242 1966 ραίων
264 1915 430 1968 πρώτης
469 1916 737 1962 Μακεδονίας
775 1931 814 1969 p.
847 1922 927 1956 100
958 1922 997 1956 et
1026 1920 1107 1957 317
1143 1921 1367 1964 vocaretur,
1396 1920 1436 1956 et
1463 1915 1551 1957 ali-v

113 1972 220 2012 unde
250 1972 397 2013 Serras
425 1972 525 2012 bene
552 1971 702 2013 habere
739 1977 953 2012 constaret.
1009 1973 1058 2011 de
1087 1971 1166 2011 situ
1195 1971 1280 2011 alia
1304 1971 1356 2011 lis
1391 1975 1464 2011 est.
1491 1972 1541 2012 L.

112 2026 333 2068 Holsteinio
361 2027 396 2068 si
426 2027 618 2078 accrediS‚
643 2027 794 2068 Serrae
825 2032 864 2067 et
891 2027 1064 2080 Philippi
1090 2026 1313 2067 nominibus
1341 2027 1542 2068 duntaxat

114 2081 330 2124 distinctae
367 2085 492 2123 fuere.
557 2080 645 2134 fuit
673 2082 793 2134 dein,
835 2083 875 2123 in
905 2083 963 2122 uit
983 2084 1035 2123 ad
1064 2082 1215 2135 Geogr.
1245 2081 1289 2122 S.
1318 2081 1410 2122 Car.
1439 2094 1466 2123 a
1494 2081 1540 2123 S.

115 2137 261 2187 Paullo
286 2139 336 2178 de
361 2138 578 2191 Philippis,
603 2138 856 2192 metropolis
883 2161 896 2178 A
912 2135 1169 2178 lacedoniae
1201 2135 1419 2178 Thraciae
1447 2138 1541 2178 sive

114 2192 343 2246 secundae,
369 2204 477 2247 quae
503 2197 548 2233 et
557 2191 795 2244 Salutaris,
823 2192 991 2234 Serrae
1009 2196 1163 2246 postea
1179 2191 1310 2245 dicta,
1332 2196 1378 2234 at
1399 2195 1443 2234 et
1458 2192 1541 2234 hoc

117 2250 317 2300 tempore,
351 2248 460 2289 unde
490 2248 676 2290 Nicetas
705 2245 726 2285 ὁ
755 2247 932 2299 §copon
989 2253 1033 2289 at
1063 2248 1164 2288 enim
1195 2261 1275 2288 non
1312 2248 1353 2288 in
1371 2248 1541 2289 Chalce-

116 2301 304 2343 donensis
335 2307 488 2344 tantum
504 2303 661 2344 concilii
675 2303 788 2344 Actis
805 2303 1013 2344 Serrensis
1032 2307 1072 2343 et
1084 2303 1347 2356 Philippensis
1366 2303 1541 2357 episcopi

116 2363 308 2410 perpetuo
337 2359 625 2411 dissociantur,
654 2359 725 2399 sed
764 2363 804 2398 et
829 2359 989 2399 Notitiis
1029 2358 1334 2408 ecclesiasticis3
1362 2366 1408 2400 ut
1438 2360 1542 2400 satis

116 2425 165 2452 ea
193 2413 269 2453 viri
301 2414 457 2466 egregii
486 2414 611 2454 verba
640 2415 780 2454 mirari
807 2428 887 2454 non
921 2414 1081 2466 possim.
1137 2414 1234 2454 Abr.
1262 2415 1416 2456 ortelio
1443 2415 1542 2455 Ser-

115 2478 188 2507 rae
216 2468 268 2508 ad
297 2469 447 2520 Tempe
474 2469 676 2521 pertinere
703 2469 891 2510 videntur
918 2470 1025 2510 circa
1052 2470 1258 2511 Larissam
1277 2469 1542 2510 Berrhoeam-

117 2534 205 2575 que:
236 2523 298 2563 cui
326 2523 505 2576 opinioni
531 2525 691 2565 fortean
719 2525 914 2578 originem
942 2525 1102 2566 Nicetas
1131 2525 1348 2566 Choniates
1371 2526 1413 2566 in
1440 2525 1540 2566 Reb.

114 2577 302 2618 Balduini
327 2592 365 2631 p.
396 2581 478 2620 295
511 2579 708 2631 praebuit.
777 2580 847 2618 nai
871 2576 947 2625 τὰς
985 2575 1147 2630 πόλεις,
1179 2581 1321 2634 inquit,
1347 2580 1543 2629 μέτεισιν,

115 2628 211 2670 ὅσαι
239 2645 280 2670 τε
312 2632 409 2682 περὶ
435 2633 595 2685 Σέρρας
621 2631 954 2682 καθυπτιάζουσι
982 2633 1053 2673 καί
1077 2638 1162 2682 τοῖς
1189 2630 1299 2686 ὅροις
1326 2636 1398 2686 τῆς
1428 2636 1542 2682 Βερ-

115 2686 232 2738 ροιάς
262 2683 569 2741 προσὴυωνται,
597 2685 666 2729 καί
707 2684 803 2729 ὅσαι
831 2685 933 2743 πρὸς
962 2685 1012 2729 τοὶ
1047 2691 1189 2744 Τέμπη
1216 2688 1296 2731 τῶν
1324 2688 1542 2730 Θετταλῶν
