1780 3132
176 151 241 196 96
441 153 810 197 CONSTANTINI
841 153 1337 196 PORPHYROGENITI

178 257 389 316 ἱδρύσεως,
425 262 469 304 ὃν
484 261 675 312 Ἰουδαῖός
690 279 751 311 τις
769 261 941 318 ἔμπορος
958 261 1209 318 ὠνησάμενος
1222 264 1428 318 Ἐδεσηνὸς
1447 265 1607 306 ἐννακο-

178 330 266 377 σίας
297 328 498 382 καμήλους
528 328 751 385 ἓφόρτωσεν
780 329 903 372 αὐτοῦ
933 331 1002 372 τὸν
1028 329 1191 384 χαλκόν.
1258 325 1372 380 οὗτος
1393 329 1413 371 ὃ
1436 333 1608 384 Μαβίας

179 393 458 449 ἐπεστράτευσε
483 398 545 436 καὶ
567 396 666 437 κατὰ
693 396 1165 448 Κωνσταντινουπόλεως,
1199 399 1264 438 καὶ
1293 395 1509 450 ἐλυμήνατο
1535 395 1607 450 τήν

179 478 220 502 τε
243 461 413 518 ’Έφεσον
443 464 508 502 καὶ
527 461 834 518 Ἀλικαρνασσὸν
853 466 917 505 καὶ
937 463 1126 520 Σμύρναν
1144 466 1208 505 καὶ
1229 465 1301 514 τὰς
1319 463 1459 512 λοιπὰς
1477 462 1608 512 πόλεις

175 527 342 576 Ἰωνίας·
377 527 421 575 ὃς
445 530 509 569 καὶ
538 530 691 584 γέγονεν
717 535 795 572 τῶν
815 530 996 587 Ἀράβων
1024 531 1196 587 ἀρχηγὸς
1218 531 1391 586 πέμπτος
1411 529 1513 584 μετὰ
1537 530 1639 583 τὴν5

183 594 356 647 Οὖθμὰν
375 595 556 649 τελευτὴν
576 595 641 650 ἴτη
665 597 784 639 εἴκοσι
805 598 993 654 τέσσαρα.

643 705 1012 760 Κεφάλαιον
1079 706 1156 749 κα’.

266 773 305 809 ἐκ
325 774 393 809 τοῦ
415 775 582 818 χρονικοῦ
609 773 843 820 Θεοφάνους·
867 776 947 818 ἔτος
970 775 1044 812 α’πὸ
1069 778 1214 817 κτίσεως
1234 775 1373 820 κόσμου
1397 775 1522 824 ,epona

305 847 449 891 Ἰστέον
478 847 538 889 ὅτι
567 849 667 903 πρὸς
695 855 744 905 τῇ
770 854 930 906 τελευτῇ
950 852 1120 902 Μαβίου
1141 855 1218 891 τῶν
1232 849 1412 905 Ἀράβων
1431 849 1607 901 πέμπτου

181 914 357 970 ἀρχηγοῦ
379 916 567 968 εἰσῆλθον
588 916 625 956 οἶ
646 907 884 971 Μαρὸαῗται
906 919 959 966 εἷς
976 917 1044 958 τὸν
1062 919 1267 970 Λίβανον,
1303 918 1367 957 καὶ
1389 914 1610 971 ἐκράτησαν
1622 919 1664 954 10

179 982 257 1022 ἀπὸ
282 985 354 1022 τοῦ
378 980 557 1037 Μαύρου
583 982 701 1038 ὅρους
725 984 797 1033 ἕως
817 988 887 1038 τῆς
913 982 1027 1038 ἁγίας
1051 982 1221 1033 πόλεως,
1256 985 1321 1024 καὶ
1353 982 1610 1038 ἐχειρώσαντο

179 1048 250 1098 τὰς
277 1053 348 1090 τοῦ
376 1048 566 1101 Λιβάνου
591 1049 812 1105 περιωπάς·
848 1052 914 1092 καὶ
941 1052 1078 1092 πολλοὶ
1111 1052 1246 1092 δοῦλοι
1276 1051 1341 1091 καὶ
1371 1048 1613 1102 αὐτόχθονες

179 1115 279 1171 πρὸς
295 1116 439 1164 αὐτοὺς
455 1116 696 1172 κατέφυγον,
731 1116 831 1160 ὥστε
851 1117 907 1158 δι’
932 1117 1063 1172 ὀλίγου
1076 1116 1223 1172 χρόνου
1246 1118 1300 1166 εἷς
1317 1115 1466 1166 πολλὰς
1479 1111 1614 1169 χιλιά-

181 1184 253 1231 δας
277 1183 473 1236 γενέσθαι.
539 1185 605 1224 καὶ
634 1188 749 1225 τοῦτο
777 1185 927 1237 μαθὼν
956 1186 1128 1236 Μαβιάς
1149 1185 1214 1225 καὶ
1237 1183 1274 1223 οἶ
1294 1181 1513 1236 σύμβουλοι
1538 1181 1613 1223 αὗ-

179 1253 251 1290 τοῦ
269 1248 532 1304 ἐφοβήθησαν
549 1248 723 1306 σφόδρα.
790 1253 855 1292 καὶ
878 1252 1106 1293 ἀποστέλλει
1127 1250 1308 1304 πρέσβεις
1329 1249 1428 1304 πρὸς
1449 1249 1517 1291 τὸν
1536 1249 1610 1290 αὗ-
1623 1249 1666 1285 15

178 1314 401 1371 τοκράτορα
422 1318 721 1359 Κωνσταντΐνον
741 1319 866 1371 ζητῶν
883 1316 1051 1372 εἰρήνην.
1118 1318 1179 1358 ἐπὶ
1201 1314 1325 1372 ταύτῃ
1346 1320 1396 1371 τῇ
1414 1314 1613 1372 προφάσει

180 1383 371 1435 πέμπεται
392 1384 501 1438 παρὰ
522 1389 592 1424 τοῦ
609 1385 804 1436 βασιλέως
825 1386 1125 1426 Κωνσταντίνου
1144 1388 1215 1425 τοῦ
1231 1381 1455 1438 ὄρθοδόξου
1479 1383 1612 1434 [υῗοῦ],

181 1454 252 1491 τοῦ
285 1450 564 1504 Πωγωνάτου,
593 1450 777 1506 Ἰωάννης
805 1450 826 1493 ὃ
856 1453 1013 1506 ἐπίκλην
1045 1448 1334 1505 Πιτζηκαύδης.
1399 1447 1541 1492 τούτου
1570 1448 1615 1490 δὲ

181 1515 477 1569 καταλαβόντος
505 1518 546 1559 ἓν
575 1520 725 1576 Συρίᾳ,
770 1520 943 1571 Μαβίας
974 1519 1132 1568 ἐδέξατο
1164 1516 1285 1559 αὐτὸν
1314 1517 1413 1570 μετὰ
1442 1514 1615 1571 μεγάλης

180 1588 319 1638 τιμῆς,
351 1586 418 1625 καὶ
440 1584 706 1640 συνεφωνήθη
729 1585 829 1640 πρὸς
850 1585 1100 1641 ἀμφοτέρους
1120 1583 1318 1640 ἔγγραφον
1342 1583 1528 1638 γενέσθαι
1557 1583 1610 1624 εἲ-
1624 1586 1669 1620 20

182 1650 303 1705 ρήνης
329 1651 430 1704 μεθ’
461 1650 581 1706 ὅρκου
609 1651 724 1707 λόγον
747 1653 809 1693 ε’πὶ
831 1650 1048 1708 συμφώνου
1067 1653 1221 1706 ἓτησίου
1241 1649 1416 1701 πάκτου,
1447 1650 1616 1704 παρέχε-

181 1721 283 1759 σθαι
316 1722 373 1776 τῷ
410 1722 489 1760 τῶν
517 1717 722 1772 Ῥωμαίων
755 1723 918 1772 βασιλεῖ’
949 1719 1060 1775 παρὰ
1096 1723 1174 1760 τῶν
1200 1719 1426 1774 Ἀγαρηνῶν
1450 1716 1617 1774 χρυσίου

271 1834 294 1867 6
308 1830 391 1911 ’ἒύο
406 1831 459 1910 l&I
595 1835 636 1869 18
660 1834 728 1868 τοῦ
751 1845 804 1868 om
827 1835 884 1879 M,
909 1846 952 1869 ex
974 1834 1061 1868 υἱοῦ
1085 1833 1170 1868 facit
1190 1832 1362 1868 Mem-sius
1494 1831 1618 1876 πιτζη-

269 1889 315 1911 κα
343 1889 386 1920 ης

182 1993 318 2022 erectus
343 1987 476 2029 ἣκει-είς
512 1999 611 2031 quem
633 1987 781 2021 Iudaeus
803 1989 938 2032 quidam
962 1993 1130 2022 mercator
1153 1987 1350 2021 Edessenus
1371 1999 1444 2021 cum
1466 1985 1616 2030 emisset,

182 2037 372 2076 nongentos
408 2032 554 2066 camelos
591 2043 671 2066 aere
706 2033 816 2076 ipsius
853 2034 1022 2066 oneravit.
1067 2033 1124 2066 hic
1161 2043 1297 2077 quoque
1332 2032 1466 2066 Mavias
1498 2035 1618 2065 contra

182 2078 316 2122 Cpolim
341 2083 454 2111 castra
477 2077 610 2122 posuit,
645 2089 685 2111 ac
709 2077 884 2123 Ephesum
907 2077 1183 2111 Halicarnassum
1205 2077 1385 2121 Smyrnam
1409 2082 1444 2111 et
1465 2076 1616 2119 reliquas

182 2122 302 2156 Ioniae
331 2123 434 2156 urbes
463 2122 670 2156 devastavit.
717 2124 867 2156 Arabum
888 2122 968 2156 item
992 2123 1128 2165 quintus
1152 2121 1313 2166 princeps
1335 2121 1402 2155 fuit
1425 2126 1503 2167 post
1524 2121 1618 2154 Uth-

183 2167 292 2202 manis
313 2167 461 2210 obitum,
486 2167 735 2212 imperavitque
757 2168 855 2201 annis
875 2167 1001 2211 viginti
1021 2172 1194 2212 quattuor.

315 2245 373 2278 21.
415 2256 458 2278 ex
482 2245 642 2278 chronico
670 2245 911 2290 Theophanis:
933 2255 1027 2279 anno
1050 2245 1094 2277 ab
1117 2245 1197 2277 orbe
1219 2244 1356 2278 condito
1379 2243 1479 2278 6171.

273 2299 454 2334 Sciendum
480 2305 532 2334 est
556 2300 656 2345 paulo
679 2306 759 2334 ante
782 2300 909 2335 obitum
932 2298 1090 2343 Maviae‚
1122 2298 1234 2343 quinti
1256 2299 1406 2333 Arabum
1437 2297 1617 2343 principis,

182 2345 372 2379 Marda'itas
406 2345 442 2378 in
473 2345 638 2379 Libanum
669 2345 843 2389 ingressos
874 2349 910 2379 et
937 2356 958 2378 a
981 2344 1092 2388 Nigro
1123 2349 1235 2377 monte
1267 2355 1375 2388 usque
1397 2343 1441 2377 ad
1464 2348 1615 2377 sanctam

183 2392 301 2424 urbem
325 2401 530 2434 occupasse,
563 2401 746 2434 omnesque
767 2390 892 2424 Libani
914 2389 1070 2434 speculas
1095 2388 1249 2433 cepisse,
1283 2388 1472 2432 multosque
1494 2398 1616 2422 servos

185 2440 219 2469 et
242 2434 420 2478 indigenas
445 2435 487 2468 ad
511 2434 586 2468 illos
610 2435 826 2478 confugisse,
863 2435 911 2469 ita
943 2440 980 2468 ut
1009 2434 1133 2478 exiguo
1156 2438 1309 2478 tempore
1333 2434 1375 2467 ad
1398 2432 1501 2467 multa
1522 2432 1617 2466 milia

186 2480 278 2514 aucti
307 2479 389 2512 sint.
436 2491 475 2512 re
505 2485 679 2524 comperta
707 2480 842 2514 Mavias
871 2479 1011 2523 eiusque
1037 2477 1224 2512 consiliarii
1246 2479 1369 2512 timore
1390 2488 1510 2522 magno
1532 2487 1614 2522 per-

186 2524 271 2558 culsi
301 2529 402 2567 sunt,
435 2523 595 2568 misitque
627 2525 703 2569 ipse
729 2524 860 2568 legatos
893 2525 937 2558 ad
969 2524 1206 2568 imperatorem
1236 2523 1496 2557 Constantinum
1518 2521 1616 2566 pacis

185 2570 399 2614 expetendae
430 2569 555 2612 gratia.
602 2580 670 2613 qua
691 2569 735 2602 de
759 2581 863 2603 causa
884 2570 927 2603 ab
950 2568 1157 2613 imperatore
1179 2568 1405 2602 Constantino
1425 2567 1616 2610 Pogonato,

186 2614 376 2648 orthodoxo
410 2614 502 2657 filio,
539 2614 685 2648 mittitur
715 2614 860 2648 Ioannes
894 2618 1115 2658 cognomento
1148 2612 1385 2646 Pitzecaudes.
1429 2611 1460 2645 is
1483 2623 1557 2644 cum
1579 2610 1617 2643 iu

186 2659 324 2702 Syriam
345 2659 552 2702 advenisset,
576 2659 826 2705 perhonorifice
848 2671 870 2693 a
892 2658 1010 2693 Mavia
1031 2661 1193 2702 exceptus
1217 2662 1281 2701 est,
1305 2663 1340 2692 et
1362 2657 1405 2691 de
1422 2667 1507 2702 pace
1525 2655 1618 2689 inter

187 2710 351 2748 utrosque
390 2703 571 2747 convenit,
612 2715 675 2749 per
709 2703 872 2757 scriptam
902 2703 1094 2749 pactionem
1124 2702 1343 2736 iureiurando
1375 2701 1618 2742 confirmatam,

186 2748 363 2793 Agarenos
394 2761 437 2784 ex
464 2753 566 2795 pacto
595 2748 796 2795 imperatori
826 2748 1008 2794 quotannis
1040 2748 1178 2782 daturos
1209 2759 1286 2782 esse
1319 2746 1394 2781 auri
1426 2745 1532 2780 libras
1563 2750 1619 2780 ter
