<?xml version="1.0" encoding="UTF-8"?>
<!DOCTYPE html PUBLIC "-//W3C//DTD XHTML 1.0 Transitional//EN"
    "http://www.w3.org/TR/xhtml1/DTD/xhtml1-transitional.dtd">
<html xmlns="http://www.w3.org/1999/xhtml" xml:lang="en" lang="en">
 <head>
  <title>
</title>
<meta http-equiv="Content-Type" content="text/html;charset=utf-8" />
  <meta name='ocr-system' content='tesseract 3.04.00' />
  <meta name='ocr-capabilities' content='ocr_page ocr_carea ocr_par ocr_line ocrx_word'/>
</head>
<body>
  <div class='ocr_page' id='page_1' title='image "./corpusscriptorum09niebuoft_0367.png"; bbox 0 0 1780 3132; ppageno 0'>
   <div class='ocr_carea' id='block_1_1' title="bbox 239 147 1563 191">
    <p class='ocr_par' dir='ltr' id='par_1_1' title="bbox 239 147 1563 191">
     <span class='ocr_line' id='line_1_1' title="bbox 239 147 1563 191; baseline -0.001 0"><span class='ocrx_word' id='word_1_1' title='bbox 239 152 295 191; x_wconf 87' lang='lat' dir='ltr'><strong>IN</strong></span> <span class='ocrx_word' id='word_1_2' title='bbox 332 147 687 191; x_wconf 75' lang='lat' dir='ltr'><strong>CONSTANTiNl</strong></span> <span class='ocrx_word' id='word_1_3' title='bbox 716 151 909 191; x_wconf 84' lang='lat' dir='ltr'>PORPII.</span> <span class='ocrx_word' id='word_1_4' title='bbox 937 151 1034 190; x_wconf 83' lang='lat' dir='ltr'><strong>LlB.</strong></span> <span class='ocrx_word' id='word_1_5' title='bbox 1062 149 1131 188; x_wconf 80' lang='lat' dir='ltr'><strong>DE</strong></span> <span class='ocrx_word' id='word_1_6' title='bbox 1157 147 1287 188; x_wconf 81' lang='grc' dir='ltr'><strong>ΑΒΜ.</strong></span> <span class='ocrx_word' id='word_1_7' title='bbox 1319 150 1425 189; x_wconf 85' lang='grc' dir='ltr'><strong>ΙΜΡ.</strong></span> <span class='ocrx_word' id='word_1_8' title='bbox 1471 147 1563 190; x_wconf 70' lang='grc'><strong>357</strong></span> 
     </span>
    </p>
   </div>
   <div class='ocr_carea' id='block_1_2' title="bbox 122 261 1633 2736">
    <p class='ocr_par' dir='ltr' id='par_1_2' title="bbox 126 261 1576 1019">
     <span class='ocr_line' id='line_1_2' title="bbox 130 261 1568 318; baseline -0.003 -12"><span class='ocrx_word' id='word_1_9' title='bbox 130 279 156 306; x_wconf 88' lang='lat' dir='ltr'><strong>a</strong></span> <span class='ocrx_word' id='word_1_10' title='bbox 183 262 371 305; x_wconf 81' lang='lat' dir='ltr'><strong>Samuele</strong></span> <span class='ocrx_word' id='word_1_11' title='bbox 386 262 656 316; x_wconf 84' lang='lat' dir='ltr'><strong>Bulgarorum</strong></span> <span class='ocrx_word' id='word_1_12' title='bbox 684 276 804 318; x_wconf 81' lang='lat' dir='ltr'><strong>rege:</strong></span> <span class='ocrx_word' id='word_1_13' title='bbox 838 263 1000 316; x_wconf 86' lang='lat' dir='ltr'><strong>eiusque</strong></span> <span class='ocrx_word' id='word_1_14' title='bbox 1028 261 1204 314; x_wconf 76' lang='lat' dir='ltr'><strong>vestigia</strong></span> <span class='ocrx_word' id='word_1_15' title='bbox 1219 274 1267 302; x_wconf 88' lang='lat' dir='ltr'><strong>ac</strong></span> <span class='ocrx_word' id='word_1_16' title='bbox 1296 261 1439 302; x_wconf 84' lang='lat' dir='ltr'><strong>ruinae</strong></span> <span class='ocrx_word' id='word_1_17' title='bbox 1460 274 1568 302; x_wconf 79' lang='lat' dir='ltr'><strong>niar-</strong></span> 
     </span>
     <span class='ocr_line' id='line_1_3' title="bbox 127 317 1570 372; baseline -0.003 -12"><span class='ocrx_word' id='word_1_18' title='bbox 127 331 343 372; x_wconf 85' lang='lat' dir='ltr'><strong>moreaque</strong></span> <span class='ocrx_word' id='word_1_19' title='bbox 369 324 623 359; x_wconf 86' lang='lat' dir='ltr'><strong>monumenta</strong></span> <span class='ocrx_word' id='word_1_20' title='bbox 661 320 734 359; x_wconf 89' lang='lat' dir='ltr'><strong>sub</strong></span> <span class='ocrx_word' id='word_1_21' title='bbox 765 319 880 371; x_wconf 85' lang='lat' dir='ltr'><strong>aquis</strong></span> <span class='ocrx_word' id='word_1_22' title='bbox 922 319 1107 357; x_wconf 86' lang='lat' dir='ltr'><strong>visuntur</strong></span> <span class='ocrx_word' id='word_1_23' title='bbox 1143 318 1184 357; x_wconf 92' lang='lat' dir='ltr'><strong>in</strong></span> <span class='ocrx_word' id='word_1_24' title='bbox 1214 317 1307 357; x_wconf 90' lang='lat' dir='ltr'><strong>lacu</strong></span> <span class='ocrx_word' id='word_1_25' title='bbox 1346 317 1570 370; x_wconf 83' lang='lat' dir='ltr'><strong>Lygnistri‚</strong></span> 
     </span>
     <span class='ocr_line' id='line_1_4' title="bbox 126 372 1572 427; baseline -0.003 -11"><span class='ocrx_word' id='word_1_26' title='bbox 126 374 180 416; x_wconf 80' lang='lat' dir='ltr'><strong>ad</strong></span> <span class='ocrx_word' id='word_1_27' title='bbox 210 386 326 427; x_wconf 84' lang='lat' dir='ltr'><strong>quem</strong></span> <span class='ocrx_word' id='word_1_28' title='bbox 352 373 434 413; x_wconf 89' lang='lat' dir='ltr'><strong>sita</strong></span> <span class='ocrx_word' id='word_1_29' title='bbox 460 373 546 423; x_wconf 82' lang='lat' dir='ltr'><strong>fuit,</strong></span> <span class='ocrx_word' id='word_1_30' title='bbox 573 379 617 413; x_wconf 90' lang='lat' dir='ltr'><strong>ut</strong></span> <span class='ocrx_word' id='word_1_31' title='bbox 644 374 784 414; x_wconf 86' lang='lat' dir='ltr'><strong>scribit</strong></span> <span class='ocrx_word' id='word_1_32' title='bbox 797 374 902 414; x_wconf 72' lang='lat' dir='ltr'><strong>Lud-</strong></span> <span class='ocrx_word' id='word_1_33' title='bbox 934 374 1096 412; x_wconf 88' lang='lat' dir='ltr'><strong>Tubero</strong></span> <span class='ocrx_word' id='word_1_34' title='bbox 1125 373 1152 413; x_wconf 86' lang='lat' dir='ltr'><strong>l.</strong></span> <span class='ocrx_word' id='word_1_35' title='bbox 1170 376 1210 413; x_wconf 87' lang='lat'><strong>8.</strong></span> <span class='ocrx_word' id='word_1_36' title='bbox 1241 372 1439 412; x_wconf 86' lang='lat' dir='ltr'><strong>falluntur</strong></span> <span class='ocrx_word' id='word_1_37' title='bbox 1470 385 1572 425; x_wconf 83' lang='lat' dir='ltr'><strong>ergo</strong></span> 
     </span>
     <span class='ocr_line' id='line_1_5' title="bbox 128 424 1572 482; baseline -0.001 -13"><span class='ocrx_word' id='word_1_38' title='bbox 128 429 348 482; x_wconf 84' lang='lat' dir='ltr'><strong>scriptores</strong></span> <span class='ocrx_word' id='word_1_39' title='bbox 375 429 438 468; x_wconf 92' lang='lat' dir='ltr'><strong>illi</strong></span> <span class='ocrx_word' id='word_1_40' title='bbox 470 429 536 480; x_wconf 91' lang='lat' dir='ltr'><strong>qui</strong></span> <span class='ocrx_word' id='word_1_41' title='bbox 566 429 772 469; x_wconf 85' lang='lat' dir='ltr'><strong>Diocleam</strong></span> <span class='ocrx_word' id='word_1_42' title='bbox 800 429 919 468; x_wconf 91' lang='lat' dir='ltr'><strong>hodie</strong></span> <span class='ocrx_word' id='word_1_43' title='bbox 937 424 1181 468; x_wconf 78' lang='lat' dir='ltr'><strong>Antibarim</strong></span> <span class='ocrx_word' id='word_1_44' title='bbox 1211 432 1280 468; x_wconf 89' lang='lat' dir='ltr'><strong>aut</strong></span> <span class='ocrx_word' id='word_1_45' title='bbox 1309 425 1471 468; x_wconf 81' lang='lat' dir='ltr'><strong>Medon</strong></span> <span class='ocrx_word' id='word_1_46' title='bbox 1501 434 1572 468; x_wconf 89' lang='lat' dir='ltr'><strong>aut</strong></span> 
     </span>
     <span class='ocr_line' id='line_1_6' title="bbox 128 481 1574 536; baseline -0.001 -12"><span class='ocrx_word' id='word_1_47' title='bbox 128 481 336 525; x_wconf 71' lang='lat' dir='ltr'><strong>catarum</strong></span> <span class='ocrx_word' id='word_1_48' title='bbox 365 484 596 536; x_wconf 87' lang='lat' dir='ltr'><strong>appellant,</strong></span> <span class='ocrx_word' id='word_1_49' title='bbox 636 497 722 524; x_wconf 86' lang='lat' dir='ltr'><strong>cum</strong></span> <span class='ocrx_word' id='word_1_50' title='bbox 756 484 924 536; x_wconf 89' lang='lat' dir='ltr'><strong>primum</strong></span> <span class='ocrx_word' id='word_1_51' title='bbox 962 483 1169 523; x_wconf 88' lang='lat' dir='ltr'><strong>destructa</strong></span> <span class='ocrx_word' id='word_1_52' title='bbox 1199 482 1321 522; x_wconf 83' lang='lat' dir='ltr'><strong>fuerit</strong></span> <span class='ocrx_word' id='word_1_53' title='bbox 1350 483 1517 523; x_wconf 85' lang='lat' dir='ltr'><strong>Dioclea</strong></span> <span class='ocrx_word' id='word_1_54' title='bbox 1547 497 1574 522; x_wconf 88' lang='lat' dir='ltr'><strong>a</strong></span> 
     </span>
     <span class='ocr_line' id='line_1_7' title="bbox 129 537 1572 592; baseline -0.001 -13"><span class='ocrx_word' id='word_1_55' title='bbox 129 538 281 590; x_wconf 81' lang='lat' dir='ltr'><strong>slavis,</strong></span> <span class='ocrx_word' id='word_1_56' title='bbox 310 539 455 578; x_wconf 88' lang='lat' dir='ltr'><strong>deinde</strong></span> <span class='ocrx_word' id='word_1_57' title='bbox 483 551 509 578; x_wconf 86' lang='lat' dir='ltr'><strong>a</strong></span> <span class='ocrx_word' id='word_1_58' title='bbox 538 539 740 592; x_wconf 86' lang='lat' dir='ltr'><strong>Bulgaris,</strong></span> <span class='ocrx_word' id='word_1_59' title='bbox 774 539 936 579; x_wconf 87' lang='lat' dir='ltr'><strong>tandem</strong></span> <span class='ocrx_word' id='word_1_60' title='bbox 969 538 1267 590; x_wconf 82' lang='lat' dir='ltr'><strong>erumpentibus</strong></span> <span class='ocrx_word' id='word_1_61' title='bbox 1298 537 1429 577; x_wconf 88' lang='lat' dir='ltr'><strong>subito</strong></span> <span class='ocrx_word' id='word_1_62' title='bbox 1457 538 1572 591; x_wconf 88' lang='lat' dir='ltr'><strong>aquis</strong></span> 
     </span>
     <span class='ocr_line' id='line_1_8' title="bbox 128 592 1574 646; baseline -0.001 -12"><span class='ocrx_word' id='word_1_63' title='bbox 128 593 339 646; x_wconf 82' lang='lat' dir='ltr'><strong>absorpta.</strong></span> <span class='ocrx_word' id='word_1_64' title='bbox 395 593 562 633; x_wconf 87' lang='lat' dir='ltr'><strong>Dioclea</strong></span> <span class='ocrx_word' id='word_1_65' title='bbox 599 599 731 634; x_wconf 82' lang='lat' dir='ltr'><strong>antem</strong></span> <span class='ocrx_word' id='word_1_66' title='bbox 761 594 860 633; x_wconf 85' lang='lat' dir='ltr'><strong>urbe</strong></span> <span class='ocrx_word' id='word_1_67' title='bbox 890 606 914 633; x_wconf 86' lang='lat' dir='ltr'><strong>a</strong></span> <span class='ocrx_word' id='word_1_68' title='bbox 945 592 1135 645; x_wconf 85' lang='lat' dir='ltr'><strong>Bulgaris</strong></span> <span class='ocrx_word' id='word_1_69' title='bbox 1154 625 1164 641; x_wconf 87' lang='lat'><strong>,</strong></span> <span class='ocrx_word' id='word_1_70' title='bbox 1195 593 1251 632; x_wconf 87' lang='lat' dir='ltr'><strong>uti</strong></span> <span class='ocrx_word' id='word_1_71' title='bbox 1278 593 1358 633; x_wconf 85' lang='lat' dir='ltr'><strong>iam</strong></span> <span class='ocrx_word' id='word_1_72' title='bbox 1389 593 1574 643; x_wconf 85' lang='lat' dir='ltr'><strong>diximus,</strong></span> 
     </span>
     <span class='ocr_line' id='line_1_9' title="bbox 131 648 1576 702; baseline 0 -14"><span class='ocrx_word' id='word_1_73' title='bbox 131 661 277 689; x_wconf 90' lang='lat' dir='ltr'><strong>eversa</strong></span> <span class='ocrx_word' id='word_1_74' title='bbox 303 650 474 688; x_wconf 84' lang='lat' dir='ltr'><strong>loannes</strong></span> <span class='ocrx_word' id='word_1_75' title='bbox 514 649 839 702; x_wconf 79' lang='lat' dir='ltr'><strong>archiepiscopus</strong></span> <span class='ocrx_word' id='word_1_76' title='bbox 875 649 1109 687; x_wconf 86' lang='lat' dir='ltr'><strong>Docleensis</strong></span> <span class='ocrx_word' id='word_1_77' title='bbox 1139 648 1359 700; x_wconf 79' lang='lat' dir='ltr'><strong>Ragusium</strong></span> <span class='ocrx_word' id='word_1_78' title='bbox 1403 661 1447 687; x_wconf 88' lang='lat' dir='ltr'><strong>se</strong></span> <span class='ocrx_word' id='word_1_79' title='bbox 1477 661 1576 688; x_wconf 89' lang='lat' dir='ltr'><strong>con-</strong></span> 
     </span>
     <span class='ocr_line' id='line_1_10' title="bbox 128 703 1575 756; baseline 0 -13"><span class='ocrx_word' id='word_1_80' title='bbox 128 704 245 753; x_wconf 87' lang='lat' dir='ltr'><strong>tulit;</strong></span> <span class='ocrx_word' id='word_1_81' title='bbox 275 708 396 756; x_wconf 86' lang='lat' dir='ltr'><strong>atque</strong></span> <span class='ocrx_word' id='word_1_82' title='bbox 424 704 475 743; x_wconf 87' lang='lat' dir='ltr'><strong>ab</strong></span> <span class='ocrx_word' id='word_1_83' title='bbox 509 716 556 743; x_wconf 92' lang='lat' dir='ltr'><strong>eo</strong></span> <span class='ocrx_word' id='word_1_84' title='bbox 586 708 766 756; x_wconf 86' lang='lat' dir='ltr'><strong>tempore</strong></span> <span class='ocrx_word' id='word_1_85' title='bbox 805 704 976 743; x_wconf 85' lang='lat' dir='ltr'><strong>ecclesia</strong></span> <span class='ocrx_word' id='word_1_86' title='bbox 1009 704 1222 755; x_wconf 68' lang='lat' dir='ltr'><strong>Ragusina</strong></span> <span class='ocrx_word' id='word_1_87' title='bbox 1251 703 1575 756; x_wconf 83' lang='lat' dir='ltr'><strong>archiepiscopa-</strong></span> 
     </span>
     <span class='ocr_line' id='line_1_11' title="bbox 128 759 1576 812; baseline 0.001 -14"><span class='ocrx_word' id='word_1_88' title='bbox 128 759 208 799; x_wconf 85' lang='lat' dir='ltr'><strong>lem</strong></span> <span class='ocrx_word' id='word_1_89' title='bbox 237 759 475 812; x_wconf 85' lang='lat' dir='ltr'><strong>dignitatem</strong></span> <span class='ocrx_word' id='word_1_90' title='bbox 518 759 673 811; x_wconf 85' lang='lat' dir='ltr'><strong>accepit</strong></span> <span class='ocrx_word' id='word_1_91' title='bbox 709 772 734 799; x_wconf 88' lang='lat' dir='ltr'><strong>a</strong></span> <span class='ocrx_word' id='word_1_92' title='bbox 763 759 978 798; x_wconf 85' lang='lat' dir='ltr'><strong>Benedicto</strong></span> <span class='ocrx_word' id='word_1_93' title='bbox 1008 759 1043 798; x_wconf 92' lang='lat' dir='ltr'>V</span> <span class='ocrx_word' id='word_1_94' title='bbox 1086 759 1272 810; x_wconf 84' lang='lat' dir='ltr'><strong>pontifice</strong></span> <span class='ocrx_word' id='word_1_95' title='bbox 1315 759 1502 808; x_wconf 83' lang='lat' dir='ltr'><strong>maximo,</strong></span> <span class='ocrx_word' id='word_1_96' title='bbox 1533 764 1576 799; x_wconf 88' lang='lat' dir='ltr'><strong>ut</strong></span> 
     </span>
     <span class='ocr_line' id='line_1_12' title="bbox 129 813 1574 866; baseline -0.001 -12"><span class='ocrx_word' id='word_1_97' title='bbox 129 813 270 854; x_wconf 84' lang='lat' dir='ltr'><strong>scribit</strong></span> <span class='ocrx_word' id='word_1_98' title='bbox 308 813 560 866; x_wconf 88' lang='lat' dir='ltr'><strong>Seraphinus</strong></span> <span class='ocrx_word' id='word_1_99' title='bbox 588 814 768 854; x_wconf 84' lang='lat' dir='ltr'><strong>Razzius</strong></span> <span class='ocrx_word' id='word_1_100' title='bbox 797 813 1054 854; x_wconf 76' lang='lat' dir='ltr'><strong>Florentinus</strong></span> <span class='ocrx_word' id='word_1_101' title='bbox 1095 813 1248 852; x_wconf 80' lang='lat' dir='ltr'><strong>ordinis</strong></span> <span class='ocrx_word' id='word_1_102' title='bbox 1278 813 1322 852; x_wconf 87' lang='lat' dir='ltr'><strong>S.</strong></span> <span class='ocrx_word' id='word_1_103' title='bbox 1353 813 1574 862; x_wconf 69' lang='lat' dir='ltr'><strong>Dominid,</strong></span> 
     </span>
     <span class='ocr_line' id='line_1_13' title="bbox 128 867 1573 922; baseline 0.001 -14"><span class='ocrx_word' id='word_1_104' title='bbox 128 868 170 908; x_wconf 92' lang='lat' dir='ltr'><strong>in</strong></span> <span class='ocrx_word' id='word_1_105' title='bbox 199 868 378 908; x_wconf 84' lang='lat' dir='ltr'><strong>Historia</strong></span> <span class='ocrx_word' id='word_1_106' title='bbox 408 868 800 921; x_wconf 85' lang='lat' dir='ltr'><strong>archiepiscoporum</strong></span> <span class='ocrx_word' id='word_1_107' title='bbox 833 867 1144 922; x_wconf 79' lang='lat' dir='ltr'><strong>Ragusinorum,</strong></span> <span class='ocrx_word' id='word_1_108' title='bbox 1178 881 1279 921; x_wconf 82' lang='lat' dir='ltr'><strong>quae</strong></span> <span class='ocrx_word' id='word_1_109' title='bbox 1300 869 1442 908; x_wconf 86' lang='lat' dir='ltr'><strong>ltalico</strong></span> <span class='ocrx_word' id='word_1_110' title='bbox 1473 869 1573 909; x_wconf 89' lang='lat' dir='ltr'><strong>idio-</strong></span> 
     </span>
     <span class='ocr_line' id='line_1_14' title="bbox 127 923 1573 976; baseline 0.001 -13"><span class='ocrx_word' id='word_1_111' title='bbox 127 927 236 964; x_wconf 87' lang='lat' dir='ltr'><strong>mate</strong></span> <span class='ocrx_word' id='word_1_112' title='bbox 272 924 526 975; x_wconf 84' lang='lat' dir='ltr'><strong>conscripta,</strong></span> <span class='ocrx_word' id='word_1_113' title='bbox 561 929 799 964; x_wconf 76' lang='lat' dir='ltr'><strong>asservatur</strong></span> <span class='ocrx_word' id='word_1_114' title='bbox 850 923 1122 976; x_wconf 80' lang='lat' dir='ltr'><strong>manuscripta</strong></span> <span class='ocrx_word' id='word_1_115' title='bbox 1158 923 1199 963; x_wconf 92' lang='lat' dir='ltr'><strong>in</strong></span> <span class='ocrx_word' id='word_1_116' title='bbox 1241 923 1491 965; x_wconf 81' lang='lat' dir='ltr'><strong>Bibliotheca</strong></span> <span class='ocrx_word' id='word_1_117' title='bbox 1529 924 1573 964; x_wconf 92' lang='lat' dir='ltr'><strong>S.</strong></span> 
     </span>
     <span class='ocr_line' id='line_1_15' title="bbox 127 978 530 1019; baseline -0.007 0"><span class='ocrx_word' id='word_1_118' title='bbox 127 978 257 1019; x_wconf 88' lang='lat' dir='ltr'><strong>Marci</strong></span> <span class='ocrx_word' id='word_1_119' title='bbox 284 978 530 1018; x_wconf 77' lang='lat' dir='ltr'><strong>Florentiae.</strong></span> 
     </span>
    </p>

    <p class='ocr_par' dir='ltr' id='par_1_3' title="bbox 128 1029 1577 1294">
     <span class='ocr_line' id='line_1_16' title="bbox 240 1029 1577 1083; baseline 0 -10"><span class='ocrx_word' id='word_1_120' title='bbox 240 1037 333 1083; x_wconf 83' lang='lat'><strong>163,</strong></span> <span class='ocrx_word' id='word_1_121' title='bbox 374 1035 412 1073; x_wconf 87' lang='grc'><strong>4.</strong></span> <span class='ocrx_word' id='word_1_122' title='bbox 487 1029 524 1071; x_wconf 84' lang='grc' dir='ltr'><strong>οἱ</strong></span> <span class='ocrx_word' id='word_1_123' title='bbox 555 1032 780 1083; x_wconf 73' lang='grc' dir='ltr'><strong><em>Παγανοί]</em></strong></span> <span class='ocrx_word' id='word_1_124' title='bbox 812 1033 1004 1073; x_wconf 82' lang='lat' dir='ltr'><strong>terminos</strong></span> <span class='ocrx_word' id='word_1_125' title='bbox 1033 1033 1242 1083; x_wconf 69' lang='lat' dir='ltr'><strong>Paganiae</strong></span> <span class='ocrx_word' id='word_1_126' title='bbox 1270 1034 1577 1074; x_wconf 84' lang='lat' dir='ltr'><strong>describitPor—</strong></span> 
     </span>
     <span class='ocr_line' id='line_1_17' title="bbox 128 1088 1576 1142; baseline 0.001 -14"><span class='ocrx_word' id='word_1_127' title='bbox 128 1088 419 1142; x_wconf 82' lang='lat' dir='ltr'><strong>phyrogenitus</strong></span> <span class='ocrx_word' id='word_1_128' title='bbox 448 1101 573 1141; x_wconf 86' lang='lat' dir='ltr'><strong>supra</strong></span> <span class='ocrx_word' id='word_1_129' title='bbox 600 1101 633 1127; x_wconf 84' lang='lat' dir='ltr'><strong>c.</strong></span> <span class='ocrx_word' id='word_1_130' title='bbox 651 1092 720 1128; x_wconf 87' lang='lat'><strong>30.</strong></span> <span class='ocrx_word' id='word_1_131' title='bbox 780 1089 884 1129; x_wconf 89' lang='lat' dir='ltr'><strong>unde</strong></span> <span class='ocrx_word' id='word_1_132' title='bbox 915 1094 1075 1128; x_wconf 87' lang='lat' dir='ltr'><strong>constat</strong></span> <span class='ocrx_word' id='word_1_133' title='bbox 1094 1091 1349 1129; x_wconf 81' lang='lat' dir='ltr'><strong>Narentanos</strong></span> <span class='ocrx_word' id='word_1_134' title='bbox 1381 1091 1467 1129; x_wconf 89' lang='lat' dir='ltr'><strong>sive</strong></span> <span class='ocrx_word' id='word_1_135' title='bbox 1495 1091 1576 1130; x_wconf 77' lang='lat' dir='ltr'><strong>Pa-</strong></span> 
     </span>
     <span class='ocr_line' id='line_1_18' title="bbox 128 1144 1574 1198; baseline 0.001 -15"><span class='ocrx_word' id='word_1_136' title='bbox 128 1156 260 1196; x_wconf 83' lang='lat' dir='ltr'><strong>ganos</strong></span> <span class='ocrx_word' id='word_1_137' title='bbox 289 1155 378 1183; x_wconf 90' lang='lat' dir='ltr'><strong>eam</strong></span> <span class='ocrx_word' id='word_1_138' title='bbox 412 1150 572 1195; x_wconf 86' lang='lat' dir='ltr'><strong>partem</strong></span> <span class='ocrx_word' id='word_1_139' title='bbox 608 1144 849 1183; x_wconf 83' lang='lat' dir='ltr'><strong>continentis</strong></span> <span class='ocrx_word' id='word_1_140' title='bbox 891 1145 1119 1184; x_wconf 74' lang='lat' dir='ltr'><strong>Dalmatiae</strong></span> <span class='ocrx_word' id='word_1_141' title='bbox 1157 1145 1377 1184; x_wconf 87' lang='lat' dir='ltr'><strong>obtinuisse</strong></span> <span class='ocrx_word' id='word_1_142' title='bbox 1418 1158 1519 1198; x_wconf 84' lang='lat' dir='ltr'><strong>quae</strong></span> <span class='ocrx_word' id='word_1_143' title='bbox 1549 1158 1574 1186; x_wconf 85' lang='lat' dir='ltr'><strong>a</strong></span> 
     </span>
     <span class='ocr_line' id='line_1_19' title="bbox 128 1198 1575 1252; baseline 0.001 -14"><span class='ocrx_word' id='word_1_144' title='bbox 128 1199 277 1239; x_wconf 88' lang='lat' dir='ltr'><strong>Cerina</strong></span> <span class='ocrx_word' id='word_1_145' title='bbox 288 1199 490 1239; x_wconf 86' lang='lat' dir='ltr'><strong>Naronem</strong></span> <span class='ocrx_word' id='word_1_146' title='bbox 518 1211 659 1239; x_wconf 89' lang='lat' dir='ltr'><strong>versus</strong></span> <span class='ocrx_word' id='word_1_147' title='bbox 687 1199 957 1251; x_wconf 81' lang='lat' dir='ltr'><strong>protenditur.</strong></span> <span class='ocrx_word' id='word_1_148' title='bbox 1015 1198 1159 1239; x_wconf 88' lang='lat' dir='ltr'><strong>flumen</strong></span> <span class='ocrx_word' id='word_1_149' title='bbox 1195 1204 1235 1239; x_wconf 90' lang='lat' dir='ltr'><strong>et</strong></span> <span class='ocrx_word' id='word_1_150' title='bbox 1265 1199 1462 1252; x_wconf 85' lang='lat' dir='ltr'><strong>zupanias</strong></span> <span class='ocrx_word' id='word_1_151' title='bbox 1491 1206 1575 1241; x_wconf 80' lang='lat' dir='ltr'><strong>tres</strong></span> 
     </span>
     <span class='ocr_line' id='line_1_20' title="bbox 134 1253 269 1294; baseline 0 0"><span class='ocrx_word' id='word_1_152' title='bbox 134 1253 269 1294; x_wconf 83' lang='lat' dir='ltr'><strong>habet.</strong></span> 
     </span>
    </p>

    <p class='ocr_par' dir='ltr' id='par_1_4' title="bbox 122 1304 1633 2736">
     <span class='ocr_line' id='line_1_21' title="bbox 237 1304 1576 1363; baseline -0.001 -14"><span class='ocrx_word' id='word_1_153' title='bbox 237 1306 345 1349; x_wconf 70' lang='lat' dir='ltr'><strong>Ibid-</strong></span> <span class='ocrx_word' id='word_1_154' title='bbox 381 1312 445 1348; x_wconf 88' lang='lat'><strong>11.</strong></span> <span class='ocrx_word' id='word_1_155' title='bbox 499 1304 558 1357; x_wconf 72' lang='grc' dir='ltr'><strong>μὴ</strong></span> <span class='ocrx_word' id='word_1_156' title='bbox 587 1307 893 1355; x_wconf 70' lang='grc' dir='ltr'><strong>καταδέξασθαι</strong></span> <span class='ocrx_word' id='word_1_157' title='bbox 938 1305 1095 1354; x_wconf 75' lang='grc' dir='ltr'><em>αὕτυὺς</em></span> <span class='ocrx_word' id='word_1_158' title='bbox 1128 1308 1185 1363; x_wconf 72' lang='grc' dir='ltr'><strong>τῷ</strong></span> <span class='ocrx_word' id='word_1_159' title='bbox 1222 1307 1312 1347; x_wconf 76' lang='grc' dir='ltr'><em>τότε</em></span> <span class='ocrx_word' id='word_1_160' title='bbox 1341 1309 1471 1362; x_wconf 66' lang='grc' dir='ltr'>καιρῷ</span> <span class='ocrx_word' id='word_1_161' title='bbox 1498 1310 1576 1359; x_wconf 77' lang='grc' dir='ltr'><strong>βα·</strong></span> 
     </span>
     <span class='ocr_line' id='line_1_22' title="bbox 130 1362 1574 1414; baseline 0.002 -13"><span class='ocrx_word' id='word_1_162' title='bbox 130 1362 374 1414; x_wconf 77' lang='grc' dir='ltr'>πτισθῆναι]</span> <span class='ocrx_word' id='word_1_163' title='bbox 423 1363 619 1404; x_wconf 87' lang='lat' dir='ltr'><strong>Chrobati</strong></span> <span class='ocrx_word' id='word_1_164' title='bbox 659 1377 708 1404; x_wconf 88' lang='lat' dir='ltr'><strong>ac</strong></span> <span class='ocrx_word' id='word_1_165' title='bbox 749 1363 910 1411; x_wconf 85' lang='lat' dir='ltr'><strong>Serbli,</strong></span> <span class='ocrx_word' id='word_1_166' title='bbox 938 1365 995 1404; x_wconf 86' lang='lat' dir='ltr'><strong>uti</strong></span> <span class='ocrx_word' id='word_1_167' title='bbox 1036 1365 1085 1404; x_wconf 89' lang='lat' dir='ltr'><strong>ad</strong></span> <span class='ocrx_word' id='word_1_168' title='bbox 1118 1377 1151 1403; x_wconf 83' lang='lat' dir='ltr'><strong>c.</strong></span> <span class='ocrx_word' id='word_1_169' title='bbox 1180 1369 1234 1405; x_wconf 85' lang='lat'><strong>30</strong></span> <span class='ocrx_word' id='word_1_170' title='bbox 1278 1365 1574 1409; x_wconf 79' lang='lat' dir='ltr'><strong>adnotavimus.</strong></span> 
     </span>
     <span class='ocr_line' id='line_1_23' title="bbox 126 1418 1574 1472; baseline 0.002 -14"><span class='ocrx_word' id='word_1_171' title='bbox 126 1418 244 1458; x_wconf 83' lang='lat' dir='ltr'><strong>fidem</strong></span> <span class='ocrx_word' id='word_1_172' title='bbox 286 1418 439 1459; x_wconf 80' lang='lat' dir='ltr'><strong>Christi</strong></span> <span class='ocrx_word' id='word_1_173' title='bbox 478 1424 743 1470; x_wconf 86' lang='lat' dir='ltr'><strong>susceperunt</strong></span> <span class='ocrx_word' id='word_1_174' title='bbox 780 1420 968 1459; x_wconf 86' lang='lat' dir='ltr'><strong>Heraclio</strong></span> <span class='ocrx_word' id='word_1_175' title='bbox 1009 1420 1166 1459; x_wconf 86' lang='lat' dir='ltr'><strong>iuniore</strong></span> <span class='ocrx_word' id='word_1_176' title='bbox 1206 1421 1458 1472; x_wconf 74' lang='lat' dir='ltr'><strong>imperante3</strong></span> <span class='ocrx_word' id='word_1_177' title='bbox 1496 1421 1574 1461; x_wconf 88' lang='lat' dir='ltr'><strong>Pa-</strong></span> 
     </span>
     <span class='ocr_line' id='line_1_24' title="bbox 126 1473 1574 1527; baseline 0.001 -13"><span class='ocrx_word' id='word_1_178' title='bbox 126 1473 226 1526; x_wconf 88' lang='lat' dir='ltr'><strong>gani</strong></span> <span class='ocrx_word' id='word_1_179' title='bbox 264 1486 363 1513; x_wconf 88' lang='lat' dir='ltr'><strong>vero</strong></span> <span class='ocrx_word' id='word_1_180' title='bbox 397 1474 486 1514; x_wconf 90' lang='lat' dir='ltr'><strong>sive</strong></span> <span class='ocrx_word' id='word_1_181' title='bbox 525 1473 722 1514; x_wconf 83' lang='lat' dir='ltr'><strong>Arentani</strong></span> <span class='ocrx_word' id='word_1_182' title='bbox 763 1474 959 1527; x_wconf 85' lang='lat' dir='ltr'><strong>baptizati</strong></span> <span class='ocrx_word' id='word_1_183' title='bbox 998 1476 1113 1514; x_wconf 85' lang='lat' dir='ltr'><strong>fuere</strong></span> <span class='ocrx_word' id='word_1_184' title='bbox 1155 1475 1228 1515; x_wconf 89' lang='lat' dir='ltr'><strong>sub</strong></span> <span class='ocrx_word' id='word_1_185' title='bbox 1257 1476 1412 1516; x_wconf 90' lang='lat' dir='ltr'><strong>Basilio</strong></span> <span class='ocrx_word' id='word_1_186' title='bbox 1438 1477 1574 1515; x_wconf 84' lang='lat' dir='ltr'><strong>Mace-</strong></span> 
     </span>
     <span class='ocr_line' id='line_1_25' title="bbox 125 1528 1573 1583; baseline 0.002 -15"><span class='ocrx_word' id='word_1_187' title='bbox 125 1528 243 1578; x_wconf 85' lang='lat' dir='ltr'><strong>done,</strong></span> <span class='ocrx_word' id='word_1_188' title='bbox 271 1533 315 1569; x_wconf 89' lang='lat' dir='ltr'><strong>ut</strong></span> <span class='ocrx_word' id='word_1_189' title='bbox 346 1529 720 1582; x_wconf 69' lang='lat' dir='ltr'><strong>porphyrogenitus</strong></span> <span class='ocrx_word' id='word_1_190' title='bbox 749 1530 890 1569; x_wconf 85' lang='lat' dir='ltr'><strong>scribit</strong></span> <span class='ocrx_word' id='word_1_191' title='bbox 918 1543 951 1571; x_wconf 84' lang='lat' dir='ltr'><strong>c.</strong></span> <span class='ocrx_word' id='word_1_192' title='bbox 983 1534 1061 1579; x_wconf 79' lang='lat'><strong>29,</strong></span> <span class='ocrx_word' id='word_1_193' title='bbox 1092 1531 1424 1583; x_wconf 83' lang='lat' dir='ltr'><strong>quemadmodum</strong></span> <span class='ocrx_word' id='word_1_194' title='bbox 1451 1531 1573 1571; x_wconf 80' lang='lat' dir='ltr'><strong>etiam</strong></span> 
     </span>
     <span class='ocr_line' id='line_1_26' title="bbox 125 1583 1572 1639; baseline 0.003 -17"><span class='ocrx_word' id='word_1_195' title='bbox 125 1584 262 1636; x_wconf 87' lang='lat' dir='ltr'><strong>plures</strong></span> <span class='ocrx_word' id='word_1_196' title='bbox 290 1583 362 1624; x_wconf 89' lang='lat' dir='ltr'><strong>alii</strong></span> <span class='ocrx_word' id='word_1_197' title='bbox 390 1597 442 1624; x_wconf 86' lang='lat' dir='ltr'><strong>ex</strong></span> <span class='ocrx_word' id='word_1_198' title='bbox 473 1583 624 1634; x_wconf 74' lang='lat' dir='ltr'><strong>SlaviS,</strong></span> <span class='ocrx_word' id='word_1_199' title='bbox 652 1584 717 1636; x_wconf 84' lang='lat' dir='ltr'><strong>qui</strong></span> <span class='ocrx_word' id='word_1_200' title='bbox 755 1584 998 1625; x_wconf 80' lang='lat' dir='ltr'><strong>Dalmatiam</strong></span> <span class='ocrx_word' id='word_1_201' title='bbox 1027 1586 1272 1635; x_wconf 86' lang='lat' dir='ltr'><strong>incolebant,</strong></span> <span class='ocrx_word' id='word_1_202' title='bbox 1303 1592 1345 1626; x_wconf 92' lang='lat' dir='ltr'><strong>ut</strong></span> <span class='ocrx_word' id='word_1_203' title='bbox 1371 1587 1458 1639; x_wconf 89' lang='lat' dir='ltr'><strong>ipse</strong></span> <span class='ocrx_word' id='word_1_204' title='bbox 1485 1591 1572 1626; x_wconf 80' lang='lat' dir='ltr'><strong>tra-</strong></span> 
     </span>
     <span class='ocr_line' id='line_1_27' title="bbox 124 1638 1572 1695; baseline 0.003 -18"><span class='ocrx_word' id='word_1_205' title='bbox 124 1638 184 1678; x_wconf 88' lang='lat' dir='ltr'><strong>dit</strong></span> <span class='ocrx_word' id='word_1_206' title='bbox 210 1638 350 1679; x_wconf 82' lang='lat' dir='ltr'><strong>eodem</strong></span> <span class='ocrx_word' id='word_1_207' title='bbox 376 1640 466 1678; x_wconf 88' lang='lat' dir='ltr'><strong>loco</strong></span> <span class='ocrx_word' id='word_1_208' title='bbox 504 1644 544 1678; x_wconf 83' lang='lat' dir='ltr'><strong>et</strong></span> <span class='ocrx_word' id='word_1_209' title='bbox 571 1639 612 1678; x_wconf 92' lang='lat' dir='ltr'><strong>in</strong></span> <span class='ocrx_word' id='word_1_210' title='bbox 642 1639 727 1679; x_wconf 85' lang='lat' dir='ltr'><strong>vita</strong></span> <span class='ocrx_word' id='word_1_211' title='bbox 753 1639 894 1680; x_wconf 87' lang='lat' dir='ltr'><strong>Basilii</strong></span> <span class='ocrx_word' id='word_1_212' title='bbox 938 1654 976 1680; x_wconf 92' lang='lat' dir='ltr'><strong>n.</strong></span> <span class='ocrx_word' id='word_1_213' title='bbox 1006 1643 1061 1680; x_wconf 83' lang='lat'><strong>54</strong></span> <span class='ocrx_word' id='word_1_214' title='bbox 1088 1640 1149 1680; x_wconf 89' lang='lat' dir='ltr'><strong>ed.</strong></span> <span class='ocrx_word' id='word_1_215' title='bbox 1182 1642 1284 1694; x_wconf 82' lang='lat' dir='ltr'><strong>Reg.</strong></span> <span class='ocrx_word' id='word_1_216' title='bbox 1343 1642 1449 1695; x_wconf 85' lang='lat' dir='ltr'><strong>quod</strong></span> <span class='ocrx_word' id='word_1_217' title='bbox 1485 1643 1572 1695; x_wconf 90' lang='lat' dir='ltr'><strong>qui-</strong></span> 
     </span>
     <span class='ocr_line' id='line_1_28' title="bbox 125 1694 1573 1748; baseline 0.003 -16"><span class='ocrx_word' id='word_1_218' title='bbox 125 1694 215 1733; x_wconf 88' lang='lat' dir='ltr'><strong>dem</strong></span> <span class='ocrx_word' id='word_1_219' title='bbox 245 1694 432 1748; x_wconf 83' lang='lat' dir='ltr'><strong>congruit</strong></span> <span class='ocrx_word' id='word_1_220' title='bbox 459 1707 546 1734; x_wconf 90' lang='lat' dir='ltr'><strong>cum</strong></span> <span class='ocrx_word' id='word_1_221' title='bbox 575 1694 759 1743; x_wconf 81' lang='lat' dir='ltr'><strong>Platina,</strong></span> <span class='ocrx_word' id='word_1_222' title='bbox 787 1695 853 1747; x_wconf 92' lang='lat' dir='ltr'><strong>qui</strong></span> <span class='ocrx_word' id='word_1_223' title='bbox 879 1696 1086 1735; x_wconf 84' lang='lat' dir='ltr'><strong>Hadriano</strong></span> <span class='ocrx_word' id='word_1_224' title='bbox 1116 1698 1290 1736; x_wconf 87' lang='lat' dir='ltr'><strong>secundo</strong></span> <span class='ocrx_word' id='word_1_225' title='bbox 1318 1697 1505 1748; x_wconf 80' lang='lat' dir='ltr'><strong>pontifice</strong></span> <span class='ocrx_word' id='word_1_226' title='bbox 1533 1702 1573 1736; x_wconf 87' lang='lat' dir='ltr'><strong>et</strong></span> 
     </span>
     <span class='ocr_line' id='line_1_29' title="bbox 127 1749 1571 1801; baseline 0.003 -13"><span class='ocrx_word' id='word_1_227' title='bbox 127 1749 349 1800; x_wconf 80' lang='lat' dir='ltr'><strong>Suetopolo</strong></span> <span class='ocrx_word' id='word_1_228' title='bbox 387 1749 568 1801; x_wconf 87' lang='lat' dir='ltr'><strong>principe</strong></span> <span class='ocrx_word' id='word_1_229' title='bbox 608 1749 836 1788; x_wconf 79' lang='lat' dir='ltr'><strong>Dalmatiae</strong></span> <span class='ocrx_word' id='word_1_230' title='bbox 878 1751 1051 1791; x_wconf 87' lang='lat' dir='ltr'><strong>Sclavos</strong></span> <span class='ocrx_word' id='word_1_231' title='bbox 1089 1750 1241 1790; x_wconf 85' lang='lat' dir='ltr'><strong>Christi</strong></span> <span class='ocrx_word' id='word_1_232' title='bbox 1278 1753 1395 1792; x_wconf 82' lang='lat' dir='ltr'><strong>fidem</strong></span> <span class='ocrx_word' id='word_1_233' title='bbox 1437 1765 1571 1792; x_wconf 83' lang='lat' dir='ltr'><strong>susce-</strong></span> 
     </span>
     <span class='ocr_line' id='line_1_30' title="bbox 124 1803 1574 1859; baseline 0.003 -17"><span class='ocrx_word' id='word_1_234' title='bbox 124 1803 233 1855; x_wconf 89' lang='lat' dir='ltr'><strong>pisse</strong></span> <span class='ocrx_word' id='word_1_235' title='bbox 263 1803 321 1843; x_wconf 87' lang='lat' dir='ltr'><strong>ait</strong></span> <span class='ocrx_word' id='word_1_236' title='bbox 348 1804 390 1843; x_wconf 94' lang='lat' dir='ltr'><strong>in</strong></span> <span class='ocrx_word' id='word_1_237' title='bbox 421 1804 509 1844; x_wconf 87' lang='lat' dir='ltr'><strong>vita</strong></span> <span class='ocrx_word' id='word_1_238' title='bbox 538 1804 700 1843; x_wconf 85' lang='lat' dir='ltr'><strong>loannis</strong></span> <span class='ocrx_word' id='word_1_239' title='bbox 729 1805 851 1853; x_wconf 88' lang='lat' dir='ltr'><strong>Xlll,</strong></span> <span class='ocrx_word' id='word_1_240' title='bbox 893 1817 1010 1858; x_wconf 89' lang='lat' dir='ltr'><strong>quem</strong></span> <span class='ocrx_word' id='word_1_241' title='bbox 1046 1818 1122 1858; x_wconf 91' lang='lat' dir='ltr'><strong>pro</strong></span> <span class='ocrx_word' id='word_1_242' title='bbox 1160 1807 1255 1846; x_wconf 93' lang='lat' dir='ltr'><strong>XlV</strong></span> <span class='ocrx_word' id='word_1_243' title='bbox 1288 1807 1414 1859; x_wconf 90' lang='lat' dir='ltr'><strong>ponit.</strong></span> <span class='ocrx_word' id='word_1_244' title='bbox 1470 1807 1574 1847; x_wconf 88' lang='lat' dir='ltr'><strong>haec</strong></span> 
     </span>
     <span class='ocr_line' id='line_1_31' title="bbox 124 1858 1571 1909; baseline 0.003 -11"><span class='ocrx_word' id='word_1_245' title='bbox 124 1862 258 1898; x_wconf 86' lang='lat' dir='ltr'><strong>autem</strong></span> <span class='ocrx_word' id='word_1_246' title='bbox 284 1858 483 1899; x_wconf 86' lang='lat' dir='ltr'><strong>Platinam</strong></span> <span class='ocrx_word' id='word_1_247' title='bbox 517 1871 568 1899; x_wconf 90' lang='lat' dir='ltr'><strong>ex</strong></span> <span class='ocrx_word' id='word_1_248' title='bbox 599 1858 753 1898; x_wconf 83' lang='lat' dir='ltr'><strong>Blondo</strong></span> <span class='ocrx_word' id='word_1_249' title='bbox 772 1890 782 1909; x_wconf 92' lang='lat'>‚</span> <span class='ocrx_word' id='word_1_250' title='bbox 818 1859 1017 1900; x_wconf 90' lang='lat' dir='ltr'><strong>Blondum</strong></span> <span class='ocrx_word' id='word_1_251' title='bbox 1050 1873 1148 1900; x_wconf 93' lang='lat' dir='ltr'><strong>vero</strong></span> <span class='ocrx_word' id='word_1_252' title='bbox 1189 1873 1241 1901; x_wconf 87' lang='lat' dir='ltr'><strong>ex</strong></span> <span class='ocrx_word' id='word_1_253' title='bbox 1268 1861 1457 1902; x_wconf 89' lang='lat' dir='ltr'><strong>chronico</strong></span> <span class='ocrx_word' id='word_1_254' title='bbox 1487 1862 1571 1902; x_wconf 88' lang='lat' dir='ltr'><strong>An-</strong></span> 
     </span>
     <span class='ocr_line' id='line_1_32' title="bbox 123 1913 1571 1968; baseline 0.004 -16"><span class='ocrx_word' id='word_1_255' title='bbox 123 1913 249 1953; x_wconf 87' lang='lat' dir='ltr'><strong>dreae</strong></span> <span class='ocrx_word' id='word_1_256' title='bbox 276 1913 452 1954; x_wconf 86' lang='lat' dir='ltr'><strong>Danduli</strong></span> <span class='ocrx_word' id='word_1_257' title='bbox 492 1914 735 1966; x_wconf 84' lang='lat' dir='ltr'><strong>exscripisse</strong></span> <span class='ocrx_word' id='word_1_258' title='bbox 779 1914 915 1963; x_wconf 87' lang='lat' dir='ltr'><strong>aiunt;</strong></span> <span class='ocrx_word' id='word_1_259' title='bbox 960 1915 1028 1954; x_wconf 91' lang='lat' dir='ltr'><strong>ubi</strong></span> <span class='ocrx_word' id='word_1_260' title='bbox 1057 1916 1115 1954; x_wconf 85' lang='lat' dir='ltr'><strong>sic</strong></span> <span class='ocrx_word' id='word_1_261' title='bbox 1141 1916 1314 1968; x_wconf 83' lang='lat' dir='ltr'><strong>legitur:</strong></span> <span class='ocrx_word' id='word_1_262' title='bbox 1341 1916 1468 1958; x_wconf 75' lang='lat' dir='ltr'><strong>huius</strong></span> <span class='ocrx_word' id='word_1_263' title='bbox 1495 1929 1571 1958; x_wconf 83' lang='lat' dir='ltr'><strong>au-</strong></span> 
     </span>
     <span class='ocr_line' id='line_1_33' title="bbox 123 1965 1633 2023; baseline 0.004 -15"><span class='ocrx_word' id='word_1_264' title='bbox 123 1971 208 2009; x_wconf 79' lang='lat' dir='ltr'><strong>tem</strong></span> <span class='ocrx_word' id='word_1_265' title='bbox 234 1965 288 2008; x_wconf 87' lang='lat' dir='ltr'><strong>B.</strong></span> <span class='ocrx_word' id='word_1_266' title='bbox 321 1965 480 2022; x_wconf 66' lang='lat' dir='ltr'><strong>Gyrillt</strong></span> <span class='ocrx_word' id='word_1_267' title='bbox 515 1968 843 2021; x_wconf 73' lang='lat' dir='ltr'><strong>praedicatione</strong></span> <span class='ocrx_word' id='word_1_268' title='bbox 883 1967 1142 2023; x_wconf 76' lang='lat' dir='ltr'><strong>Saeropolis</strong></span> <span class='ocrx_word' id='word_1_269' title='bbox 1181 1983 1266 2011; x_wconf 79' lang='lat' dir='ltr'><strong>rea:</strong></span> <span class='ocrx_word' id='word_1_270' title='bbox 1306 1971 1569 2022; x_wconf 80' lang='lat' dir='ltr'><strong>Dalmatiae,</strong></span> <span class='ocrx_word' id='word_1_271' title='bbox 1630 2002 1633 2006; x_wconf 91' lang='lat'><em>-</em></span> 
     </span>
     <span class='ocr_line' id='line_1_34' title="bbox 123 2021 1569 2081; baseline 0.004 -18"><span class='ocrx_word' id='word_1_272' title='bbox 123 2025 198 2077; x_wconf 77' lang='lat' dir='ltr'><strong>qai</strong></span> <span class='ocrx_word' id='word_1_273' title='bbox 224 2021 278 2064; x_wconf 85' lang='lat' dir='ltr'><strong>ab</strong></span> <span class='ocrx_word' id='word_1_274' title='bbox 303 2022 478 2064; x_wconf 77' lang='lat' dir='ltr'><strong>Odrillo</strong></span> <span class='ocrx_word' id='word_1_275' title='bbox 514 2035 718 2076; x_wconf 76' lang='lat' dir='ltr'><strong>yermano</strong></span> <span class='ocrx_word' id='word_1_276' title='bbox 752 2023 923 2064; x_wconf 73' lang='lat' dir='ltr'><strong>Totilae</strong></span> <span class='ocrx_word' id='word_1_277' title='bbox 953 2027 1071 2077; x_wconf 63' lang='lat' dir='ltr'><strong>reglis</strong></span> <span class='ocrx_word' id='word_1_278' title='bbox 1101 2023 1336 2067; x_wconf 78' lang='lat' dir='ltr'><strong>Gothorum</strong></span> <span class='ocrx_word' id='word_1_279' title='bbox 1364 2030 1569 2081; x_wconf 65' lang='lat' dir='ltr'><strong>originem</strong></span> 
     </span>
     <span class='ocr_line' id='line_1_35' title="bbox 123 2078 1569 2136; baseline 0.004 -18"><span class='ocrx_word' id='word_1_280' title='bbox 123 2078 336 2129; x_wconf 73' lang='lat' dir='ltr'><strong>duxerat,</strong></span> <span class='ocrx_word' id='word_1_281' title='bbox 366 2090 462 2118; x_wconf 84' lang='lat' dir='ltr'><strong>cam</strong></span> <span class='ocrx_word' id='word_1_282' title='bbox 495 2082 585 2119; x_wconf 83' lang='lat' dir='ltr'><strong>toto</strong></span> <span class='ocrx_word' id='word_1_283' title='bbox 612 2090 693 2119; x_wconf 79' lang='lat' dir='ltr'><strong>sao</strong></span> <span class='ocrx_word' id='word_1_284' title='bbox 722 2078 882 2132; x_wconf 77' lang='lat' dir='ltr'><strong>populo</strong></span> <span class='ocrx_word' id='word_1_285' title='bbox 914 2078 1042 2131; x_wconf 82' lang='lat' dir='ltr'><strong>sidem</strong></span> <span class='ocrx_word' id='word_1_286' title='bbox 1068 2080 1331 2123; x_wconf 76' lang='lat' dir='ltr'><strong>catholicam</strong></span> <span class='ocrx_word' id='word_1_287' title='bbox 1359 2086 1569 2136; x_wconf 78' lang='lat' dir='ltr'><strong>suscepit.</strong></span> 
     </span>
     <span class='ocr_line' id='line_1_36' title="bbox 122 2134 1569 2188; baseline 0.006 -17"><span class='ocrx_word' id='word_1_288' title='bbox 122 2145 262 2173; x_wconf 87' lang='lat' dir='ltr'><strong>verum</strong></span> <span class='ocrx_word' id='word_1_289' title='bbox 289 2134 500 2174; x_wconf 84' lang='lat' dir='ltr'><strong>Dandulus</strong></span> <span class='ocrx_word' id='word_1_290' title='bbox 533 2134 633 2174; x_wconf 87' lang='lat' dir='ltr'><strong>haec</strong></span> <span class='ocrx_word' id='word_1_291' title='bbox 674 2134 747 2174; x_wconf 89' lang='lat' dir='ltr'><strong>sub</strong></span> <span class='ocrx_word' id='word_1_292' title='bbox 787 2134 989 2175; x_wconf 68' lang='lat' dir='ltr'><strong>michaele</strong></span> <span class='ocrx_word' id='word_1_293' title='bbox 1029 2136 1249 2188; x_wconf 83' lang='lat' dir='ltr'><strong>contigisse</strong></span> <span class='ocrx_word' id='word_1_294' title='bbox 1289 2138 1444 2188; x_wconf 88' lang='lat' dir='ltr'><strong>scribit,</strong></span> <span class='ocrx_word' id='word_1_295' title='bbox 1474 2139 1569 2179; x_wconf 82' lang='lat' dir='ltr'><strong>Pla-</strong></span> 
     </span>
     <span class='ocr_line' id='line_1_37' title="bbox 122 2188 1572 2243; baseline 0.003 -13"><span class='ocrx_word' id='word_1_296' title='bbox 122 2189 213 2231; x_wconf 83' lang='lat' dir='ltr'><strong>tina</strong></span> <span class='ocrx_word' id='word_1_297' title='bbox 239 2200 338 2229; x_wconf 88' lang='lat' dir='ltr'><strong>vero</strong></span> <span class='ocrx_word' id='word_1_298' title='bbox 366 2189 441 2229; x_wconf 91' lang='lat' dir='ltr'><strong>sub</strong></span> <span class='ocrx_word' id='word_1_299' title='bbox 458 2188 612 2229; x_wconf 83' lang='lat' dir='ltr'><strong>Basilio</strong></span> <span class='ocrx_word' id='word_1_300' title='bbox 633 2189 866 2230; x_wconf 82' lang='lat' dir='ltr'><strong>Macedone.</strong></span> <span class='ocrx_word' id='word_1_301' title='bbox 922 2203 1051 2243; x_wconf 86' lang='lat' dir='ltr'><strong>neque</strong></span> <span class='ocrx_word' id='word_1_302' title='bbox 1074 2191 1153 2231; x_wconf 90' lang='lat' dir='ltr'><strong>soli</strong></span> <span class='ocrx_word' id='word_1_303' title='bbox 1173 2191 1369 2232; x_wconf 85' lang='lat' dir='ltr'><strong>Arentani</strong></span> <span class='ocrx_word' id='word_1_304' title='bbox 1396 2207 1445 2233; x_wconf 88' lang='lat' dir='ltr'><strong>ac</strong></span> <span class='ocrx_word' id='word_1_305' title='bbox 1470 2207 1572 2233; x_wconf 86' lang='lat' dir='ltr'><strong>non-</strong></span> 
     </span>
     <span class='ocr_line' id='line_1_38' title="bbox 122 2243 1570 2289; baseline 0.004 -6"><span class='ocrx_word' id='word_1_306' title='bbox 122 2243 226 2284; x_wconf 89' lang='lat' dir='ltr'><strong>nulli</strong></span> <span class='ocrx_word' id='word_1_307' title='bbox 254 2243 326 2283; x_wconf 88' lang='lat' dir='ltr'><strong>alii</strong></span> <span class='ocrx_word' id='word_1_308' title='bbox 363 2256 416 2284; x_wconf 87' lang='lat' dir='ltr'><strong>ex</strong></span> <span class='ocrx_word' id='word_1_309' title='bbox 443 2243 583 2284; x_wconf 90' lang='lat' dir='ltr'><strong>Slavis</strong></span> <span class='ocrx_word' id='word_1_310' title='bbox 613 2244 841 2286; x_wconf 85' lang='lat' dir='ltr'><strong>Dalmatiae</strong></span> <span class='ocrx_word' id='word_1_311' title='bbox 881 2246 1030 2285; x_wconf 87' lang='lat' dir='ltr'><strong>accolis</strong></span> <span class='ocrx_word' id='word_1_312' title='bbox 1058 2247 1133 2286; x_wconf 89' lang='lat' dir='ltr'><strong>sub</strong></span> <span class='ocrx_word' id='word_1_313' title='bbox 1166 2246 1319 2288; x_wconf 87' lang='lat' dir='ltr'><strong>Basilio</strong></span> <span class='ocrx_word' id='word_1_314' title='bbox 1347 2249 1570 2289; x_wconf 82' lang='lat' dir='ltr'><strong>Macedone</strong></span> 
     </span>
     <span class='ocr_line' id='line_1_39' title="bbox 122 2297 1571 2358; baseline 0.003 -19"><span class='ocrx_word' id='word_1_315' title='bbox 122 2297 364 2350; x_wconf 87' lang='lat' dir='ltr'><strong>baptismum</strong></span> <span class='ocrx_word' id='word_1_316' title='bbox 384 2305 668 2352; x_wconf 89' lang='lat' dir='ltr'><strong>susceperunt;</strong></span> <span class='ocrx_word' id='word_1_317' title='bbox 684 2312 823 2339; x_wconf 86' lang='lat' dir='ltr'><strong>verum</strong></span> <span class='ocrx_word' id='word_1_318' title='bbox 840 2304 880 2339; x_wconf 90' lang='lat' dir='ltr'><strong>et</strong></span> <span class='ocrx_word' id='word_1_319' title='bbox 895 2299 1098 2354; x_wconf 83' lang='lat' dir='ltr'><strong>Bulgaros</strong></span> <span class='ocrx_word' id='word_1_320' title='bbox 1115 2302 1166 2342; x_wconf 90' lang='lat' dir='ltr'><strong>ad</strong></span> <span class='ocrx_word' id='word_1_321' title='bbox 1186 2303 1392 2344; x_wconf 88' lang='lat' dir='ltr'><strong>meliorem</strong></span> <span class='ocrx_word' id='word_1_322' title='bbox 1411 2305 1571 2358; x_wconf 84' lang='lat' dir='ltr'><strong>frugem</strong></span> 
     </span>
     <span class='ocr_line' id='line_1_40' title="bbox 122 2353 1571 2407; baseline 0.003 -12"><span class='ocrx_word' id='word_1_323' title='bbox 122 2353 333 2395; x_wconf 85' lang='lat' dir='ltr'><strong>revocavit</strong></span> <span class='ocrx_word' id='word_1_324' title='bbox 352 2353 457 2393; x_wconf 86' lang='lat' dir='ltr'><strong>idem</strong></span> <span class='ocrx_word' id='word_1_325' title='bbox 482 2354 723 2406; x_wconf 82' lang='lat' dir='ltr'><strong>imperator,</strong></span> <span class='ocrx_word' id='word_1_326' title='bbox 753 2355 973 2407; x_wconf 84' lang='lat' dir='ltr'><strong>Russisque</strong></span> <span class='ocrx_word' id='word_1_327' title='bbox 1011 2358 1211 2407; x_wconf 85' lang='lat' dir='ltr'><strong>persuasit</strong></span> <span class='ocrx_word' id='word_1_328' title='bbox 1238 2363 1283 2398; x_wconf 89' lang='lat' dir='ltr'><strong>ut</strong></span> <span class='ocrx_word' id='word_1_329' title='bbox 1309 2371 1468 2399; x_wconf 82' lang='lat' dir='ltr'><strong>sacrum</strong></span> <span class='ocrx_word' id='word_1_330' title='bbox 1499 2360 1571 2399; x_wconf 89' lang='lat' dir='ltr'><strong>ba-</strong></span> 
     </span>
     <span class='ocr_line' id='line_1_41' title="bbox 122 2408 1574 2467; baseline 0.005 -20"><span class='ocrx_word' id='word_1_331' title='bbox 122 2408 272 2461; x_wconf 88' lang='lat' dir='ltr'><strong>ptisma</strong></span> <span class='ocrx_word' id='word_1_332' title='bbox 300 2408 563 2461; x_wconf 73' lang='lat' dir='ltr'><strong>susciperent,</strong></span> <span class='ocrx_word' id='word_1_333' title='bbox 591 2410 925 2464; x_wconf 86' lang='lat' dir='ltr'><strong>quemadmodum</strong></span> <span class='ocrx_word' id='word_1_334' title='bbox 957 2416 1101 2452; x_wconf 82' lang='lat' dir='ltr'><strong>narrat</strong></span> <span class='ocrx_word' id='word_1_335' title='bbox 1130 2413 1318 2454; x_wconf 86' lang='lat' dir='ltr'><strong>laudatus</strong></span> <span class='ocrx_word' id='word_1_336' title='bbox 1337 2414 1574 2467; x_wconf 80' lang='lat' dir='ltr'><strong>Porphyro-</strong></span> 
     </span>
     <span class='ocr_line' id='line_1_42' title="bbox 123 2463 1573 2515; baseline 0.005 -13"><span class='ocrx_word' id='word_1_337' title='bbox 123 2463 286 2515; x_wconf 84' lang='lat' dir='ltr'><strong>genitus</strong></span> <span class='ocrx_word' id='word_1_338' title='bbox 325 2463 367 2502; x_wconf 88' lang='lat' dir='ltr'><strong>in</strong></span> <span class='ocrx_word' id='word_1_339' title='bbox 399 2463 468 2503; x_wconf 90' lang='lat' dir='ltr'><strong>avi</strong></span> <span class='ocrx_word' id='word_1_340' title='bbox 498 2464 584 2504; x_wconf 87' lang='lat' dir='ltr'><strong>vita</strong></span> <span class='ocrx_word' id='word_1_341' title='bbox 632 2478 672 2506; x_wconf 91' lang='lat' dir='ltr'><strong>n.</strong></span> <span class='ocrx_word' id='word_1_342' title='bbox 702 2466 758 2504; x_wconf 81' lang='lat'><strong>95</strong></span> <span class='ocrx_word' id='word_1_343' title='bbox 788 2469 828 2503; x_wconf 91' lang='lat' dir='ltr'><strong>et</strong></span> <span class='ocrx_word' id='word_1_344' title='bbox 853 2469 922 2504; x_wconf 81' lang='lat'><strong>96.</strong></span> <span class='ocrx_word' id='word_1_345' title='bbox 995 2465 1046 2504; x_wconf 87' lang='lat' dir='ltr'><strong>de</strong></span> <span class='ocrx_word' id='word_1_346' title='bbox 1081 2467 1301 2509; x_wconf 87' lang='lat' dir='ltr'><strong>Russorum</strong></span> <span class='ocrx_word' id='word_1_347' title='bbox 1343 2474 1477 2510; x_wconf 83' lang='lat' dir='ltr'><strong>autem</strong></span> <span class='ocrx_word' id='word_1_348' title='bbox 1519 2469 1573 2509; x_wconf 85' lang='lat' dir='ltr'><strong>ad</strong></span> 
     </span>
     <span class='ocr_line' id='line_1_43' title="bbox 122 2517 1572 2578; baseline 0.005 -20"><span class='ocrx_word' id='word_1_349' title='bbox 122 2518 241 2559; x_wconf 78' lang='lat' dir='ltr'><strong>fidem</strong></span> <span class='ocrx_word' id='word_1_350' title='bbox 268 2517 422 2558; x_wconf 86' lang='lat' dir='ltr'><strong>Christi</strong></span> <span class='ocrx_word' id='word_1_351' title='bbox 452 2520 715 2559; x_wconf 86' lang='lat' dir='ltr'><strong>conversione</strong></span> <span class='ocrx_word' id='word_1_352' title='bbox 744 2519 844 2559; x_wconf 87' lang='lat' dir='ltr'><strong>libet</strong></span> <span class='ocrx_word' id='word_1_353' title='bbox 870 2519 934 2559; x_wconf 89' lang='lat' dir='ltr'><strong>hic</strong></span> <span class='ocrx_word' id='word_1_354' title='bbox 954 2521 1138 2572; x_wconf 86' lang='lat' dir='ltr'><strong>profcrre</strong></span> <span class='ocrx_word' id='word_1_355' title='bbox 1166 2523 1390 2575; x_wconf 82' lang='lat' dir='ltr'><strong>historiam,</strong></span> <span class='ocrx_word' id='word_1_356' title='bbox 1418 2537 1520 2578; x_wconf 87' lang='lat' dir='ltr'><strong>quac</strong></span> <span class='ocrx_word' id='word_1_357' title='bbox 1546 2538 1572 2565; x_wconf 82' lang='lat' dir='ltr'><strong>a</strong></span> 
     </span>
     <span class='ocr_line' id='line_1_44' title="bbox 123 2572 1574 2627; baseline 0.006 -14"><span class='ocrx_word' id='word_1_358' title='bbox 123 2572 323 2626; x_wconf 86' lang='lat' dir='ltr'><strong>principio</strong></span> <span class='ocrx_word' id='word_1_359' title='bbox 354 2572 496 2613; x_wconf 81' lang='lat' dir='ltr'><strong>mutila</strong></span> <span class='ocrx_word' id='word_1_360' title='bbox 525 2578 608 2623; x_wconf 88' lang='lat' dir='ltr'><strong>est;</strong></span> <span class='ocrx_word' id='word_1_361' title='bbox 652 2587 770 2627; x_wconf 81' lang='lat' dir='ltr'><strong>quam</strong></span> <span class='ocrx_word' id='word_1_362' title='bbox 811 2575 967 2626; x_wconf 76' lang='lat' dir='ltr'><strong>quidem</strong></span> <span class='ocrx_word' id='word_1_363' title='bbox 994 2577 1127 2627; x_wconf 78' lang='lat' dir='ltr'><strong>reperi</strong></span> <span class='ocrx_word' id='word_1_364' title='bbox 1156 2578 1196 2618; x_wconf 86' lang='lat' dir='ltr'><strong>in</strong></span> <span class='ocrx_word' id='word_1_365' title='bbox 1226 2580 1362 2619; x_wconf 88' lang='lat' dir='ltr'><strong>codice</strong></span> <span class='ocrx_word' id='word_1_366' title='bbox 1390 2593 1450 2620; x_wconf 90' lang='lat' dir='ltr'><strong>ms</strong></span> <span class='ocrx_word' id='word_1_367' title='bbox 1478 2579 1574 2620; x_wconf 87' lang='lat' dir='ltr'><strong>Col-</strong></span> 
     </span>
     <span class='ocr_line' id='line_1_45' title="bbox 125 2627 1569 2684; baseline 0.004 -17"><span class='ocrx_word' id='word_1_368' title='bbox 125 2628 281 2668; x_wconf 89' lang='lat' dir='ltr'><strong>bertino</strong></span> <span class='ocrx_word' id='word_1_369' title='bbox 313 2627 465 2668; x_wconf 79' lang='lat' dir='ltr'><strong>recenti</strong></span> <span class='ocrx_word' id='word_1_370' title='bbox 495 2641 614 2670; x_wconf 87' lang='lat' dir='ltr'><strong>manu</strong></span> <span class='ocrx_word' id='word_1_371' title='bbox 639 2629 867 2682; x_wconf 84' lang='lat' dir='ltr'><strong>conscripto</strong></span> <span class='ocrx_word' id='word_1_372' title='bbox 899 2643 939 2672; x_wconf 86' lang='lat' dir='ltr'><strong>n·</strong></span> <span class='ocrx_word' id='word_1_373' title='bbox 973 2633 1093 2684; x_wconf 72' lang='lat'><strong>44:32,</strong></span> <span class='ocrx_word' id='word_1_374' title='bbox 1123 2638 1163 2673; x_wconf 87' lang='lat' dir='ltr'><strong>ct</strong></span> <span class='ocrx_word' id='word_1_375' title='bbox 1179 2634 1366 2676; x_wconf 83' lang='lat' dir='ltr'><strong>Latinam</strong></span> <span class='ocrx_word' id='word_1_376' title='bbox 1392 2635 1569 2676; x_wconf 79' lang='lat' dir='ltr'><strong>fecimus.</strong></span> 
     </span>
     <span class='ocr_line' id='line_1_46' title="bbox 125 2683 500 2736; baseline -0.005 -14"><span class='ocrx_word' id='word_1_377' title='bbox 125 2683 182 2723; x_wconf 87' lang='lat' dir='ltr'><strong>sic</strong></span> <span class='ocrx_word' id='word_1_378' title='bbox 212 2683 339 2736; x_wconf 78' lang='lat' dir='ltr'><strong>igitur</strong></span> <span class='ocrx_word' id='word_1_379' title='bbox 366 2683 500 2724; x_wconf 78' lang='lat' dir='ltr'><strong>habet.</strong></span> 
     </span>
    </p>
   </div>
  </div>
 </body>
</html>
