1780 3132
265 138 358 186 408
791 146 1133 185 WESSELlNGll

263 251 459 294 HOAEI
464 253 579 294 ΤΩΝ
591 257 628 295 i.
657 268 694 293 e.
724 251 919 304 ἡγεμόνος
945 252 1125 305 Μάρκου
1162 256 1451 309 Τερεβεντύιου,
1478 259 1660 310 praeside

260 309 397 348 Marco
425 309 698 349 Terebentino.
753 308 919 360 Bulgari
939 309 1117 349 Preslaw
1144 307 1419 359 Πρισθλάβαν
1448 318 1656 359 vocarunt,

260 363 425 414 egregie
452 363 686 412 descriptam
715 362 766 400 ab
793 361 910 402 Anna
935 362 1118 402 Alexiad.
1147 366 1173 401 7
1201 376 1238 414 p.
1272 367 1371 412 1943
1395 375 1497 416 quae
1526 370 1657 406 tamen

258 428 343 455 cum
369 410 546 464 μεγάλην
572 410 688 452 πόλιν
719 426 814 454 vero
839 417 932 455 olim
958 416 1112 455 nomine
1136 416 1260 456 fuisse
1282 416 1511 469 arbitratur,
1537 432 1564 459 a
1593 432 1659 460 re-

259 474 322 508 cto
354 468 512 508 tramite
541 470 715 508 recessit.
771 469 873 508 adde
897 470 1073 510 Nicetam
1097 469 1240 510 Annal·
1268 471 1366 510 lsac.
1388 474 1411 509 1
1443 484 1482 522 p.
1513 476 1604 514 185.

368 535 462 581 391,
490 534 528 572 4.
572 522 787 579 Ὅὸυσσος]
826 533 902 573 imo
919 524 1117 584 ’Ὁδησσος
1147 534 1254 586 [cum-
1275 535 1566 588 codice-Leid.].
1597 539 1659 578 fa-

259 585 315 623 cit
342 589 472 625 tamen
499 598 585 625 cum
609 591 746 626 nostro
777 587 988 639 Procopius
1008 587 1137 628 Aedif.
1160 588 1295 628 lustin.
1326 590 1353 627 4
1381 593 1445 638 11,
1474 594 1514 629 et
1529 591 1658 630 Theo-

255 639 405 688 phanes
448 638 645 692 Chorogr.
693 653 731 692 p.
774 644 873 691 190,
914 642 980 693 qui
1023 641 1222 694 ceteroqui
1260 637 1549 680 Ὀδυσσόηολιν
1586 657 1657 696 ap-

256 692 408 742 pellare
449 694 671 745 consuevit,
710 697 754 734 ut
795 698 963 746 p.·137‚
1002 700 1041 734 et
1075 696 1250 736 Varnam
1293 695 1355 735 illi
1393 696 1561 737 vicinam
1599 698 1657 738 ait

360 808 466 851 [bid.
521 808 786 861 Δοροστόλος]
819 813 1092 852 Theodoretus
1129 813 1170 852 in
1205 812 1380 853 Thracia
1409 814 1538 866 locat,
1585 827 1658 856 usu

254 863 363 903 vocis
391 864 555 904 latiore:
584 863 626 902 ἐν
654 864 905 918 Δοροστόλῳ,
932 867 1068 918 inquit,
1099 865 1214 911 πόλις
1239 866 1284 903 δὲ
1313 861 1419 917 αὕτη
1445 867 1515 917 τῆς
1545 864 1658 921 Θρᾴ-

251 916 549 1011 ἔὲςηεὲἶιιὼῗιιιιὲς.
563 918 731 1023 ζὶᾶὲῐέξ.
746 919 995 972 Scaligerum
1009 921 1050 960 in
1061 920 1204 960 Euseh.
1216 933 1257 960 n.
1271 919 1655 963 MMCCChxxvlu

356 1034 463 1076 Ibid.
521 1033 755 1084 Νικόπολις]
783 1039 999 1079 lornandes
1026 1040 1117 1079 Rcr.
1145 1038 1234 1078 Get.
1265 1051 1297 1078 c.
1327 1042 1392 1079 18.
1427 1038 1654 1093 Nicopolin

251 1089 432 1141 accedit,
462 1102 569 1143 quae
589 1092 715 1131 iuncta
753 1091 913 1133 latram
941 1091 1089 1143 flumen
1116 1095 1185 1132 est
1220 1095 1452 1133 constituta
1477 1097 1651 1135 notissi-

251 1155 332 1193 ma,
363 1147 553 1196 quoniam
583 1144 762 1186 devictis
791 1145 1006 1187 Sarmatis
1038 1145 1251 1186 Traianus
1289 1158 1380 1186 eam
1407 1145 1652 1198 fabricavit,

251 1201 295 1237 et
336 1197 569 1250 appellavit
600 1196 814 1239 Victoriae
853 1202 1078 1240 civitatem.
1136 1201 1187 1239 ad
1213 1211 1313 1251 quae
1348 1202 1402 1241 lo.
1431 1201 1654 1241 narduinus

253 1252 294 1291 in
322 1253 454 1291 Numis
486 1252 606 1303 antiq.
645 1252 790 1293 illustr.
832 1266 889 1294 eu:
919 1254 985 1293 his
1012 1252 1239 1294 lornandis
1273 1252 1414 1294 verbis
1453 1266 1535 1295 non
1573 1267 1654 1295 nno

251 1304 349 1344 loco
388 1305 647 1346 Thesaurum
683 1318 803 1347 suum
840 1307 1033 1348 Ortelius
1071 1306 1194 1348 latro
1238 1318 1357 1347 amne
1396 1307 1651 1362 locupletat,

251 1371 346 1398 eum
375 1358 533 1400 Istrum
560 1359 642 1411 leyi
670 1365 867 1412 oportere
887 1373 1004 1401 nemo
1032 1359 1207 1411 infitiari
1232 1363 1384 1412 possit,
1439 1365 1481 1402 ui
1507 1374 1652 1403 numos

251 1417 420 1453 veteres
460 1413 527 1453 vel
566 1412 702 1454 obiter
728 1414 906 1463 viderit,
947 1415 1178 1455 cuiusmodi
1218 1419 1317 1455 sunt
1355 1416 1400 1452 N
1429 1415 1650 1454 KOHOA.

250 1466 415 1505 11POC
439 1467 547 1508 ICT.
583 1472 623 1507 et
665 1467 1099 1507 ΝΙΚΟΠΟΛΙΊΏΝ
1134 1468 1232 1506 ΠΡ.
1268 1467 1454 1508 ΙΟΤΡΩ.
1480 1481 1594 1522 quem
1618 1471 1653 1510 si

250 1521 474 1570 audiveris,
503 1522 632 1560 Iatrus
669 1526 761 1572 post
799 1522 898 1561 haec
923 1523 1054 1561 nullus
1082 1522 1168 1560 erit.
1234 1534 1368 1562 verum
1397 1535 1494 1562 cave
1522 1523 1650 1563 faxis:

248 1570 319 1610 τὸν
346 1571 560 1624 λεγόμενον
585 1571 736 1625 Ἰατρόν
763 1572 948 1623 ποταμὸν
977 1580 1169 1615 memorat
1188 1576 1508 1627 Theophylactus
1535 1578 1581 1617 Η.
1595 1578 1650 1616 Μ.

247 1630 274 1665 7
304 1631 366 1677 14,
395 1641 416 1667 e
444 1640 520 1680 quo
548 1632 587 1667 et
615 1630 821 1680 oppositae
857 1630 947 1668 urbi
974 1630 1071 1669 latri
1099 1642 1240 1669 nomen
1268 1630 1388 1680 venit,
1417 1630 1466 1669 de
1492 1642 1570 1682 qua
1598 1631 1650 1670 ad

246 1679 391 1722 Anton.
423 1683 511 1721 ltin.
549 1695 587 1733 p.
616 1687 707 1721 222.
776 1686 864 1722 erat
889 1683 1089 1734 Nicopolis
1133 1684 1184 1723 ad
1212 1683 1449 1723 confluentes
1486 1685 1581 1724 lstri
1609 1688 1649 1724 et

244 1734 353 1787 latri,
378 1741 561 1788 recteque
587 1736 628 1775 in
653 1736 780 1776 numis
806 1737 931 1788 priori
957 1737 1192 1776 adstruitur.

354 1799 460 1841 Ibid.
518 1799 675 1849 Νοβαί]
703 1801 820 1840 binae
850 1804 964 1840 erant
989 1801 1029 1840 in
1058 1801 1133 1841 hac
1152 1801 1295 1841 vicinia
1314 1803 1470 1850 Novae,
1496 1802 1649 1843 alterae

245 1854 391 1906 Cuppis
419 1854 583 1905 vicinae,
611 1866 709 1906 quas
736 1851 811 1898 τὰς
838 1848 923 1892 ἄνω
943 1852 1083 1903 Νοβοὶς
1114 1856 1432 1907 Theophylactus
1446 1857 1492 1895 Η.
1508 1857 1561 1896 Μ.
1579 1861 1604 1895 7
1622 1860 1648 1896 7

245 1913 386 1957 vocat3
415 1910 568 1948 alterae
603 1909 817 1960 Appiariae
843 1909 1094 1960 propriores,
1121 1910 1315 1949 Novensis
1352 1911 1526 1950 Moesiae
1552 1910 1648 1950 civi-

247 1963 342 2002 tatis
370 1963 524 2002 nomine
550 1963 783 2002 Marcellino
812 1962 954 2002 Comiti
983 1967 1112 2002 not-ae.
1167 1964 1216 2002 de
1236 1963 1296 2002 his
1325 1963 1416 2003 Ant.
1447 1968 1470 2003 1
1500 1977 1538 2016 p.
1554 1968 1647 2004 221.

354 2025 460 2067 Ibid.
489 2028 528 2066 5.
579 2019 830 2077 '‘Esspattzog]
860 2026 1005 2066 rectius
1024 2018 1258 2075 '‘Assomog,
1287 2031 1329 2066 ut
1356 2028 1546 2079 Procopio
1570 2029 1647 2068 fine

244 2082 272 2120 l.
306 2083 332 2120 4
360 2082 409 2119 de
433 2081 562 2120 Aedis.
598 2081 754 2120 dicitur.
783 2081 968 2120 lornandi
1011 2080 1214 2131 AbrittuS,
1240 2082 1415 2121 Moesiae
1443 2082 1582 2122 civitas
1608 2083 1649 2122 in

243 2135 504 2174 Ambrosiano
531 2147 602 2184 nm,
641 2140 684 2173 ut
712 2135 880 2174 diximus
909 2134 1022 2174 alias.
1051 2136 1204 2174 famosa
1230 2135 1324 2174 urbs
1354 2139 1415 2175 est
1440 2136 1549 2175 Decii
1574 2137 1647 2176 im-

243 2189 442 2239 peratoris
468 2189 601 2237 caede,
631 2189 778 2239 passim
798 2189 902 2228 male
927 2188 1086 2240 scripta,
1123 2188 1237 2228 sicuti
1266 2189 1454 2240 exemplis
1479 2190 1648 2241 prolatis

243 2243 305 2280 lll.
338 2243 523 2294 Scaliger
549 2243 588 2281 in
615 2243 757 2282 Euseb.
798 2255 836 2282 n.
869 2242 1164 2282 MMCCLXVII
1206 2244 1403 2293 patefecit.
1467 2243 1545 2283 sita
1571 2244 1646 2282 fuit

242 2296 346 2335 inter
374 2297 585 2335 Odesseum
618 2300 658 2334 et
685 2296 979 2346 Mesembriam‚
1022 2296 1240 2348 diciturque
1267 2297 1307 2336 in
1333 2296 1470 2337 tabula
1491 2297 1648 2337 Peutiu-

242 2361 428 2400 gerorum
457 2350 579 2389 Erite.
655 2351 849 2389 falluntur
875 2350 1006 2401 itaque
1033 2350 1098 2401 qui
1124 2351 1283 2389 Decium
1310 2351 1360 2389 ad
1390 2351 1546 2390 Tanain
1574 2363 1646 2403 pe-

242 2403 369 2449 riisse,
396 2403 716 2454 quemadmodum
731 2404 922 2453 Zosimus,
940 2407 1009 2443 aut
1035 2408 1147 2443 trans
1164 2404 1395 2454 Danubium,
1424 2405 1481 2444 uti
1495 2405 1644 2455 victor,

238 2457 456 2550 ”mnilfiliss
477 2514 516 2549 6.
570 2506 767 2559 ’Enaw'a
793 2508 990 2556 Σκυθίας]
1019 2510 1116 2550 haec
1144 2514 1342 2562 postrema
1371 2515 1432 2550 ‘³⁵¹⁵
1459 2513 1644 2563 ‘1¹¹³‘m0‘

239 2563 438 2603 Thraciae
464 2564 781 2615 provinciarum,
809 2576 910 2614 quae
942 2565 1186 2614 praesidibus
1213 2565 1422 2614 suberant,
1451 2569 1495 2604 ut
1517 2565 1639 2606 Notit.

239 2616 329 2671 imp.
358 2617 506 2659 orient.
535 2630 568 2657 c.
584 2621 605 2657 1
636 2618 760 2660 docet.
801 2618 1019 2659 Athanasio
1059 2618 1183 2660 variis
1211 2618 1310 2659 locis
1332 2617 1476 2659 ,Σισκία
1502 2617 1643 2660 dicitur
