1780 3132
253 163 317 209 42
516 169 876 212 CONSTANTINI
910 170 1400 216 PORPHYROGENITI

542 270 587 313 ιζ’
613 271 711 315 θέμοι
733 271 775 307 τὸ
800 271 1019 317 καλούμενον
1042 277 1190 321 Αἰγαῖον
1213 276 1378 322 πέλαγος.

389 342 446 383 Τὸ
478 344 520 384 δὲ
543 342 783 396 καλούμενον
805 348 975 400 Αἰγαῖον
1006 349 1193 403 πέλαγος,
1229 353 1294 391 καὶ
1315 351 1410 392 αὐτὸ
1425 354 1665 406 χρηματίζον

254 409 307 457 εἷς
336 409 468 461 θέμα,
512 410 588 451 ἀπὸ
616 412 772 465 Λῗγέως
797 417 868 455 τοῦ
894 416 1145 465 Ποσειδῶνος
1170 417 1259 458 υἱοῦ
1286 417 1357 470 τὴν
1387 421 1664 473 προσωνυμίαν

249 473 362 528 ἔλαχε
372 507 385 526 ,
428 475 566 525 καθώς
587 494 709 531 φασιν
730 479 767 519 οἱ
785 479 852 521 τὸν
873 479 1050 537 τΌμηρον
1076 482 1363 535 σχολιάσαντες.
1429 484 1500 526 οῧκ
1519 485 1600 527 ἔστι
1621 487 1664 527 δὲ

250 546 319 582 νῦν
342 543 456 596 χρεία
482 547 553 596 τῆς
577 541 810 599 Ἑλληνικῆς
841 547 1014 603 ἱστορίας
1043 549 1108 590 διὰ
1140 549 1184 591 τὸ
1215 549 1311 592 εἶναι
1339 550 1461 604 αὐτὴν
1487 541 1693 604 ψεῦδουςΞ

245 609 558 662 μεμεστωμένην.
626 610 819 667 Στράβων
841 614 883 654 δὲ
900 611 920 654 ὃ
940 615 1169 672 γεωγράφος
1190 616 1318 666 ἄλλως
1339 617 1462 659 αὐτοῦ’
1483 617 1554 671 τὴν
1574 619 1662 660 ὄνο-

243 677 392 726 μασίαν
411 676 583 717 τέθεικεν
596 690 607 700 ·
648 678 723 719 ἀπὸ
752 679 827 735 γὰρ
845 684 914 732 τῆς
938 680 1062 737 ἄκρας
1082 685 1272 732 Αἰολίδος
1281 715 1293 734 ,
1327 682 1376 737 ἢν
1393 682 1502 738 Αἶγα
1520 685 1558 725 οἶ
1577 687 1660 726 ἔπι-

243 740 382 795 χώριοι
406 742 662 794 ὀνομάζουσιν
670 776 683 795 ,
725 744 820 787 ὅθεν
845 746 865 788 ὁ
891 748 1125 801 Αἷγεατικός
1146 748 1361 804 ἀπάρχεται
1381 749 1548 801 κόλπος,
1590 751 1662 804 τὴν

244 807 457 860 ὀνομασίαν
479 809 648 865 εἴληφεν,
678 809 895 865 ὁμωνύμως
914 819 970 869 τῷ
990 814 1088 871 ζῴῳ.
1154 814 1299 868 ὁμοίως
1317 818 1359 858 δὲ
1386 819 1452 858 καὶ
1479 815 1500 858 ὃ
1526 818 1659 873 Ἀρτε-

241 877 415 930 μίδωρος
437 876 487 917 τὰ
520 876 620 919 aizo}
652 895 748 933 φησι
773 885 828 935 τῷ
846 879 1067 935 Στράβωνα
1133 883 1236 939 ἄκρα
1257 901 1315 933 τις
1332 883 1435 926 ἔστιν
1453 886 1656 935 Αἰολίδος,
1670 891 1712 925 10

241 940 292 994 ἣν
312 940 420 996 Αἶγα
442 943 479 983 οἳ
507 942 706 999 ἐπιχώριοι
736 944 1004 998 ὀνομάζουσιν,
1045 949 1120 1004 ἀφ’
1152 944 1200 1002 ἧς
1229 953 1294 991 καὶ
1322 951 1365 992 τὸ
1396 951 1563 1005 πέλαγος
1587 952 1658 1005 τὴν

239 1007 424 1061 τοιαύτην
444 1009 658 1062 ὀνομασίαν
675 1015 946 1068 προσείληφεν.
1012 1016 1204 1065 Αἰολίδος
1231 1018 1272 1058 δὲ
1295 1019 1392 1070 λέγω
1424 1019 1493 1058 οὐκ
1516 1018 1658 1067 ἔθνους

238 1075 466 1127 ὀνομασίαν,
495 1077 597 1117 ἀλλὰ
622 1078 794 1132 γλώττης
817 1081 975 1132 ἰδίωμα.
1041 1079 1067 1133 ἢ
1090 1082 1164 1138 γὰρ
1189 1087 1266 1125 τῶν
1281 1082 1484 1137 ζΕλλήνων
1502 1087 1656 1138 γλῶττα

183 1138 186 1141 ’
238 1143 293 1190 εἷς
321 1143 431 1184 πέντε
463 1145 690 1194 διαλέκτους
721 1145 924 1202 διῄρηται,
971 1147 1130 1203 πρώτην
1161 1150 1233 1202 μὲν
1261 1150 1332 1203 τὴν
1364 1155 1435 1203 τῆς
1458 1151 1655 1201 Ἀτθίδος,

237 1210 423 1264 δευτέραν
451 1211 521 1264 τὴν
545 1210 708 1262 Ἰώνων,
750 1214 883 1267 τρίτην
912 1215 956 1255 δὲ
981 1215 1052 1267 τὴν
1071 1217 1264 1267 Αἰολέων,
1307 1214 1494 1272 τετάρτην
1520 1218 1562 1258 δὲ
1583 1217 1652 1270 τὴν
1667 1223 1707 1256 15
1736 1222 1739 1226 “

235 1276 435 1331 Δωριέων,
470 1278 646 1331 πέμπτην
667 1279 709 1319 δὲ
728 1279 798 1333 τὴν
820 1278 963 1332 κοινήν,
998 1275 1025 1335 ᾗ
1048 1281 1187 1331 πάντες
1205 1281 1415 1338 χρώμεθα.
1483 1285 1547 1326 καὶ
1575 1284 1653 1325 ἀπὸ

232 1343 304 1395 μὲν
327 1347 397 1396 τῆς
416 1343 602 1396 Μιλήτου
621 1345 735 1400 μέχρι
758 1350 827 1398 τῆς
852 1346 1050 1402 Ἐφεσίων
1076 1347 1225 1397 πόλεως
1246 1351 1310 1390 καὶ
1330 1349 1452 1402 αὐτῆς
1470 1348 1654 1405 Σμύρνης

232 1411 298 1450 καὶ
316 1412 559 1466 Κολοφῶνος
575 1410 725 1452 Ἰώνων
745 1414 825 1453 ἐστὶ
846 1415 1044 1465 κατοικία,
1080 1417 1215 1464 οἵτινες
1232 1420 1281 1471 τῇ
1298 1421 1376 1457 τῶν
1392 1415 1542 1458 Ἰώνων
1563 1419 1653 1459 δια-

232 1477 353 1533 λέκτῳ
367 1481 563 1532 χρῶνται·
611 1479 688 1520 ἀπὸ
719 1480 762 1520 δὲ
786 1481 1028 1535 Κολοφῶνος
1053 1482 1166 1536 μέχρι
1194 1485 1456 1535 Κλαζομενῶν
1487 1485 1551 1524 καὶ
1582 1488 1652 1537 τῆς

230 1543 440 1599 ἀντιπέραν
456 1549 527 1598 τῆς
544 1547 649 1586 Χίου
671 1550 741 1599 γῆς
759 1548 824 1587 καὶ
846 1547 966 1601 αὐτῆς
986 1553 1055 1602 τῆς
1078 1548 1312 1603 Μιτυλήνης
1328 1551 1393 1590 καὶ
1412 1554 1481 1590 τοῦ
1503 1554 1648 1591 καλου-
1661 1556 1705 1590 20

228 1612 346 1663 μένου
368 1610 586 1667 Περγάμου
608 1613 788 1654 Αἰολέων
808 1614 910 1655 ἐστὶν
931 1615 1088 1656 ἀποικία
1098 1647 1112 1666 ,
1147 1617 1282 1666 οἵτινες
1309 1617 1497 1674 διαλέκτῳ
1519 1621 1650 1672 χρῶν-
1694 1633 1698 1637 ⁴

319 1743 336 1774 1
359 1737 457 1780 θέμα
479 1738 624 1782 αἰγαίου
647 1737 824 1781 πελάγους
846 1737 1149 1774 ἑπτακαιδέκατον
1172 1742 1202 1775 C
1343 1742 1367 1775 4
1387 1742 1648 1786 σχολιογραφή-

315 1795 441 1822 σαντες
463 1785 493 1817 Α
626 1785 647 1817 5
671 1784 738 1817 νῦν
762 1797 814 1817 οιιι
839 1785 868 1817 C
990 1788 1010 1819 6
1033 1785 1099 1828 τὴν
1117 1783 1315 1828 ὀνομασίαν
1337 1783 1451 1825 ἄλλως
1474 1787 1591 1822 αὐτοῦ
1618 1790 1647 1821 C

315 1832 334 1863 7
359 1826 566 1861 (ἐντέθεικεν
587 1829 650 1861 AV
766 1832 808 1865 10
831 1827 873 1862 τό
898 1828 988 1863 αὐτὸ
1015 1832 1043 1864 C
1152 1836 1191 1867 11
1217 1843 1252 1865 οι
1276 1830 1479 1885 ἐπιχώριοι]
1502 1831 1596 1871 τινὶς
1617 1836 1647 1867 C

315 1875 356 1908 15
378 1872 446 1916 τὴν
468 1875 541 1905 τῶν
564 1872 682 1906 ἰαίνων
706 1873 768 1905 AV
861 1877 902 1909 18
925 1874 1092 1918 ῥωμαίων
1117 1876 1145 1908 C
1235 1878 1279 1912 20
1300 1875 1522 1919 καλουμένου
1546 1890 1599 1911 om
1617 1879 1647 1911 V

313 1922 352 1953 21
377 1920 543 1952 κατοικία
566 1918 731 1951 AMorelli
755 1924 790 1952 et
813 1919 842 1952 C

482 2030 612 2062 Thema
635 2030 801 2063 decimum
822 2031 1003 2074 septimum
1025 2032 1202 2075 Aegaeum
1223 2032 1388 2075 pelagus.

310 2097 445 2140 Aegaeo
437 2109 478 2130 un
502 2108 584 2129 vero
608 2096 748 2140 pelagus
771 2096 871 2130 etiam
893 2096 1005 2148 ipsum
1026 2097 1116 2130 inter
1135 2097 1282 2130 themata
1300 2096 1450 2140 relatum,
1475 2099 1516 2131 ab
1533 2097 1648 2142 Aegeo

219 2142 374 2184 Neptuni
397 2142 467 2174 filio
491 2141 748 2185 appellationem
773 2152 867 2174 suam
890 2142 1032 2185 accepit,
1060 2147 1097 2174 ut
1120 2141 1214 2174 aiunt
1236 2142 1261 2174 ii
1283 2141 1343 2184 qui
1364 2143 1524 2175 scholia'
1514 2154 1548 2175 ιιι
1570 2143 1645 2176 Ho-

220 2198 346 2220 merum
363 2187 584 2230 scripserunt.
630 2186 739 2219 nullus
765 2192 874 2219 autem
898 2197 987 2219 nunc
1008 2197 1087 2219 usus
1111 2192 1163 2219 est
1184 2186 1347 2219 historiae
1365 2188 1533 2230 Graecae,
1558 2190 1646 2231 quod

219 2231 403 2264 mendaciis
429 2231 475 2264 sit
497 2232 640 2264 referta.
687 2237 723 2264 at
746 2232 871 2265 Strabo
897 2231 1110 2275 geographus
1136 2230 1208 2263 eius
1230 2231 1489 2275 appellationem
1512 2233 1648 2266 aliunde

217 2277 374 2318 derivat,
409 2275 573 2318 siquidem
599 2287 616 2308 a
641 2277 871 2328 promontorio
893 2275 1060 2317 Aeolidis,
1095 2276 1186 2318 quod
1208 2275 1319 2309 incola
1345 2276 1437 2319 Aega
1459 2277 1644 2320 appellant,

218 2323 307 2354 unde
333 2321 403 2363 Aeg
393 2320 534 2353 eaticus
554 2321 648 2353 sinus
673 2321 804 2354 initium
826 2322 945 2362 sumit,
969 2320 1019 2354 ita
1041 2321 1165 2354 dictum
1189 2326 1262 2363 est,
1286 2322 1450 2354 communi
1472 2333 1545 2355 cum
1569 2323 1646 2355 ani-

215 2366 295 2399 mali
320 2364 558 2418 appellatione.
603 2365 753 2398 eiusdem
779 2371 832 2398 est
853 2377 892 2398 ac
915 2366 1040 2398 Strabo
1060 2366 1249 2398 sententiae
1273 2367 1373 2399 etiam
1395 2365 1640 2400 Artemidorus.

214 2410 486 2462 promontorium
503 2410 670 2453 quoddam
695 2415 746 2442 est
766 2410 928 2454 Aeolidis,
952 2410 1041 2453 quod
1062 2410 1157 2453 Aega
1178 2410 1310 2444 incolae
1330 2410 1512 2464 appellant,
1536 2423 1557 2444 a
1571 2422 1638 2455 quo

215 2462 251 2489 et
285 2455 423 2499 pelagus
455 2454 618 2487 eiusmodi
652 2454 909 2499 appellationem
939 2455 1083 2499 accepit.
1144 2454 1294 2488 Aeolidis
1325 2461 1436 2489 autem
1465 2455 1542 2489 dico
1571 2466 1638 2489 non

214 2500 327 2544 gentis
351 2499 628 2543 appellationem,
661 2500 721 2532 sed
743 2499 878 2542 linguae
901 2500 1161 2552 proprietatem:
1185 2501 1392 2534 Graecorum
1415 2500 1501 2533 enim
1524 2500 1639 2544 lingua

212 2546 249 2578 in
274 2545 422 2597 quinque
445 2544 609 2577 dialectos
630 2545 740 2577 divisa
762 2549 832 2587 est,
865 2545 1004 2588 primam
1027 2544 1162 2597 quidem
1185 2545 1351 2589 Atticam,
1383 2545 1520 2579 alteram
1541 2545 1636 2578 Ioni-

213 2602 298 2632 cam,
319 2589 455 2623 tertiam
471 2589 653 2632 Aeolicam,
678 2595 830 2633 quartam
846 2590 1015 2633 Doricam,
1035 2589 1184 2633 quimam
1205 2601 1421 2633 communem,
1442 2601 1509 2643 qua
1523 2601 1639 2624 omnes

211 2635 346 2668 utimur.
394 2633 489 2678 atqui
524 2645 544 2667 a
564 2615 683 2667 Mile'to
708 2634 840 2677 quidem
862 2634 1036 2687 Ephesum
1066 2645 1173 2677 usque
1197 2641 1232 2667 et
1260 2636 1437 2678 Smyrnam
1467 2634 1575 2679 ipsam
1603 2640 1639 2668 et

210 2679 462 2723 Colophonem,
493 2679 611 2712 Ionum
644 2683 695 2712 est
729 2680 827 2712 sedes
850 2684 886 2712 et
905 2679 1058 2719 colonia⁷
1090 2679 1149 2722 qui
1184 2679 1317 2723 quidem
1348 2679 1464 2713 Ionum
1493 2679 1637 2713 dialecto

210 2729 360 2758 utuntur.
419 2735 440 2757 a
462 2723 660 2776 Colophone
683 2729 792 2757 autem
815 2734 922 2767 usque
944 2725 986 2758 ad
1010 2723 1241 2766 Clazomenas,
1266 2729 1300 2757 et
1323 2729 1418 2758 trans
1440 2724 1561 2757 Chium
1585 2730 1638 2757 at-

209 2781 277 2814 que
300 2769 406 2815 ipsam
432 2767 622 2813 Mitylenen
656 2774 691 2802 et
712 2769 928 2812 Pergamum,
968 2768 1108 2804 Aeolum
1138 2773 1190 2803 est
1221 2767 1375 2812 colonia,
1414 2768 1471 2813 qni
1504 2768 1638 2813 quidem
