1780 3132
203 155 258 194 IN
285 151 640 194 CONSTANTiNi
670 152 866 194 PORPH.
896 154 992 192 Lm
1020 153 1090 192 DE
1112 151 1245 192 ΑΒΜ.
1286 152 1392 192 ΙΜΡ.
1430 146 1523 192 319

196 269 264 317 96,
290 268 330 306 8.
389 263 433 303 ἐκ
458 264 532 304 τοῦ
558 264 751 315 χρονικοῦ
783 262 1043 316 Θεοφάνους]
1069 265 1120 305 de
1151 264 1390 306 excursione
1417 263 1529 304 Mar-

89 320 289 361 daitarum
327 320 368 360 in
410 321 605 361 Libanum
634 321 812 374 loquitur
851 320 1120 372 Theophanes
1151 333 1188 361 a.
1219 324 1247 360 9
1273 319 1529 360 Constantini

89 376 308 428 Pogonath
338 375 406 427 qui
435 377 512 415 fuit
539 388 668 416 annus
695 375 746 415 ab
778 375 876 415 orbe
903 376 1083 426 condito,
1127 380 1248 428 prout
1289 375 1434 415 Graeci
1462 387 1529 414 re-

87 431 287 470 centiores
308 435 550 483 computant,
577 432 698 471 6184.
728 430 832 470 unde
848 430 1060 470 manifesto
1089 430 1214 483 liquet
1238 442 1441 470 numerum
1457 443 1530 470 an-

84 497 228 526 norum
246 486 298 526 ab
326 486 425 526 orbe
455 486 616 526 condito
639 485 730 526 huic
746 485 863 525 titulo
883 486 1108 537 appositum
1136 491 1364 538 corruptum
1384 498 1432 526 ac
1459 485 1531 525 de-

85 544 299 593 pravatum
330 552 418 580 esse
450 554 476 581 a
506 541 640 582 scriba
672 540 861 589 indocto,
900 545 940 580 et
978 541 1037 581 sic
1071 541 1360 581 restituendum
1388 539 1528 597 gono:

84 594 136 635 de
163 595 378 636 Mardaitis
405 600 538 636 autem
567 597 617 636 cf.
647 596 725 635 lac.
757 595 882 635 Goar.

195 658 535 702 lbid.1?.rov
561 656 785 713 ὀρθοδόξου
822 656 940 712 υἱοῦ,
979 659 1051 698 τοῦ
1088 658 1373 711 Πωγωνάτου]
1400 661 1459 701 sic
1487 661 1531 702 in

86 728 147 756 ms
179 716 350 770 legitur,
388 716 571 756 nimirum
615 714 669 756 ab
697 718 961 769 imperatore
991 713 1273 756 Constantino
1300 714 1530 769 Poymaeato,

86 769 331 812 orthodoxo
343 769 462 834 ΗῙιἸὶο
490 772 643 811 scilicet
669 770 915 811 Constantis.
987 771 1028 810 in
1071 771 1188 810 editis
1217 782 1428 833 perperam
1459 772 1531 811 Ιι3-

83 825 216 875 betur,
242 821 356 889 παρὰ
385 825 462 864 τοῦ
487 825 693 876 βασιλέως
718 824 1036 864 vaoravrt'zov
1066 826 1142 863 τοῦ
1179 822 1355 876 ὀοθοὸόξ
1358 840 1404 862 ου
1436 823 1532 864 ιὶοῦ

85 857 387 944 Hmyomitov5
412 880 484 920 sed
518 881 665 934 optime
693 880 892 921 Meursius
919 881 960 921 in
985 880 1092 920 notis
1113 886 1247 921 monet
1265 882 1531 932 scribendum,

85 930 200 998 παρὰ
239 933 316 973 τοῦ
344 935 549 985 βασιλέως
581 933 902 974 Κωνσταιτίνου
939 934 1014 973 τοῦ
1054 931 1283 986 ὀρθοόόξου
1324 936 1397 973 τοῦ
1429 936 1531 974 Πω-

85 985 296 1040 γωνιὶτου.
324 990 470 1043 quippe
496 990 597 1031 haec
626 990 858 1032 acciderunt
894 1003 976 1031 non
1004 990 1077 1030 sub
1107 990 1307 1043 Pogonati
1335 991 1430 1042 filio,
1460 991 1531 1031 sed

84 1044 159 1085 suh
190 1044 278 1098 ipso
302 1045 527 1098 Pogonato.

192 1109 302 1153 Ibid.
336 1115 402 1152 18.
461 1108 775 1174 Πιτζηκαύδης]
813 1111 856 1152 in
884 1110 1133 1165 Theophane
1161 1108 1462 1164 Πιτζιγαύὸης,
1491 1113 1532 1154 in

85 1165 270 1207 cedreno
299 1163 606 1229 Πιτζικαύὸης.

194 1219 304 1263 Ιὸἰά.
336 1225 402 1261 22.
460 1216 656 1272 χιλιάδας
687 1224 793 1271 τρεῖ
778 1223 812 1269 ]
840 1221 896 1262 ita
931 1226 972 1261 et
1001 1221 1270 1274 Theophanes
1299 1222 1351 1262 ad
1384 1235 1532 1263 annum

82 1280 112 1317 9
138 1275 364 1339 Pogonati,
393 1275 457 1316 cui
484 1276 683 1316 consentit
714 1280 753 1315 ct
780 1277 965 1329 Landnlp
969 1275 1064 1326 hus3
1097 1276 1303 1317 Cedrenus
1332 1289 1428 1316 vero
1457 1278 1531 1318 ha-

83 1331 154 1372 bet
182 1327 434 1382 χιλιάδαςί
506 1331 600 1372 vide
627 1331 706 1373 lac.
740 1331 855 1372 Goar
880 1332 922 1372 in
941 1290 1070 1372 pnotis
1099 1331 1151 1372 ad
1181 1331 1286 1371 hunc
1315 1332 1531 1385 Theopha-

83 1386 145 1427 nis
171 1387 316 1426 locum.

191 1444 327 1492 97,1.
384 1434 454 1489 ω’]
484 1440 689 1481 cedrenus
718 1440 840 1480 habet
873 1437 919 1490 ρ’.
977 1442 1144 1491 Peyrez.
1179 1441 1307 1481 codex
1335 1454 1406 1493 m,s
1436 1455 1531 1482 con-

83 1495 216 1536 tinens
245 1494 612 1549 chronographiam
640 1496 927 1548 Theophanis,
970 1496 1158 1537 laudatus
1188 1509 1213 1537 a
1244 1497 1396 1547 Goaro,
1425 1493 1528 1536 ὀκτώ

79 1547 276 1600 χιλιάδας
308 1549 442 1592 habet.

191 1613 302 1658 Ibid.
360 1629 429 1654 και
460 1614 611 1661 ἵππους
641 1615 821 1666 ειθγενεῖς
851 1613 912 1668 ν’]
941 1615 990 1655 de
1016 1616 1066 1656 iis
1092 1616 1272 1657 omnibus
1302 1630 1407 1670 quae
1435 1617 1531 1658 huc-

80 1682 206 1724 usque
255 1671 443 1712 narravit
479 1671 655 1723 scriptor
692 1676 851 1720 noster,
898 1671 1076 1723 loquitur
1113 1671 1383 1724 Theophanes
1422 1685 1459 1713 a.
1503 1677 1532 1712 9

80 1726 309 1779 Pogonati,
338 1726 408 1766 sed
437 1726 610 1766 diversis
643 1726 799 1774 verbis,
844 1731 882 1765 et
912 1738 1011 1766 sane
1044 1727 1238 1778 pluribus
1266 1727 1328 1767 ita
1357 1732 1400 1767 ut
1433 1728 1532 1767 haee

79 1792 162 1821 non
190 1781 451 1833 Theophanis
495 1781 621 1820 verba
667 1780 737 1820 sed
782 1785 974 1832 excerpta
1009 1780 1263 1821 Constantini
1308 1795 1359 1823 ex
1397 1783 1531 1822 Theo-

81 1835 216 1888 phane
241 1835 324 1876 dici
353 1836 489 1876 verius
518 1835 684 1888 possint.

190 1899 300 1943 md.
329 1906 367 1941 2.
424 1898 497 1940 ἔπι
521 1895 649 1953 τούτω
677 1910 888 1962 perperam
918 1900 1117 1940 Meursius
1143 1900 1436 1965 interpretatur
1462 1904 1529 1943 in-

78 1958 226 1997 terea:
257 1956 406 2010 quippe
435 1955 643 1996 dissidium
663 1955 862 1994 hocinter
878 1954 1049 2006 Arsame,
1078 1956 1263 1996 nimirum
1286 1957 1391 1997 inter
1422 1958 1529 1998 Alim

78 2015 120 2050 et
147 2011 355 2058 Μ3νί3ιιι,
391 2023 473 2051 non
503 2010 760 2051 Constantini
797 2010 998 2061 pogonati
1040 2011 1285 2063 temporibus
1322 2012 1390 2051 sed
1424 2012 1530 2052 Con-

77 2066 225 2106 stantis
253 2066 340 2106 eius
378 2066 510 2119 patris
540 2065 697 2105 accidit.
774 2064 824 2104 de
864 2065 939 2105 hoc
977 2065 1147 2106 dissidio
1178 2067 1447 2119 Theophanes
1476 2069 1529 2108 ad

78 2132 228 2162 annum
256 2123 311 2162 14
338 2121 515 2162 eiusdem
553 2120 803 2161 Constant-is.

186 2184 295 2228 Ibid-
321 2190 361 2226 6.
419 2179 441 2223 ὅ
474 2185 522 2225 δὲ
551 2185 729 2232 Μαβίας
764 2183 1070 2234 αἰθωπλισατο]
1103 2186 1153 2226 de
1184 2186 1260 2227 hoc
1286 2187 1396 2228 bello
1424 2188 1530 2230 inter

77 2239 184 2281 Alim
227 2244 268 2281 et
307 2241 487 2282 Maviam
533 2241 675 2281 scribit
715 2240 985 2292 Theophanes
1027 2253 1064 2281 a
1117 2243 1170 2281 15
1218 2242 1374 2295 imperii
1422 2243 1529 2285 Con-

76 2294 237 2335 stantis.

188 2347 298 2392 Ibid.
327 2353 391 2389 10.
449 2345 518 2402 ἔτη
550 2347 579 2385 ο’
584 2352 611 2399 .]
633 2350 780 2402 optime
812 2363 915 2390 conv
917 2350 1000 2390 enit
1018 2350 1084 2391 hic
1103 2364 1291 2392 numerus
1310 2366 1527 2395 annorum:

78 2417 172 2445 nam
197 2417 223 2445 3
255 2408 385 2444 morte
414 2405 591 2456 Maviae,
624 2418 726 2459 quae
758 2406 905 2445 accidit
934 2418 969 2445 a.
1004 2410 1053 2445 11
1086 2407 1244 2459 imperii
1273 2407 1529 2448 Constantini

76 2459 304 2512 Pogonati‚
333 2458 485 2500 Christi
513 2462 619 2509 678,
665 2461 717 2501 ad
750 2473 899 2501 annum
929 2463 958 2500 S
985 2460 1241 2503 Constantini
1270 2463 1459 2516 Coprony
1462 2465 1528 2515 mi,

76 2513 228 2555 Christi
257 2516 360 2565 748,
400 2526 478 2568 qno
518 2492 814 2556 Cho'rasanitae
854 2521 895 2555 et
923 2516 1188 2569 Maurophori
1215 2518 1411 2559 adversus
1439 2520 1528 2559 Ma-

74 2581 191 2610 rnam
222 2546 516 2622 expeditionem
555 2575 792 2618 moverunt
840 2571 935 2610 anni
964 2571 1216 2613 intercedunt
1244 2577 1310 2614 70.
1369 2574 1418 2612 de
1449 2587 1529 2627 qua

74 2625 232 2677 quidem
261 2624 518 2676 expeditione
556 2626 738 2676 pluribus
784 2626 874 2679 agit
913 2627 1183 2680 Theophanes
1225 2629 1277 2669 ad
1321 2642 1470 2670 annum
1499 2632 1528 2670 8

82 2679 257 2720 eiusdem
286 2679 542 2732 Copronymi.
