1780 3132
219 153 280 198 24
481 156 843 199 CONSTANTINI
875 156 1367 199 PORPHYROGENITI

215 267 286 318 μὲν
308 266 343 307 οἳ
368 265 608 324 Θρᾳκήσιοι·
643 263 788 319 ταύτην
809 266 851 307 δὲ
871 266 942 318 τὴν
965 267 1138 322 ἱστορίαν
1156 265 1357 316 Νικόλαος
1376 265 1397 308 ὃ
1416 267 1640 319 Δαμασκη-

217 333 283 382 νὸς
303 331 444 389 γράφει
473 336 513 374 ἔν
541 336 595 388 τῷ
616 331 934 389 ὀκτωκαιδεκάτῳ
957 334 1079 375 αὐτοῦ
1098 335 1264 390 βιβλίῳ,
1311 332 1331 375 ὃ
1356 334 1519 388 γεγονώς
1542 331 1643 374 ὕπο-

217 401 391 456 γραφεὺς
416 398 602 450 Ἱ-Ιρώδου
639 403 709 441 τοῦ
741 400 947 452 βασιλέως.
1014 399 1310 455 ὠνομάσθησαν
1343 401 1387 441 δὲ
1423 397 1643 458 Θρᾳκήσιοι

219 467 284 507 διὰ
318 467 362 507 τὸ
394 465 489 507 εἶναι
521 466 666 516 αὐτοὺς
695 467 736 507 ἐκ
766 471 837 520 τῆς
863 471 942 509 τῶν
975 466 1145 525 Θρᾳκῶν
1173 472 1270 522 γῆς,
1316 466 1446 522 ὥσπερ
1473 467 1643 520 εἴπομεν.

218 535 290 575 εἶσὶ
315 534 356 574 δὲ
381 531 512 581 πόλεις
533 533 621 588 περὶ
649 533 719 586 τὴν
743 533 876 576 Ἀσίαν
896 531 972 583 κα’,
1007 533 1142 590 πρώτη
1165 535 1236 587 μὲν
1252 534 1444 590 ’Έφεσος,
1480 533 1676 590 δευτέρα-ἥ

218 601 262 640 δὲ
282 597 469 654 Σμύρνα,
514 600 624 652 τρίτη
649 598 838 655 Σάρδεις,
871 599 1037 656 τετάρτη
1056 603 1261 655 Μίλητος,
1295 602 1450 656 πέμπτη
1471 598 1645 656 Πριήνη,

216 667 307 719 ἕκτη
331 664 543 723 Κολοφών,
590 664 742 720 ἑβδόμη
768 665 989 722 Θυάτειρα,
1032 666 1152 723 ὀγδόη
1179 668 1224 710 τὸ
1254 668 1486 724 Πέργαμον,
1530 665 1646 721 ἐνάτη

215 734 458 786 ῙΙἸαγνησιά,
502 732 642 787 δεκάτη
674 733 890 789 Τράλλεις,
939 733 1124 788 ἑνδεκάτη
1149 733 1395 791 Ἵεράπολις,
1444 731 1646 788 δωδεκάτη

217 799 422 841 Κολόσσαι
443 800 483 842 αἱ
506 804 575 841 νῦν
596 799 799 855 λεγόμεναι
821 804 984 851 Χῶναι,
1030 796 1077 844 οὗ
1108 802 1189 843 ἔστι
1217 801 1311 851 ναὸς
1339 800 1550 855 διαβόητος
1575 805 1648 843 τοῦ

217 867 458 922 ἀρχαγγέλου
483 867 676 920 ΖΠιχαήλ,
722 867 768 922 ιγ’
789 869 1035 919 Λαοδίκεια,
1088 868 1136 909 ιδ
1162 867 1330 919 Νύσσα,
1367 868 1410 910 ιε’
1434 868 1646 922 Στρατονί-
1659 876 1701 910 10

217 951 323 983 κεια,
372 933 419 983 ις’
444 932 694 985 Ἀλάβανδα,
748 932 794 985 ιζ’
821 935 1002 984 Ἀλίνδα,
1045 933 1095 987 ιη’
1119 933 1310 990 Μύρινα,
1359 933 1416 977 ιθ·’
1437 936 1567 985 Τέως,
1612 933 1646 975 κ’

123 1005 151 1038 Ρ
175 1009 195 1041 9
218 1001 423 1052 Λτῖἕβεδος,
470 998 533 1041 κα’
561 1000 851 1058 Φιλαδέλφεια,
896 1003 961 1042 καὶ
993 999 1111 1042 ἄλλαι
1145 1002 1258 1051 τινές.
1325 1004 1389 1043 καὶ
1425 1006 1550 1044 ταῦτα
1577 1001 1649 1054 μὲν

217 1069 304 1123 περὶ
328 1066 489 1109 τούτων.
737 1122 741 1126 ι

521 1147 704 1193 Τέταρτον
728 1147 827 1192 θέμα
849 1147 891 1184 τὸ
917 1146 1141 1192 καλούμενον
1163 1147 1351 1194 Ὀψίκιον.

355 1199 413 1240 Τὸ
448 1199 491 1240 δὲ
516 1201 627 1254 θέμα
656 1200 700 1241 τὸ
725 1198 968 1253 καλούμενον
984 1201 1167 1252 Ὀψίκιον
1197 1205 1317 1241 πᾶσιν
1346 1199 1423 1251 ἔχει
1451 1195 1649 1253 γνώριμον
1662 1207 1704 1242 15
1737 1206 1740 1210 ’

217 1268 288 1319 τὴν
307 1268 592 1321 προσηγορίαν·
636 1266 794 1319 ὃψίκιον
814 1266 889 1321 γὰρ
907 1265 1118 1318 Ῥωμαϊστὶ
1140 1266 1314 1320 λέγεται,
1350 1264 1444 1319 ὅπερ
1467 1266 1650 1318 σημαίνει

218 1338 265 1389 τῇ
286 1330 572 1385 τῶνἙλλήνων
591 1336 704 1389 φωνῇ
724 1333 818 1382 τοὺς
837 1333 1200 1388 προπορευομένους
1228 1332 1455 1387 ἔμπροσθεν
1480 1335 1551 1372 τοῦ
1571 1336 1652 1384 βα-

218 1401 356 1448 σιλέως
377 1401 437 1441 ἐπὶ
461 1400 618 1457 εὐταξίᾳ
649 1403 714 1440 καὶ
737 1404 844 1454 τιμῇ.
913 1398 1009 1441 ὅθεν
1029 1400 1120 1440 οὐδὲ
1140 1398 1358 1454 στρατηγὸς
1373 1399 1605 1453 χρηματίζει
1628 1396 1650 1439 ὅ

219 1471 290 1509 τοῦ
314 1468 472 1519 ὀψικίου
492 1466 729 1521 ἡγούμενος,
765 1466 868 1507 ἀλλὰ
899 1464 1024 1519 κόμης
1054 1468 1119 1507 καὶ
1148 1466 1220 1519 τὴν
1250 1466 1466 1518 ὀνομασίαν
1489 1467 1557 1506 καὶ
1579 1465 1652 1518 τὴν

219 1535 496 1588 προσωνυμίαν
533 1531 878 1589 προσαγορεύεται.
943 1531 969 1586 ἦ
999 1533 1040 1574 δὲ
1070 1533 1233 1587 περιοχὴ
1265 1537 1338 1573 τοῦ
1362 1533 1545 1584 Ὀψικίου
1573 1530 1708 1577 {mimo

217 1599 416 1642 τοσούτων
447 1604 584 1656 φυλῶν
613 1617 655 1642 τε
685 1602 750 1641 καὶ
779 1601 909 1642 ἐθνῶν
937 1607 1194 1650 κατοικεῖται,
1242 1600 1319 1640 ἀπὸ
1343 1599 1415 1651 μὲν
1439 1597 1652 1652 θαλάσσης

309 1683 331 1717 5
354 1679 455 1724 παρὰ
479 1681 509 1717 Α
610 1679 640 1715 κ’
666 1681 698 1713 V
789 1682 810 1716 8
831 1680 944 1725 τράλη
967 1683 997 1716 C
1099 1684 1140 1717 11
1166 1679 1376 1726 οἷλάβανδος
1401 1681 1431 1715 C
1533 1682 1576 1716 12
1597 1678 1653 1714 κοί

310 1727 551 1770 Φιλαδέλφεια
574 1738 627 1761 om
649 1726 681 1759 V
834 1730 875 1763 15
900 1726 939 1761 δὲ
963 1739 1016 1760 om
1040 1728 1069 1761 C
1215 1728 1256 1761 16
1279 1724 1429 1767 ὀψίκιον
1451 1724 1490 1760 δὲ
1516 1725 1655 1769 λέγεται

309 1770 486 1816 ῥωμαϊστὶ
508 1773 536 1806 C
708 1772 750 1806 17
771 1769 839 1815 τὴν
861 1772 936 1805 τῶν
963 1770 1119 1814 ἑλλήνων
1141 1769 1271 1814 φωνὴν
1295 1771 1324 1804 C
1369 1770 1443 1804 τῶν
1472 1782 1524 1805 om
1553 1770 1586 1803 V
1619 1775 1658 1804 et

307 1816 579 1896 {puduriumcin
601 1816 720 1850 codice
742 1816 779 1850 id
803 1828 879 1851 esse
901 1822 1048 1851 testatur
1070 1816 1234 1850 Morellus
1332 1813 1602 1859 πορευομένους
1625 1815 1655 1849 C

376 1873 415 1895 τε
438 1873 490 1895 om

222 1930 272 1963 lta
295 1927 430 1971 quidem
455 1939 493 1961 se
516 1927 642 1961 habent
665 1927 861 1961 Thracesii.
906 1926 994 1961 hanc
1026 1938 1109 1960 vero
1142 1925 1318 1961 historiam
1351 1925 1472 1960 scribit
1494 1926 1657 1961 Nicolaus

222 1974 452 2007 Damascenus
474 1973 604 2006 decimo
630 1977 751 2006 octavo
775 1971 941 2006 historiae
962 1983 1045 2006 suae
1066 1972 1177 2014 libr03
1210 1971 1268 2016 qui
1300 1970 1434 2015 quidem
1455 1971 1522 2005 suit
1544 1972 1660 2006 scriba

222 2018 373 2051 Herodis
397 2017 502 2061 regis.
549 2017 732 2051 'I'hracesii
760 2022 871 2051 autem
895 2016 1057 2062 appellati
1081 2022 1180 2059 sunt,
1215 2016 1307 2060 quod
1338 2027 1380 2049 ex
1403 2015 1575 2050 Thracum
1600 2028 1660 2051 re—

223 2063 326 2107 gione
348 2062 413 2095 orti
435 2066 560 2097 essent.
605 2067 753 2095 ceterum
773 2062 810 2095 in
831 2061 913 2096 Asia
933 2061 1099 2096 habentur
1119 2062 1220 2095 urbes
1243 2060 1368 2103 viginti
1392 2065 1426 2094 et
1448 2071 1526 2104 una,
1550 2060 1660 2106 prima

223 2107 359 2150 quidem
382 2107 562 2152 Ephesus,
589 2107 694 2140 altera
717 2107 883 2150 Smyrna,
907 2107 1010 2140 tertia
1034 2106 1181 2148 Sardes,
1212 2112 1332 2149 quarta
1355 2105 1507 2149 Miletus,
1541 2106 1659 2150 quinta

223 2152 361 2195 Priene,
385 2158 483 2185 sexta
506 2152 696 2195 Colophon,
719 2152 863 2195 septima
883 2151 1064 2194 Thyatira,
1089 2158 1211 2184 octava
1234 2151 1445 2193 Pergamum,
1469 2161 1557 2184 nona
1579 2151 1660 2184 Ma-

226 2198 357 2241 gnesia,
382 2197 511 2230 decima
535 2197 675 2239 Trallis,
701 2197 878 2230 undecima
901 2196 1116 2240 Hierapolis,
1140 2195 1336 2228 duodecima
1360 2195 1545 2238 Colossae,
1570 2207 1660 2240 quae

227 2253 317 2275 nunc
349 2242 489 2275 Chonac
519 2242 696 2282 dicuntur,
741 2242 800 2275 ubi
840 2241 963 2276 visitur
1001 2240 1251 2274 celeberrimum
1293 2239 1448 2283 templum
1481 2240 1661 2274 Michaelis

227 2286 434 2330 archangeli,
458 2287 589 2320 decima
614 2286 717 2319 tertia
738 2287 924 2330 Laodicea,
949 2287 1080 2320 decima
1100 2290 1219 2329 quarta
1239 2285 1367 2327 Nyssa,
1388 2284 1519 2318 decima
1541 2287 1662 2329 quinta

229 2331 458 2373 Stratonicia,
494 2331 624 2364 decima
653 2334 751 2364 sexta
782 2332 972 2375 Alabanda,
1012 2330 1142 2364 decima
1171 2329 1316 2373 septima
1347 2329 1492 2373 Alinda,
1530 2330 1662 2364 decima

230 2382 352 2410 octava
374 2376 532 2419 Myrina,
565 2375 696 2409 decima
718 2387 808 2409 nona
829 2377 946 2419 Teos,
977 2375 1140 2420 vigesima
1162 2375 1332 2418 Lebedos,
1366 2374 1532 2418 vigesima
1553 2374 1662 2420 prima

229 2420 476 2465 Philadelphia,
501 2426 535 2455 et
557 2419 646 2454 aliae
668 2421 860 2455 nonnullae.
907 2426 1008 2466 atque
1029 2421 1112 2454 haec
1135 2419 1269 2464 quidem
1294 2420 1336 2453 de
1359 2419 1424 2455 his.

592 2486 723 2520 Thema
746 2492 913 2531 quartum
937 2487 1066 2520 dictum
1087 2485 1304 2528 Obsequium.

319 2531 452 2565 Thema
483 2543 565 2565 vero
590 2533 681 2576 quod
704 2532 914 2577 Obsequium
939 2538 1100 2573 vocatur,
1139 2530 1293 2563 omnibus
1328 2528 1556 2573 appellatione
1586 2527 1663 2572 ipsa

231 2580 346 2610 notum
370 2582 444 2610 est:
489 2577 686 2620 obsequium
718 2577 806 2611 enim
826 2576 950 2610 Latine
979 2577 1104 2610 dicitur
1134 2575 1169 2608 id
1201 2576 1291 2619 qnod
1316 2576 1525 2608 Graecorum
1547 2571 1663 2616 lingua

230 2621 443 2664 appellantur
463 2620 489 2654 ii
512 2622 569 2665 qui
592 2622 800 2666 imperatori,
835 2622 963 2655 ordinis
987 2620 1104 2654 tuendi
1126 2625 1161 2653 et
1182 2619 1321 2653 honoris
1345 2630 1460 2660 causa,
1484 2623 1662 2662 praeeunt.

231 2665 322 2699 unde
342 2666 382 2699 fit
405 2673 442 2700 ut
461 2665 520 2709 qui
543 2666 709 2709 obsequio
732 2672 881 2711 praeest,
906 2672 1043 2710 praetor
1065 2676 1132 2699 non
1157 2671 1307 2708 vocetur,
1331 2665 1392 2698 sed
1413 2674 1525 2696 comes
1543 2668 1578 2695 et
1600 2673 1662 2695 no-

231 2710 320 2743 mine
345 2716 379 2744 et
401 2712 599 2754 cognomine
622 2711 767 2748 dicatur.
815 2711 984 2756 Obsequii
1015 2722 1097 2744 vero
1129 2710 1273 2743 ambitus
1307 2708 1360 2742 his
1395 2707 1529 2752 populis
1561 2712 1665 2750 atque

232 2755 392 2798 gentibus
417 2756 716 2792 circumscribitur.
764 2769 784 2791 a
806 2756 893 2791 mari
915 2756 1050 2801 quidem
1073 2754 1204 2789 initium
1225 2765 1371 2798 sumens,
1396 2753 1461 2787 hoc
1482 2757 1535 2786 est
1550 2762 1571 2785 a
1589 2752 1667 2785 sinu
