1780 3132
279 143 370 187 508
797 148 1142 187 WESSELINGII

274 269 343 306 την
371 251 550 305 μάλιστα
575 255 646 305 τῆς
673 250 775 308 ἑῴας
801 255 1007 308 α’νίσχειν,
1035 255 1105 294 καὶ
1129 253 1292 307 πρώτην
1318 255 1439 298 πάλιν
1464 257 1673 310 προσβάλ-

274 312 357 347 λειν
383 313 463 354 τοῖς
489 310 532 356 ἐξ
560 307 782 347 ὁποιασοῦν
807 308 879 359 γῆς
900 307 1153 359 ὁρμωμένοις
1171 307 1274 360 πρὸς
1290 307 1361 361 ’τήν
1376 305 1506 366 {qiam
1534 318 1672 365 aperte

274 364 376 402 enim
409 364 555 403 indicat
583 363 655 402 tali
685 363 854 414 positam
881 377 967 403 esse
982 365 1069 402 loco
1087 368 1142 414 ut,
1170 363 1205 403 si
1232 364 1318 416 quis
1345 377 1395 405 ex
1414 366 1552 407 vicinis
1577 379 1671 418 pro-

274 418 413 456 vinciis
439 418 480 455 in
509 416 681 455 Orientis
709 417 904 458 dioecesin
944 429 1112 469 pergere
1153 421 1222 457 aut
1249 430 1300 459 ex
1325 430 1373 458 ea
1400 418 1442 459 in
1472 419 1671 460 Ponticam

273 471 358 510 sive
386 470 500 509 etiam
534 470 723 509 Asianam
758 472 931 513 transire
969 472 1092 522 velit,
1122 471 1303 512 adeunda
1343 484 1392 512 ea
1416 472 1580 525 prImum
1605 474 1670 514 sit.

272 525 363 563 vide
390 524 480 562 ltin.
504 524 551 564 Η.
583 536 621 575 p.
640 525 732 565 579.

377 590 470 636 397,
499 591 564 627 10.
618 583 975 638 Πομπηϊούπολις]
1004 588 1104 628 mari
1133 588 1345 640 assidebat,
1389 601 1436 629 eo
1462 589 1618 630 nomine
1646 604 1673 632 a

271 641 453 692 Pompeio
480 641 638 691 donata,
665 655 750 682 cum
766 642 950 681 Solorum
977 647 1068 682 ante
1083 644 1221 682 fuisset
1250 655 1333 683 usa.
1387 647 1526 683 auctor
1551 644 1669 684 Vitae

270 694 385 734 Arati
411 695 451 734 in
477 695 725 748 Uranologiq
746 696 919 735 Petavii:
948 692 986 733 οἱ
1016 695 1060 734 δὲ
1087 691 1205 734 Σόλοι
1232 691 1347 741 πόλις
1373 694 1672 749 ἐπιφανεστάτη

270 746 341 796 τῆς
364 745 566 798 Κιλικίας,
594 747 666 799 (ἐφ’
697 749 745 799 ῆς
773 747 917 787 πολλοὶ
939 746 1116 799 κοῖγαθοί
1141 743 1348 799 γεγόνασιν
1372 744 1543 798 ἄνδρες·
1600 763 1672 789 κα-

270 802 398 839 λεΐται
430 800 475 839 δὲ
505 801 578 839 νῦν
605 799 957 852 Πομπηϊούπολις.
1009 799 1091 841 εἰσί
1125 802 1169 841 δὲ
1198 802 1266 840 καί
1294 801 1421 853 ἕτεροι
1450 799 1573 841 Σόλοι
1602 803 1674 854 τῆς

270 853 470 905 Κύπρου·
525 854 614 893 ἀλλ’
642 852 680 894 οἱ
706 856 781 905 μὲν
809 855 991 906 Κύπριοι
1019 852 1155 894 Σόλιοι
1186 855 1420 907 καλοῦνται,
1448 853 1485 894 οἱ
1513 855 1558 895 δὲ
1587 857 1671 895 Κι-

270 908 390 945 λίκιοι
415 909 566 954 Σολεῖς.
640 911 701 950 eui
742 910 890 962 gentile
932 922 1071 950 nomen
1110 910 1366 961 distinguenti
1405 910 1670 962 adstipulatur

268 963 467 1014 Diogenes
496 964 680 1004 Laertius
716 967 739 1004 1
768 967 834 1014 51,
879 964 944 1004 ubi
973 964 1150 1016 Menagii
1185 963 1432 1016 diligentiam
1464 965 1588 1005 verba
1617 976 1668 1007 ex

267 1016 383 1056 Arati
410 1017 494 1057 vita
518 1029 599 1058 non
627 1018 857 1070 effugerunt.

375 1080 483 1122 Ibid.
539 1078 743 1132 Σεβαστή]
781 1083 875 1123 olim
904 1083 1097 1123 Elaeussa
1136 1087 1275 1122 contra
1303 1080 1497 1131 Corycum
1535 1082 1668 1123 inin-
1730 1107 1733 1110 -

267 1135 356 1174 sula
383 1148 455 1175 nec
480 1136 602 1186 longe
629 1149 654 1177 a
673 1138 815 1186 Tarso,
844 1137 1094 1189 quamobrem
1124 1149 1231 1177 conc.
1260 1135 1503 1176 Charcedon.
1531 1149 1570 1189 p.
1590 1140 1670 1176 126

268 1184 452 1240 Σεβάστη
482 1186 508 1240 ἦ
545 1185 722 1238 Τάρσου.
780 1195 841 1230 est
868 1192 972 1230 inter
1006 1191 1145 1231 Gazae
1172 1190 1396 1231 Wildianae
1421 1202 1571 1240 numos,
1603 1190 1669 1243 qui

266 1243 399 1283 antica
436 1247 550 1295 parte
593 1244 826 1283 CABINA
867 1242 1199 1283 TPANKYAA
1233 1269 1404 1285 .....
1443 1248 1484 1282 et
1545 1245 1669 1284 ostica

268 1296 547 1337 CEBACTH.
574 1297 685 1338 IEP.
722 1297 811 1335 AC.
842 1296 969 1338 ATT.
1012 1295 1327 1336 NATAPXIC.
1358 1295 1511 1335 EAEY
1550 1296 1670 1336 EPA

264 1363 353 1390 cum
388 1352 532 1391 turrito
559 1352 769 1403 velatoque
794 1352 922 1402 capite
948 1352 1139 1402 praefert,
1168 1356 1352 1403 certoque
1379 1350 1493 1390 nobis
1519 1355 1579 1390 est
1601 1363 1669 1391 ar-

264 1410 474 1455 gumento,
503 1405 695 1445 Gordiani
731 1409 864 1445 aetate
891 1405 1027 1444 urbem
1062 1405 1161 1444 satis
1189 1405 1382 1444 illustrem
1411 1404 1533 1444 fuisse
1560 1409 1599 1444 et
1622 1416 1668 1444 re

260 1459 421 1498 nautica
449 1459 633 1498 valuisse.
707 1459 811 1498 adde
845 1459 890 1498 Η.
920 1459 1117 1499 Norisium
1154 1459 1310 1499 dissert.
1345 1462 1372 1498 2
1404 1458 1454 1497 de
1493 1458 1664 1511 Epochis

261 1511 367 1561 syro
382 1513 567 1553 -Maced.
597 1525 636 1564 p.
659 1515 750 1552 136.

373 1575 480 1618 Ibid.
536 1573 744 1628 Κόρυκος]
776 1572 989 1627 Κώρυκος,
1017 1580 1060 1617 ut
1078 1577 1259 1630 Lugdun.
1276 1577 1477 1640 Oppianus
1495 1577 1663 1617 Halieut.

259 1633 287 1669 3
312 1634 409 1670 208:
440 1624 556 1669 ὅσσοι
582 1630 622 1668 θ’
643 1627 832 1681 Ἑρμείαο
861 1627 997 1681 πόλιν,
1027 1633 1291 1670 ναυσίκλυτον
1317 1626 1419 1668 ἂστυ
1451 1628 1667 1678 Κωρύκιον

259 1683 449 1721 ναίουσι·
523 1684 590 1735 qui
631 1696 771 1723 versus
808 1684 1013 1724 Valeriani
1051 1697 1225 1734 numum,
1269 1681 1667 1722 ΚΩΡΥΚΙΩΤΩΝ.

260 1737 384 1776 ACT.
428 1737 740 1777 NATAPXIC
768 1738 1003 1789 insculptum
1041 1738 1252 1790 explicant.
1318 1739 1486 1777 loannes
1514 1733 1668 1782 πόλεως

259 1790 575 1841 Κουρουκουτῆς
602 1789 681 1829 τῶν
708 1791 891 1829 Κιλίκων
912 1790 1112 1840 ἐπαρχίας
1138 1791 1349 1831 subscribit
1366 1790 1667 1843 Constantinop.

259 1846 403 1886 tertiae
428 1846 580 1894 synodo
610 1858 648 1897 p.
666 1849 759 1894 670,
786 1857 860 1897 pro
880 1843 1087 1896 Κωρύκου
1117 1846 1185 1895 τῆς
1215 1844 1407 1883 Κιλίκων.

366 1908 474 1950 Ibid.
519 1901 699 1958 ’‘Affava]
732 1910 774 1950 in
801 1909 912 1949 Actis
940 1909 1162 1961 Theophili,
1192 1910 1241 1948 de
1270 1909 1408 1961 quibus
1434 1907 1663 1949 Lambe'cius

258 1963 347 2004 Bib.
390 1964 559 2005 vindob.
589 1967 617 2004 8
653 1977 693 2015 p.
713 1966 794 2014 75,
822 1956 983 2002 ’Ἀδανα
1022 1963 1091 2013 τῆς
1127 1961 1206 2000 τῶν
1248 1962 1431 2001 Κιλίκων
1471 1960 1662 2011 δευτέρας

258 2018 470 2069 ἐπαρχίας,
498 2022 538 2058 et
563 2019 670 2070 apud
696 2017 984 2067 Eutychianum
1023 2017 1064 2056 in
1093 2017 1263 2056 eiusdem
1285 2017 1378 2056 vita
1406 2029 1439 2057 c.
1469 2019 1492 2055 1
1520 2015 1584 2054 die
1609 2016 1664 2055 IV

257 2073 374 2112 Febr.
404 2073 521 2124 Oper.
551 2072 613 2122 S.‚
640 2072 710 2111 sed
739 2083 976 2124 perpera-m:
1006 2071 1156 2123 primae
1185 2071 1284 2111 enim
1302 2070 1464 2111 Ciliciae
1488 2069 1529 2109 in
1541 2069 1661 2109 Chal-

258 2127 341 2165 ced.
366 2126 504 2167 concil.
536 2138 575 2178 p.
591 2130 672 2166 660
702 2131 823 2178 atque
851 2126 941 2165 aliis
972 2129 1212 2165 accensetur.

364 2190 471 2231 Ibid.
501 2194 566 2230 11.
619 2188 828 2241 ’Ayovm'aJ
870 2186 1118 2238 Av’yov'ota,
1153 2193 1196 2227 ut
1229 2188 1329 2228 bene
1357 2186 1431 2227 Ch.
1464 2185 1662 2227 Cellarius

258 2245 310 2284 G.
338 2244 385 2283 A.
413 2249 440 2285 3
466 2250 493 2285 6
518 2258 556 2296 p.
578 2248 656 2285 241
696 2244 891 2293 correxit3
922 2255 1036 2295 quam
1076 2243 1210 2282 urbem
1237 2242 1379 2281 Latino
1405 2242 1560 2281 nomine
1590 2242 1662 2280 de-

257 2303 433 2339 coratam
460 2299 647 2339 credibile
675 2303 749 2349 est,
774 2302 818 2338 ut
847 2310 873 2338 a
900 2297 1067 2338 Sebaste
1094 2297 1207 2336 huius
1236 2295 1464 2347 provinciae
1492 2295 1663 2335 discerni

258 2357 404 2404 posset.
472 2353 705 2392 Theodorus
735 2350 891 2395 πόλεως
915 2347 1161 2398 Αὕγθύσῒης
1197 2355 1258 2389 est
1283 2350 1324 2389 in
1353 2349 1590 2392 Chalcedon.
1620 2361 1660 2400 p.

255 2411 348 2455 660,
377 2411 416 2446 et
442 2407 548 2447 numi
577 2402 1008 2445 ΑΥΓΟΥΟΤΑΝΩΝ
1041 2405 1082 2444 in
1111 2404 1317 2444 Thesauro
1344 2403 1499 2444 Britan.
1527 2406 1661 2443 tom-2

255 2473 282 2513 P
365 2513 472 2555 lbid.
528 2511 720 2562 Μάλχος]
748 2525 883 2554 verum
912 2507 1085 2556 Μάλλος
1113 2511 1200 2558 erit,
1229 2511 1333 2563 quod
1362 2510 1543 2562 oppidum
1570 2509 1659 2548 loco

256 2568 361 2607 edito
403 2580 481 2608 non
523 2567 643 2618 longe
683 2581 709 2607 a
737 2569 906 2616 Pyramo
946 2566 1115 2617 positum
1159 2571 1256 2614 erat,
1294 2577 1418 2617 neque
1446 2564 1605 2603 multum
1633 2575 1661 2602 a

256 2623 398 2674 Tarso,
426 2634 511 2662 cum
536 2622 643 2662 cuius
670 2622 786 2662 etiam
813 2622 964 2664 civibus
983 2620 1032 2659 de
1052 2620 1180 2661 vicino
1205 2620 1323 2660 litore
1350 2623 1389 2658 et
1417 2617 1527 2670 agris
1551 2616 1660 2656 circa
