1780 3132
377 128 431 167 lN
471 124 834 166 SYNECDEMUM
874 122 1310 165 COMMENTARlUS.
1454 112 1550 161 439

124 239 223 281 sulis
252 237 460 290 imperium
492 237 687 278 latissime
691 249 751 283 m,
795 236 879 276 suis
917 234 1098 275 terminis
1125 232 1178 274 ab
1205 191 1342 273 eodem
1374 230 1551 271 Aristide

125 299 220 335 tom.
233 297 261 333 2
287 306 326 356 ιι.
344 295 424 333 501
451 292 815 356 circumscriptum·
846 291 969 343 longe
985 294 1116 330 tamen
1145 287 1382 336 accuratius,
1414 299 1552 338 quanl-

122 361 238 402 quam
270 349 354 387 eius
383 347 591 400 scriptoris
621 351 754 386 aetate
782 350 934 385 tantum
973 357 1052 409 non
1080 347 1190 393 erat,
1217 343 1268 383 ab
1302 341 1482 393 Eunapio
1509 341 1551 380 in

122 404 296 444 Maximo
322 416 359 454 p·
390 407 467 442 101
497 397 878 442 ed.P1antin.‹m’
914 411 974 444 εις
1001 394 1151 463 αἶρχὴν
1165 396 1387 458 μετέστησε
1415 390 1554 442 μείζο-

121 470 174 496 να
201 458 373 523 (Valens
406 456 676 506 clearchum),
707 450 946 493 ἀνθύπατον
976 451 1104 490 αὐτὸν
1132 447 1355 501 ἐπιστήσας
1374 449 1454 513 τῆς
1482 449 1555 488 νῦν

118 510 235 558 lathus-
262 507 401 557 Ἀσίας
430 511 696 560 καλουμένης.
752 502 855 558 aon}
887 507 933 547 δὲ
963 504 1044 545 οἷπό
1062 502 1309 568 Περγάμου
1337 500 1383 543 τὸ
1418 499 1555 554 ἁλιγε-

118 565 185 612 νὲς
211 565 421 615 ἐπέχουσα
465 562 566 628 πρὸς
608 562 680 616 τὴν
717 561 1013 614 ὑπερκειμένην
1050 554 1223 624 ἤπειρον
1251 553 1354 608 ἄχρι
1384 557 1554 608 Καρίας

117 617 404 683 αποτέμνεται,
429 633 497 658 και
532 619 698 668 Τιιῶλος
725 615 855 668 αυτῆς
883 615 1133 667 περιγράφει
1161 613 1206 652 τὸ
1239 612 1344 663 πρὸς
1373 611 1555 656 Λυὸ“.ιἀν

120 670 208 713 ἔστι
237 674 284 712 δὲ
319 673 460 726 ἄρχων
502 672 766 723 ἐνδοξοτάτη,
797 686 865 710 και
909 669 961 709 ου’
989 669 1187 720 κατήκοος
1217 669 1291 707 τοῦ
1320 668 1394 719 τῆς
1422 666 1555 719 αὐλῆς

121 724 324 780 ἐπάρχου.
379 729 459 769 iam
484 729 520 769 si
548 729 777 769 observaris
806 727 896 768 huic
925 726 1155 778 proconsuli
1175 724 1426 777 Hellesponti
1456 737 1551 764 con-

120 784 295 824 sularem
325 787 364 823 et
389 784 607 824 insularum
647 783 872 836 praesidem
901 782 1008 822 dicto
1049 781 1173 821 fuisse
1201 780 1437 830 audientem,
1467 792 1552 819 am-

120 838 340 890 piissimam
375 838 509 890 utique
546 843 782 902 potestatem
823 837 884 877 illi
921 836 1138 877 iniunctam
1167 846 1377 887 agnosces.
1448 834 1554 887 quod

124 905 223 933 xero
265 894 459 945 praefecti
498 894 691 945 praetorii
730 892 895 944 imperio
938 896 1159 943 exemptum
1198 890 1322 929 fuisse
1352 889 1552 940 adfirmat,

122 947 177 998 id,
207 959 442 1000 quamquam
474 949 525 988 ab
552 961 599 988 eo
629 949 681 989 ad
710 948 955 1010 praefectum
988 944 1207 998 appellatio
1248 944 1290 984 in
1317 945 1428 984 1.19
1458 944 1550 983 cod.

120 1002 171 1042 de
198 1002 405 1055 Appellat.
427 1004 681 1067 permittitur,
710 1015 761 1043 ex
791 1001 944 1042 Notitia
964 1000 1063 1064 imp.
1096 999 1247 1040 orient.
1280 1012 1316 1038 c.
1348 1002 1370 1038 1
1398 1011 1553 1052 quoque

119 1069 362 1109 cognoscas;
405 1069 532 1110 neque
575 1058 677 1098 enim
718 1057 817 1097 Asia
859 1055 1079 1108 provinciis
1117 1059 1404 1095 annumeratur
1448 1066 1552 1107 quae

118 1112 194 1152 sul)
237 1087 497 1164 dispositione
540 1114 734 1164 praefecti
772 1111 975 1163 praetorio
1018 1121 1091 1162 per
1134 1109 1336 1149 Orientem
1377 1110 1551 1148 fuerunt

120 1170 297 1206 ceterum
336 1167 379 1206 in
405 1167 575 1228 Eunapii
614 1168 762 1213 verbis,
794 1166 899 1218 quod
928 1177 1001 1204 nec
1037 1165 1295 1216 interpretem
1323 1163 1440 1216 fugit,
1470 1177 1551 1204 non

115 1217 163 1259 τὸ
190 1218 374 1271 ἁλιγενὲς
415 1222 486 1286 sed
513 1218 556 1260 τὸ
585 1218 792 1285 ἁλιτενές,
822 1224 866 1260 ut
891 1220 997 1272 apud
1023 1219 1229 1268 Polybium
1258 1222 1285 1258 4
1315 1223 1370 1259 39
1397 1219 1447 1258 de
1475 1230 1551 1259 ora

115 1275 232 1315 Ponti
266 1274 348 1313 πᾶν
384 1273 422 1313 δ’
451 1273 561 1314 ἐστιν
590 1252 792 1327 ἁλιτενές,
833 1274 916 1326 legi
952 1278 1123 1326 oportet.
1187 1273 1316 1313 simile
1360 1273 1498 1313 vitium
1529 1286 1552 1312 e

116 1331 321 1371 Strabone
345 1330 373 1370 l
403 1334 456 1370 13
483 1344 521 1383 p.
548 1333 632 1370 595
665 1331 764 1370 eluit
788 1330 900 1370 Paul.
930 1329 1165 1381 Leopardus
1193 1328 1402 1369 Emendat.
1431 1331 1458 1368 4
1484 1330 1550 1368 15.

227 1404 322 1451 393,
350 1405 415 1440 22.
473 1397 613 1445 πόλεις
636 1395 727 1452 μγ’]
757 1400 851 1440 olim
883 1400 1125 1453 quingentae
1155 1399 1276 1439 urbes
1303 1399 1426 1439 Asiae
1453 1411 1550 1451 pro·

116 1455 292 1496 consulis
327 1455 592 1496 iurisdictioni
634 1459 751 1495 erant
778 1455 1058 1503 contributae3
1098 1454 1205 1493 unde
1233 1454 1420 1520 Agrippa
1443 1454 1550 1506 apud

113 1511 323 1573 losephum
352 1510 396 1550 B.
425 1511 455 1550 1.
484 1514 510 1550 2
541 1514 593 1550 16
621 1509 644 1561 §
678 1512 727 1550 4:
766 1506 809 1547 τί
841 1508 887 1547 δὲ
929 1505 974 1548 αἱ
1003 1503 1264 1547 πεντακόσιαι
1308 1506 1384 1570 τῆς
1409 1506 1550 1552 Ἀσίας

115 1562 279 1630 mil-5295
318 1561 418 1629 ου’χι
444 1563 543 1614 δίχα
586 1563 774 1615 φρουρᾶς
818 1560 890 1601 ἕνα
917 1561 1222 1613 προσκυνοῦσιν
1258 1558 1438 1613 ἡγεμόνα
1481 1576 1551 1601 και

116 1615 190 1664 τὰς
218 1615 423 1664 ὑπατικὰς
451 1616 655 1670 ρὰβδους;
683 1624 842 1670 tumque
867 1619 908 1658 in
938 1620 1075 1671 plures
1100 1618 1303 1670 descripta
1331 1622 1422 1658 erat
1450 1629 1548 1657 con-

117 1678 274 1724 ventus,
302 1674 352 1714 de
379 1674 521 1727 quibus
538 1673 689 1712 Plinius
716 1674 744 1712 5
765 1677 832 1714 29
889 1673 1062 1714 deminui
1095 1673 1178 1712 eius
1207 1672 1425 1724 amplitudo
1457 1683 1548 1711 coe-

119 1733 192 1780 pta
217 1733 291 1778 est,
321 1734 530 1780 postquam
560 1728 703 1767 vicinis
731 1728 948 1779 provinciis
975 1727 1038 1768 sui
1066 1727 1329 1779 magistratus
1355 1731 1448 1766 sunt
1473 1726 1547 1766 im-

117 1782 267 1835 positi,
299 1788 340 1822 et
368 1782 535 1827 alterius
563 1781 729 1834 imperio
757 1782 935 1824 subiecti.
1003 1781 1095 1822 vide
1133 1781 1337 1822 Usseiium
1368 1781 1420 1820 de
1449 1780 1548 1821 Asia

113 1849 298 1890 procons.
327 1851 366 1890 p.
385 1841 440 1877 32
463 1842 536 1876 etc.

219 1916 331 1959 Ibid.
377 1909 566 1969 Ἔφεσος]
594 1918 827 1970 provinciae
847 1921 937 1958 erat
955 1917 1212 1970 metropolis;
1242 1921 1281 1956 et
1310 1928 1546 1970 quamquam

111 1973 208 2014 olim
235 1985 324 2013 eam
350 1973 442 2013 urbi
468 1973 705 2025 dignitatem
737 1974 893 2013 vicinae
921 1972 1166 2020 invidebant,
1196 1972 1248 2012 ab
1275 1972 1451 2011 Antonio
1480 1976 1545 2013 ta-

111 2041 203 2069 men
231 2028 475 2093 imperatore
497 2028 731 2089 proconsuli
759 2028 979 2067 necessitas
1020 2028 1207 2078 imposita
1239 2032 1300 2066 est
1327 2038 1400 2078 per
1429 2039 1544 2067 mare

111 2083 320 2136 applicare
351 2095 417 2119 και
459 2081 539 2120 τῶν
565 2077 856 2132 μητροπόλεων
874 2074 1051 2133 ’Ἐφεσον
1077 2082 1124 2132 (ἰ.
1154 2094 1188 2121 e.
1220 2082 1327 2122 inter
1357 2082 1545 2122 matrices

113 2138 269 2178 urbium
282 2136 502 2190 Ephesum)
520 2137 688 2189 primam
709 2137 919 2190 attingere,
949 2141 992 2176 ut
1009 2136 1201 2188 Ulpianus
1228 2137 1256 2177 1.
1274 2139 1300 2176 4
1326 2134 1395 2188 §5
1419 2137 1468 2176 1).
1495 2136 1547 2175 de

116 2193 222 2232 offic.
237 2192 425 2232 Procons.
441 2192 640 2231 admonet.
669 2204 742 2231 nec
757 2196 891 2232 tamen
903 2191 1103 2242 Ephesum
1120 2192 1337 2243 imperator
1351 2191 1548 2241 Smyrnae

112 2250 185 2288 aut
212 2247 409 2299 Pergamo
455 2246 513 2286 ita
559 2247 790 2298 praeposuit
832 2251 875 2286 ut
916 2259 1016 2298 prae
1056 2247 1138 2286 illis
1167 2246 1317 2298 primas
1339 2248 1541 2286 auferret:

110 2305 264 2341 tantum
290 2306 334 2340 ut
362 2314 384 2340 e
413 2302 697 2353 metropolibus
725 2300 956 2353 provinciae
990 2301 1158 2354 primam
1186 2312 1273 2340 eam
1301 2300 1431 2340 adiret
1460 2300 1545 2340 edi-

111 2355 186 2406 xit,
214 2359 259 2395 ut
299 2355 463 2407 pulchre
508 2356 800 2396 demonstravit
839 2355 986 2396 Ezech.
1026 2355 1291 2408 spanhemius
1317 2355 1489 2396 Dissert.
1513 2359 1543 2394 9

109 2410 162 2450 dc
186 2411 266 2450 Usu
311 2414 352 2449 et
380 2411 532 2450 Praest.
574 2411 764 2451 Numism.
809 2423 847 2462 p.
881 2413 975 2451 614.
1019 2410 1203 2463 sequiore
1233 2409 1385 2449 demum
1410 2413 1545 2450 aetate

111 2465 279 2517 reliquis
307 2469 367 2504 est
396 2466 601 2513 aiitelata‚
629 2466 837 2518 factusque
863 2464 946 2504 eius
988 2466 1197 2517 episcopus
1224 2464 1404 2504 Asianae
1433 2464 1544 2503 dioe-

112 2532 250 2562 ceseos
276 2520 486 2567 exarchus,
516 2524 555 2558 et
585 2520 671 2559 iure
702 2520 858 2572 quidem
874 2520 1161 2564 Patria1·chico‚
1195 2520 1300 2571 apud
1321 2519 1543 2572 Evagrium

111 2574 159 2616 Η.
189 2574 236 2614 Ε.
267 2577 295 2614 3
321 2578 360 2614 6.
416 2574 520 2616 adde
551 2575 754 2614 Usscrium
792 2574 842 2614 de
872 2573 972 2615 Asia
997 2575 1184 2615 Procons.
1216 2587 1255 2626 p.
1284 2578 1349 2614 49.

213 2642 323 2686 Ιῠὶἀ.
341 2648 408 2687 23.
476 2641 604 2694 Ἐνέιι]
632 2643 775 2684 Ἀναία
804 2657 942 2686 verum
973 2645 1122 2699 oppidi,
1150 2645 1255 2699 quod
1271 2643 1417 2686 cariae
1448 2644 1540 2684 Pto-
