1780 3132
248 169 311 213 50
512 169 873 213 CONSTANTINI
897 170 1387 214 PORPHYROGENITI

378 279 544 334 ἐπαρχία
574 279 849 330 Μακεδονίας,
889 278 965 335 ὕφ’
1000 278 1194 334 ἡγεμόνα,
1242 278 1373 330 πόλεις
1403 278 1464 334 η’,
1509 278 1663 331 Στόλοι,

238 346 418 402 ”Λργος,
452 345 684 402 Εὕστραιον,
717 347 954 400 Πελαγονιά,
989 345 1196 403 Βάργαλα,
1231 347 1489 398 Κελαινίδιον,
1518 345 1664 403 Ἁρμο-

247 415 323 464 νία,
358 411 546 467 Ζάπαρα.

379 480 545 534 ἐπαρχία
568 477 809 526 Θεσσαλίας,
848 476 924 519 ὑπὸ
953 478 1020 519 τὸν
1048 475 1179 528 αὐτόν,
1214 474 1343 526 πόλεις
1364 475 1423 528 ιζ’,
1455 475 1664 532 Λάρισσα,

246 543 495 601 Δημητριάς,
533 544 679 597 Θῆβαι,
706 542 917 596 Ἔχιναιός,
949 543 1111 597 Λάμια,
1142 545 1282 600 Τρίκη,
1311 542 1484 599 Γόμφοι,
1503 541 1696 596 Ἀπάτη,5

247 610 486 668 μητρόπολις
510 611 551 651 αἳ
572 615 640 652 νῦν
661 608 864 663 λεγόμεναι
884 611 986 652 Νέαι
1004 609 1189 666 Πάτραι,
1223 609 1468 665 Καισάρεια,
1498 608 1666 666 Φάρσα-

249 684 329 728 λος,
360 679 662 734 Βουραμίνσιος,
690 675 854 727 Σάλτος,
877 676 1160 730 Ἶωαννούβιος.
1192 681 1309 730 νῆσος
1330 677 1519 727 Σκίαθος,
1548 679 1666 730 νῆσος

252 746 419 787 Σκεπίλα
430 776 441 794 ,
474 747 593 797 ’νῆσος
608 741 868 799 Πεπάρηθος.

373 810 483 860 ’Ἐως
504 805 580 852 ὧδε
601 810 645 851 τὸ
668 810 778 862 θὲμα
794 810 1062 858 Μακεδονίας.

631 885 635 890 ’
714 890 845 934 Τρίτον
865 888 964 933 θέμοι
987 886 1212 933 Στρυμόνος.
1679 883 1722 918 10

383 943 441 985 Τὸ
462 944 503 984 δὲ
522 942 631 995 θέμα
652 946 723 983 τοῦ
742 940 970 996 Στρυμόνος
986 945 1037 996 τῇ
1058 940 1290 997 Μακεδονία
1311 939 1576 991 συντέτακται,
1605 941 1670 981 καὶ

251 1010 432 1063 οὐδαμοῦ
459 1007 599 1051 τούτου
627 1006 741 1062 λόγος
769 1009 850 1049 ἐστὶ
877 1010 965 1062 περὶ
994 1007 1191 1060 θέματος,
1238 1006 1329 1047 ἀλλ’
1367 1009 1422 1056 εἷς
1442 1003 1672 1062 κλεισοῦρας

249 1075 358 1126 τάξιν
377 1074 596 1130 λελόγισται
609 1088 619 1097 ·
654 1076 718 1115 καὶ
739 1072 898 1115 Σκύθαι
920 1074 1016 1114 αὐτὸ
1038 1074 1122 1115 ἀντὶ
1144 1071 1392 1115 Μακεδόνων
1410 1073 1670 1126 διανέμονται,

245 1143 530 1184 Ἰουστινιανοῦ
561 1144 633 1182 τοῦ
659 1138 910 1194 Ῥινοτμήτου
943 1141 983 1180 ἓν
1009 1147 1089 1189 τοῖς
1119 1138 1225 1194 ὄρεσι
1251 1143 1322 1180 τοῦ
1352 1138 1579 1196 Στρυμόνος
1606 1141 1672 1181 καὶ

249 1216 335 1258 ταῖς
352 1207 598 1263 διαβάθραις
615 1211 693 1248 τῶν
711 1210 947 1262 κλεισουρῶν
966 1205 1129 1256 τούτους
1149 1206 1497 1260 ἓγκατοικίσαντος.
1683 1201 1740 1250 15”

672 1287 852 1332 Τέταρτον
874 1287 973 1331 θέμα
997 1287 1251 1330 Θεσσαλονίκη.

388 1340 446 1381 Τὸ
479 1340 521 1380 δὲ
550 1344 618 1382 ’νῦν
643 1342 697 1388 εἷς
725 1341 901 1391 θέματος
929 1337 1040 1388 τάξιν
1057 1339 1297 1393 χρηματίζον
1319 1338 1587 1391 Θεσσαλονίκη
1609 1339 1675 1379 καὶ

253 1405 350 1448 αὐτὸ
372 1407 627 1454 Μακεδονίας
643 1406 762 1461 μέρος
783 1404 976 1459 τυγχάνει.
1044 1407 1108 1446 καὶ
1123 1407 1190 1446 ἵνα
1207 1404 1263 1457 μὴ
1284 1405 1383 1459 λέγω
1409 1404 1502 1454 τοὺς
1525 1404 1675 1454 ἔξωθεν

252 1474 318 1514 καὶ
352 1472 545 1521 παλαιοὺς
587 1477 658 1515 τοῦ
700 1471 877 1513 τοιούτου
916 1470 1123 1527 μάρτυρας
1163 1469 1412 1525 πράγματος,
1466 1469 1678 1526 ἀξιόχρεως

251 1537 405 1594 μάρτυς
440 1537 460 1580 ὃ
495 1538 602 1593 ἅγιος
630 1543 699 1580 τοῦ
730 1541 909 1593 Χριστοῦ
942 1537 1160 1586 ἀπόστολος
1188 1539 1374 1587 Παῦλος,
1420 1539 1730 1585 Μακεδονίανεο

252 1605 399 1659 ταύτην
423 1605 644 1646 ἀποκαλῶν.
690 1603 833 1659 γράφει
852 1606 877 1646 δ
883 1604 896 1619 ²
921 1604 1044 1653 οὕτως
1065 1602 1289 1659 (επαρόντος
1308 1600 1402 1658 ἡμῖν
1416 1602 1676 1660 Ἀριστάρχου

255 1669 494 1721 Μακεδόνος
513 1671 883 1720 Θεσσαλονικέως·”
918 1669 944 1724 ἦ
964 1671 1040 1727 γὰρ
1057 1670 1323 1725 Θεσσαλονίκη
1339 1660 1578 1728 μητρόπολίς
1595 1672 1678 1713 ἔστι

344 1777 367 1811 4
391 1774 438 1815 ις’
460 1776 490 1809 F
581 1777 602 1810 7
629 1774 919 1819 Βουρθαμίνσιος
940 1774 971 1808 F

344 1864 564 1910 praefectura
586 1864 821 1906 Macedoniae,
846 1864 910 1896 sub
933 1863 1031 1904 duce,
1054 1863 1157 1897 urbes
1182 1866 1279 1897 octo:
1310 1861 1420 1905 stoli,
1454 1862 1585 1907 Argos,
1607 1862 1683 1897 Eu-

256 1912 415 1952 straeum,
440 1909 635 1952 Pelagonia,
660 1908 820 1952 Bargala,
849 1908 1092 1950 Celaenidium‚
1115 1908 1312 1949 Harmonia,
1341 1907 1486 1951 Zapara.

343 1955 562 1998 praefectura
584 1953 800 1997 Thessaliae,
825 1953 887 1986 sub
911 1953 1028 1986 eodem
1051 1953 1137 1986 duce
1161 1954 1261 1986 urbes
1285 1954 1344 1987 17:
1378 1952 1532 1995 Larissa,
1555 1951 1681 1985 Deme-

256 1998 361 2042 trias,
395 1999 528 2040 Thebe,
563 1997 771 2040 Echinaeus‚
805 1997 936 2039 Lamia,
969 1997 1086 2039 Trice‚
1121 1997 1280 2042 Gomphi,
1315 1996 1444 2040 Apate,
1486 1996 1681 2040 metropolis

256 2054 346 2087 quae
368 2054 456 2076 nunc
479 2043 601 2076 Novae
622 2043 745 2076 Patrae
770 2045 1023 2086 nuncupantur,
1051 2042 1248 2084 Caesarea,
1278 2041 1474 2084 Pharsalus,
1502 2041 1683 2074 Buramin-

257 2088 340 2129 sius,
376 2088 503 2131 Saltus,
535 2087 752 2131 Ioannubius‚
784 2086 893 2120 insula
915 2086 1087 2129 Sciathus,
1123 2086 1232 2120 insula
1253 2085 1402 2131 Scepila,
1436 2085 1548 2120 insula
1568 2087 1683 2130 Pepa-

257 2133 388 2166 rethus.
1307 2140 1312 2143 “

347 2177 532 2220 Hucusque
555 2175 779 2209 Macedoniae
801 2175 912 2208 thema
935 2174 1135 2220 porrigitur.

707 2241 863 2275 Tertium
891 2241 1007 2275 thema
1037 2241 1240 2284 Strymonis.

349 2285 482 2319 Thema
504 2285 697 2328 Strymonis
720 2286 942 2320 Macedoniae
975 2287 1188 2320 coniunctum
1218 2288 1282 2327 est,
1314 2295 1424 2328 neque
1443 2294 1584 2329 usquam
1603 2283 1684 2318 ,eius

260 2330 386 2364 mentio
406 2331 447 2363 fit
470 2330 604 2363 nomine
627 2330 797 2373 thematis,
822 2331 882 2364 sed
904 2331 940 2364 in
964 2331 1139 2365 clausurae
1162 2329 1312 2363 ordinem
1333 2333 1525 2373 reputatum
1545 2333 1617 2369 θεὶς
1649 2333 1685 2362 et

260 2375 413 2418 Scythae
436 2374 545 2419 ipsum
568 2374 642 2407 loco
665 2375 887 2409 Macedonum
911 2376 1149 2420 depascuntur,
1173 2381 1352 2419 postquam
1367 2374 1575 2409 lastinianus
1598 2373 1685 2408 Rhi-

261 2425 430 2497 notmetihs
454 2429 568 2452 eorum
593 2420 693 2452 sedes
716 2420 752 2453 in
775 2420 944 2454 montibus
967 2420 1159 2463 Strymonis
1191 2430 1251 2452 seu
1280 2419 1316 2452 in
1345 2419 1491 2452 traiectu
1513 2418 1686 2455 clausura-

261 2475 333 2498 rum
357 2476 396 2498 co
426 2463 551 2500 ocavit.

681 2531 856 2572 Quartum
876 2530 992 2563 thema
1021 2528 1273 2562 Thessalonice.

353 2573 610 2616 Thessalonice,
638 2585 726 2618 quae
750 2575 815 2608 hoc
838 2580 989 2618 tempore
1012 2573 1046 2606 in
1072 2573 1229 2607 thematis
1253 2573 1371 2607 ordine
1394 2572 1521 2615 existit,
1555 2576 1591 2606 et
1610 2571 1687 2616 ipsa

265 2618 488 2653 Macedoniae
510 2629 590 2662 pars
613 2624 685 2659 est3
709 2623 744 2652 et
766 2630 809 2652 ne
829 2624 988 2652 externos
1011 2623 1046 2652 et
1069 2618 1228 2662 antiquos
1252 2618 1350 2652 huius
1372 2618 1423 2652 rei
1444 2622 1548 2651 testes
1572 2617 1690 2661 profe-

266 2675 358 2706 ram,
391 2662 539 2707 locuples
571 2663 668 2697 testis
700 2668 753 2696 est
785 2664 824 2700 S,
851 2663 980 2697 Christi
1003 2663 1176 2708 apostolus
1200 2663 1341 2706 Paulus,
1376 2663 1435 2706 qui
1455 2661 1689 2695 Macedoniam

265 2708 354 2742 hanc
375 2707 534 2752 appellat,
558 2710 635 2741 dum
658 2707 708 2741 ita
729 2707 850 2741 scribit
869 2705 1135 2751 “perseverante
1157 2707 1329 2742 nobiscum
1352 2706 1549 2741 Aristarcho
1571 2705 1690 2740 Mace-

266 2753 353 2787 done
377 2748 716 2787 Thessalonicensi.”
760 2753 883 2786 etenim
901 2752 1146 2786 Thessalonice
1166 2753 1362 2797 metropolis
1386 2757 1437 2786 est
1454 2750 1688 2788 Macedoniae.
