1780 3132
296 137 395 189 4129
818 155 1158 196 WssssmNGn

294 262 541 314 notissimus,
570 263 730 315 praesul
764 263 864 313 fuit,
902 265 972 304 sed
1009 265 1226 305 Heracleae
1249 266 1378 307 Latmi
1419 269 1459 309 ln
1486 265 1617 317 Caria,
1644 272 1690 308 ut

294 316 452 356 Graeca
489 317 585 356 inibi
622 321 661 355 et
698 330 736 367 p.
765 321 845 356 667
876 318 1059 359 indicant.
1125 319 1204 359 iam
1247 333 1332 360 cum
1359 322 1554 362 Heraclea
1595 323 1692 361 haec

293 369 717 408 ΛΥΝΚΗΣΤΙΛΟΣ
753 370 948 410 diceretur
977 377 1015 411 et
1043 373 1258 424 Pelagonia
1292 376 1402 426 regio
1434 377 1484 415 ab
1510 376 1691 415 Hierocle

293 423 548 463 Macedoniae
583 423 776 473 secundae
805 425 1098 476 contribuatur,
1127 428 1300 466 fortasse
1329 428 1579 468 AAKKOY
1599 430 1692 468 titu-

291 477 373 516 lum
402 477 493 515 inde
526 476 692 524 librarii,
721 490 806 517 cum
843 478 884 518 in
911 481 1050 519 mendo
1087 481 1320 520 vocabulum
1345 486 1460 533 esset,
1488 483 1601 522 nobis
1629 495 1692 521 re-

293 530 504 582 liquerunt,
531 534 575 569 ut
595 532 718 570 multa
747 531 840 571 alia.

396 597 490 645 391,
505 597 570 634 13.
625 591 835 643 ’Auraym'a
851 595 890 633 Γ
889 595 1068 646 εμίνδου]
1093 597 1371 637 Constantinus
1392 595 1597 649 Ἀντωνία,
1615 598 1655 637 Γ
1652 599 1692 637 ἑ-

292 644 456 694 μινδοςτ
483 649 621 700 quibus
649 660 723 700 ego
743 649 961 688 nominibus
980 650 1019 689 in
1035 652 1266 692 Macedonia
1291 653 1409 691 urbes
1437 653 1583 705 legisse
1609 666 1688 692 non

290 701 491 740 recordor.
556 702 764 742 videndum
806 707 866 741 est
897 716 948 742 an
986 701 1235 754 Ἀντιγόνεια
1266 704 1518 754 Μυγδονίας,
1545 707 1594 745 de
1617 719 1694 758 qua

291 754 440 847 glin{us
475 756 720 796 Ptolemaeus
759 755 983 808 Stephanus
1027 763 1144 811 atque
1171 759 1260 810 alii,
1288 759 1376 799 huic
1403 759 1594 812 originem
1623 762 1691 799 de-

322 820 377 847 er1
397 838 407 848 .

409 870 516 912 Ibid.
592 872 795 922 Νικὲδης]
841 875 1018 915 Nicetam
1053 875 1250 916 Thraciae
1301 877 1436 917 urbem
1479 889 1530 917 ex
1571 878 1598 917 l.
1640 880 1694 916 24

289 925 390 965 nist.
418 926 586 965 Miscell.
613 927 709 967 Abr.
734 929 906 968 Ortelius
926 929 1130 969 Thesauro
1158 930 1344 970 inseruit:
1376 944 1475 981 eam,
1505 931 1539 970 si
1565 932 1692 970 honae

289 980 380 1018 fidei
411 984 532 1029 esset,
559 979 635 1019 huc
661 993 912 1022 arcesserem.
968 983 1092 1022 verba
1112 990 1220 1023 sunt:
1247 988 1346 1024 tanc
1372 981 1620 1024 Anchialum
1647 988 1689 1024 et

288 1030 456 1074 Beroen
474 1033 729 1075 dimittentes
742 1034 978 1077 Christiani
997 1034 1208 1088 fayerunt,
1224 1040 1384 1078 nemine
1401 1042 1688 1092 persequente,

289 1085 565 1140 Nicetamqae
595 1092 638 1129 et
662 1086 841 1130 Brobati
877 1094 1067 1130 castrum
1107 1095 1150 1131 et
1179 1090 1268 1130 alia
1298 1091 1499 1144 quaedam
1525 1093 1691 1144 praesi—
1769 1125 1771 1128 .

288 1141 372 1181 dia.
428 1153 504 1193 quo
541 1141 667 1182 minus
706 1147 837 1184 tamen
865 1144 1078 1183 Anastasio
1106 1145 1245 1195 fidam,
1275 1145 1548 1198 Theophanes,
1579 1158 1692 1197 quem

287 1194 518 1246 exscripsit,
557 1196 655 1235 facit
681 1197 985 1250 Chronograph.
1022 1209 1060 1248 p.
1089 1201 1192 1238 420:
1231 1193 1321 1236 τότε
1360 1196 1430 1236 καί
1466 1196 1694 1248 Ἀγχίαλον

285 1248 357 1286 καί
383 1246 557 1299 Βεροιήν
599 1248 766 1300 α’φέντες
793 1249 1039 1299 Χριστιανοὶ
1061 1246 1224 1302 ἔφυγον,
1264 1247 1438 1302 μηδενός
1464 1249 1693 1301 διώκοντος,

285 1299 464 1340 Νίκαιάν
480 1314 523 1339 τε
544 1299 615 1339 καί
638 1303 711 1340 τοῦ
727 1301 953 1353 Προβάτου
986 1301 1159 1355 κάστρον
1177 1304 1248 1342 καί
1276 1299 1380 1342 ἄλλα
1408 1318 1498 1344 τινα
1527 1301 1690 1354 ὀχυρώ-

284 1368 411 1403 ματα.
437 1356 540 1395 unde
553 1357 748 1408 Nicaeam,
769 1358 967 1398 Thraciae
986 1358 1167 1410 episcopo
1185 1359 1390 1409 subditam,
1418 1363 1462 1399 ut
1487 1359 1691 1399 concilium

285 1409 498 1448 Nicaenum
518 1411 726 1450 secundum
742 1424 779 1462 p.
797 1414 878 1451 590
905 1416 1111 1461 monstrat,
1140 1413 1288 1462 urbem,
1314 1417 1470 1452 vertere
1496 1413 1627 1452 debuit
1655 1418 1694 1452 et

285 1463 458 1502 sortasse
487 1463 603 1502 etiam
632 1465 800 1516 scripsit.
828 1469 919 1504 sunt
944 1465 1044 1503 enim
1069 1465 1109 1504 in
1141 1466 1307 1505 historia
1336 1478 1384 1506 ea
1410 1466 1563 1506 urbium
1587 1467 1691 1506 tituli

285 1517 432 1568 passim
461 1517 756 1568 corruptissimi,
787 1518 867 1559 levi
895 1530 1029 1569 opera,
1067 1519 1102 1558 si
1128 1519 1389 1570 Theophanes
1423 1520 1463 1559 in
1490 1520 1692 1559 consilium

283 1570 476 1619 mittatur,
514 1572 760 1623 refingendi,
789 1577 828 1611 et
854 1584 973 1623 saepe
1009 1572 1179 1612 maximo
1207 1573 1319 1612 huius
1344 1574 1556 1623 commodo,
1584 1575 1693 1612 velut

286 1636 371 1663 cum
400 1624 542 1664 ibidem
573 1630 764 1665 memorat
793 1625 961 1674 ἐξῆλθεν
982 1623 1160 1674 Μιχαὴλ
1187 1625 1287 1664 κατὰ
1316 1625 1567 1676 Βουλγάρων
1597 1640 1694 1664 συν-

285 1675 527 1728 εξελθούσης
563 1671 678 1730 αὐτῷ
717 1675 789 1715 καὶ
824 1678 1063 1729 Προκοπιάς
1102 1676 1179 1723 ἕως
1214 1679 1408 1726 Τζουλοῦ.
1461 1681 1527 1720 ubi
1562 1679 1693 1727 Τζου-

284 1729 447 1782 ρουλοῦ,
474 1732 524 1770 (le
550 1743 627 1784 quo
649 1732 740 1773 Ant.
770 1732 859 1772 ltin.
886 1745 923 1784 p.
942 1736 1032 1782 139,
1060 1734 1181 1772 fuisse
1211 1733 1446 1773 Anastasius
1471 1734 1695 1784 testabitur,

286 1788 468 1825 vertens:
499 1797 700 1837 emessas
726 1790 794 1826 est
818 1788 1049 1838 imperator
1075 1785 1267 1827 Michael
1304 1790 1456 1827 contra
1482 1784 1694 1840 Bnlyares

286 1841 332 1878 et
358 1850 452 1878 cnm
480 1851 531 1878 eo
559 1840 686 1881 simul
706 1839 918 1892 Procopio
946 1851 1076 1894 usqae
1087 1838 1304 1882 zerulum.
1360 1844 1478 1893 atque
1504 1841 1580 1880 hoc
1610 1842 1695 1882 ohi-

286 1895 360 1932 ter.
416 1893 599 1934 Nicedem
633 1894 803 1934 inveniri
829 1906 957 1946 posse,
986 1895 1066 1935 nisi
1105 1907 1217 1947 opem
1244 1894 1427 1934 meliores
1453 1908 1572 1935 manu
1599 1907 1694 1936 exa-

286 1946 367 1986 rati
395 1947 548 1987 codices
575 1949 728 1999 ferant,
757 1949 938 2000 despero.

394 2010 503 2052 Ibid.
558 2009 774 2063 Διόβορος]
804 2024 939 2052 verum
962 2024 1049 2051 esse
1073 2010 1256 2063 Δόβηρος
1283 2013 1325 2052 in
1338 2011 1457 2052 Plinii
1483 2012 1512 2052 l.
1542 2014 1568 2051 4
1587 2025 1627 2053 .c.
1643 2016 1697 2052 lo

286 2065 510 2106 narduinus
536 2067 697 2106 monuit.
752 2067 835 2106 eius
863 2067 1065 2118 episcopus
1102 2066 1414 2106 Chalcedonensi
1442 2067 1593 2114 synodo
1621 2067 1692 2106 ad-

287 2119 381 2164 fuit,
418 2131 700 2172 perperamque
738 2134 777 2172 p.
806 2124 886 2161 31?
933 2119 1147 2164 ἐπίσκοπος
1188 2116 1404 2171 Δουβὴρου
1433 2118 1696 2166 Μακεδονίας

287 2168 449 2223 πρώτης
479 2179 735 2226 nuncupatur,
761 2175 906 2214 rectius
934 2187 972 2225 p.
997 2177 1089 2213 671.

393 2237 501 2278 Ibid.
532 2242 597 2279 14.
646 2236 842 2290 Ἰὃομένη1
874 2252 952 2279 non
981 2238 1098 2278 aliter
1126 2238 1349 2277 Ptolemaeo
1376 2238 1530 2277 «licitur.
1585 2237 1696 2277 Thu-

287 2291 419 2340 cydidi
442 2297 468 2331 2
500 2297 579 2332 100
617 2292 846 2344 Εἰδομένη,
885 2305 906 2330 e
934 2305 1011 2344 quo
1046 2292 1197 2343 pariter
1232 2292 1367 2332 videas
1403 2293 1560 2331 Dobero
1590 2292 1694 2330 haud

287 2345 408 2397 longe
435 2347 608 2386 afuisse:
644 2348 824 2387 Tabulae
848 2347 1047 2386 Idomcnia
1074 2347 1126 2385 Μ.
1159 2347 1200 2384 Ρ.
1228 2348 1282 2385 35
1309 2359 1334 2385 a
1361 2345 1495 2385 Stobis
1524 2350 1563 2384 et
1588 2347 1644 2385 53
1670 2358 1696 2385 a

285 2399 583 2441 Thessalonica.
661 2403 766 2440 forte
794 2401 844 2441 ab
875 2401 1083 2440 Idomeneo
1111 2399 1291 2440 Cretensi
1321 2405 1360 2440 et
1389 2400 1545 2439 Homeri
1571 2399 1695 2438 versi-

284 2453 360 2493 bus
385 2454 585 2493 celebrato
613 2454 653 2494 id
683 2455 771 2495 urbi
798 2467 938 2494 nomen
966 2458 1037 2494 est.
1093 2454 1185 2494 vide
1215 2455 1266 2493 Is.
1294 2454 1477 2494 Vossium
1502 2453 1543 2493 in
1559 2451 1695 2493 Catul-

284 2507 368 2547 lum
395 2519 432 2558 p.
463 2511 555 2548 210.

394 2569 502 2616 lbid.
559 2568 777 2624 Βριέγιλος]
819 2573 991 2626 probant
1019 2573 1094 2612 hoc
1119 2585 1209 2622 mss,
1255 2572 1495 2635 [quanquam
1520 2571 1565 2611 L.
1592 2564 1695 2619 βρά-

211 2639 215 2643 ·
286 2623 440 2679 γυλος]
470 2625 566 2666 editi
603 2623 840 2678 Δράγυλος,
881 2627 1163 2668 Constantinus
1202 2627 1447 2678 Bgmyvkocz
1484 2638 1505 2664 e
1546 2625 1697 2680 quibus,
1738 2651 1741 2658 2
