1780 3132
244 161 332 204 126
516 166 863 207 CONSTANTlNl
902 166 1367 208 PORPHYROGENITI

237 263 280 301 ἐν
316 262 427 316 αύτῷ
461 264 639 302 παλάτια
675 264 866 311 ἐδείματο
901 263 1020 315 λόγου
1058 263 1128 303 καί
1156 267 1318 317 γραφῆς
1351 265 1510 319 ἁπάσης
1541 268 1638 307 ἐπέ-

237 339 369 377 neutra,
413 321 470 365 ὧν
512 327 582 365 καί
605 327 732 378 μέχρι
762 329 832 378 τής
861 325 1038 379 σήμερον
1065 330 1132 378 τῆς
1170 331 1346 375 παλαιᾶς
1377 329 1638 380 εῦδαιμονιάς

235 390 410 438 λείψανα
449 392 664 442 φέρονται,
706 388 781 430 κᾶν
818 391 838 429 ὃ
878 390 1003 437 πολύς
1035 390 1179 443 χρόνος
1207 391 1312 431 αὐτὰ
1341 393 1645 447 κατηνάλωσεν.’

237 452 342 491 α’λλοὶ
371 454 442 491 καί
466 451 510 492 τὸ
545 451 719 504 κάστρον
747 453 938 495 Διόκλεια
975 454 1020 495 τὸ
1050 457 1120 495 νῦν
1147 455 1257 507 παρὰ
1287 457 1367 496 τῶν
1391 460 1636 511 Διοκλήτια-

236 518 314 555 miv
342 517 606 567 κατεχόμενον
633 515 653 556 ὅ
684 518 809 566 αῦτὸς
837 517 1029 571 βασιλεῦς
1061 521 1349 573 Διοκλητιανὸς
1375 519 1668 576 ᾠκοδόμησεν,5

236 578 331 619 ὅθεν
358 583 428 620 καί
453 580 525 633 τήν
553 583 784 633 ἐπωνυμίαν
811 586 1094 638 Διοκλητιανοί
1109 587 1324 624 καλεῖσθαι
1345 585 1382 624 οἱ
1400 587 1472 636 τῆς
1488 586 1637 637 ἐκείνης

234 642 371 697 χώρης
401 646 728 700 ἐναπειλήφασιν.
767 648 790 700 ἦ
817 650 861 688 δὲ
881 649 950 688 καί
970 650 1050 688 ταῖν
1079 647 1444 700 αότῶνῬωμοίνων
1470 648 1637 702 διαπερά-

236 724 348 761 τήσις
390 705 439 762 ἦν
477 713 601 763 μέχρι
629 714 701 751 τοῦ
729 713 971 764 Δανούβεως
998 714 1200 764 ποταμοῦ·
1229 712 1270 753 οἳ
1294 715 1366 753 καί
1388 728 1483 754 ποτε
1512 712 1638 765 θελή-

236 788 375 820 σαντες
401 772 471 814 τὸν
499 774 683 825 ποταμὸν
713 777 959 828 διαπερᾶσαι
995 775 1066 817 καὶ
1091 781 1343 827 καταμαθεῖν
1369 779 1473 824 τίνες
1502 792 1636 817 κατοι-

234 838 374 877 κοῦσιν
394 839 548 879 ἐκεῖθεν
570 842 643 878 τοῦ
672 843 870 894 ποταμοῦ,
903 839 1221 894 διαπεράσαντες
1250 837 1370 895 εὗρον
1390 839 1630 895 «ξ’-θνήὲκλω
1649 848 1691 881 10

231 901 364 952 βινικοὶ
396 897 529 943 ι’ἔοπλα
570 899 689 958 ὄντα,
718 902 833 945 ἅτινα
872 908 942 945 καί
958 901 1139 959 ”Αβαροι
1168 907 1394 947 ἐκαλοῦντο.
1449 906 1518 946 καὶ
1546 901 1637 946 οὔτε

233 962 343 1006 οὗτοι
370 962 539 1019 ἤλπιζον
565 970 722 1009 ἐκεῖθεν
749 973 822 1009 τοῦ
856 971 1038 1019 ποταμοῦ
1067 977 1265 1011 κατοικεῖν
1291 966 1513 1015 τινάςοῦτε
1535 972 1636 1011 ἐκεῖ·

231 1047 289 1069 νοι
322 1030 439 1072 ἔνθεν
478 1024 561 1073 τοῦ
593 1036 791 1083 ποταμοῦ.
851 1032 918 1073 διὰ
949 1030 1022 1074 οὖν
1044 1034 1088 1074 τὸ
1116 1035 1294 1082 α’όπλους
1325 1036 1460 1086 εὑρεῖν
1486 1033 1638 1082 αὐτοὺς

230 1096 327 1143 τούς
350 1095 558 1149 Ἀβάρους
595 1096 631 1138 οἱ
655 1098 856 1149 Ῥωίιιᾶνοι
895 1099 964 1138 καί
995 1097 1096 1150 πρὸς
1133 1098 1307 1149 πόλεμον
1347 1095 1632 1150 α’παρασκευάο

231 1177 349 1209 στους
377 1161 448 1202 καί
473 1163 872 1216 καταπολεμήσαντες
901 1163 1145 1215 ἀνελάβοντο
1173 1164 1353 1215 πραῖδαν
1383 1166 1453 1204 καί
1480 1164 1633 1214 αἰχμα-
1648 1174 1689 1210 15

230 1224 406 1277 λωσιάν,
451 1228 522 1268 καί
561 1227 841 1282 ἀνεχώρησαν.
903 1230 973 1268 καί
1011 1226 1143 1268 ἔκτοτε
1184 1228 1422 1280 ποιήσαντες
1461 1228 1636 1279 α’λλοὶγια

232 1290 306 1329 δύο
342 1288 604 1342 οἱῬωμοῖνοι
649 1291 728 1331 dud
777 1291 918 1344 πάσχα
962 1294 1037 1340 ἕως
1073 1291 1212 1343 πάσχα
1256 1291 1328 1332 τὸν
1370 1290 1469 1332 λαὸν
1503 1292 1636 1332 αῦτῶν

230 1354 485 1409 ἐνήλλασσον,
514 1352 616 1396 ὥστε
645 1352 889 1412 τιῖίμεγάλῳ
915 1359 986 1397 καί
1002 1355 1101 1413 ἁγίῳ
1121 1356 1309 1411 σαββάτῳ
1335 1353 1520 1409 ἀλλήλοις
1536 1371 1637 1396 συν-

230 1422 379 1475 αντᾶν,
421 1420 518 1470 τούς
558 1423 634 1472 μὲν
678 1419 1055 1476 ἀποστρεφομένους
1103 1419 1179 1461 αἠὁ
1221 1422 1292 1462 τοῦ
1327 1423 1637 1474 παραμονίμου,

228 1482 322 1532 τούς
361 1487 406 1526 δὲ
446 1487 502 1533 εἰς
541 1485 613 1538 τήν
642 1485 831 1540 τοιαύτην
863 1488 1050 1527 δουλείαν
1088 1488 1403 1539 (ἐπερχομένους.
1458 1487 1528 1525 καί
1555 1483 1632 1538 γὰρ
1646 1498 1691 1532 20

229 1551 396 1603 πλησίον
416 1553 487 1603 τῆς
515 1551 728 1603 θαλάσσης
752 1550 832 1591 ὑπὸ
862 1550 907 1591 τὸ
935 1549 1036 1591 αὐτὸ
1067 1550 1243 1602 κάστρον
1267 1548 1351 1590 ἔστι
1383 1550 1426 1590 τὸ
1453 1550 1636 1602 ἐπιλεγό-

226 1629 347 1663 μενον
377 1617 571 1667 Σαλῶνα,
600 1618 770 1667 μέγεθος
799 1614 893 1668 ἔχον
919 1615 964 1655 τὸ
996 1613 1124 1668 ἥμισυ
1156 1612 1633 1669 Κωνσταντινουπόλεως,

227 1681 269 1719 ἐν
299 1673 331 1735 ᾧ
359 1679 508 1728 πάντες
539 1679 576 1721 οἱ
609 1680 810 1733 Ῥωμᾶνοι
852 1679 1070 1733 συνήγοντο
1109 1683 1180 1721 καί
1213 1680 1536 1731 καθωπλίζοντο,
1567 1679 1638 1720 κατ’

316 1788 337 1821 9
361 1791 422 1822 καὶ
444 1793 670 1835 καταμαθεῖν
691 1810 736 1816 -
761 1790 1048 1835 διαπεράσαντες
1066 1788 1134 1821 add
1161 1790 1184 1821 B

225 1895 316 1926 omni
335 1894 570 1937 descriptione
593 1894 724 1926 maiora
749 1894 912 1934 extruxit,
939 1905 1085 1938 quorum
1111 1894 1298 1925 etiamnum
1318 1893 1484 1937 reliquiae
1509 1905 1632 1939 super-

224 1946 306 1973 sunt
333 1941 459 1973 veteris
487 1940 736 1984 magnitudinis
771 1946 900 1979 testes,
935 1940 1090 1984 quamvis
1115 1939 1344 1971 diuturnitate
1372 1944 1565 1983 temporum
1591 1952 1633 1973 ea

224 1992 427 2028 consumpta
451 1987 529 2018 sint.
579 1987 752 2019 enimvero
780 1986 899 2018 urbem
925 1997 1067 2030 quoque
1092 1986 1281 2024 Diocleam,
1306 1995 1408 2029 quam
1431 1997 1524 2018 nunc
1547 1987 1633 2019 Dio-

223 2033 365 2064 cletiani
389 2033 574 2072 incolunt,
601 2032 799 2064 aedificavit
837 2032 928 2064 idem
956 2033 1161 2076 imperator3
1193 2030 1284 2062 unde
1309 2031 1410 2062 etiam
1438 2032 1631 2066 Diocletia—

224 2089 348 2110 norum
369 2089 559 2120 cognomen
584 2078 677 2110 nacti
698 2084 778 2110 sunt
798 2079 870 2110 eius
895 2078 1046 2119 regionis
1072 2077 1221 2109 incolae.
1271 2077 1415 2109 istorum
1433 2083 1548 2110 autem
1563 2079 1633 2111 Ro-

223 2134 401 2155 manorum
416 2123 717 2167 protendebantur
730 2124 870 2156 termini
886 2123 928 2155 ad
940 2123 1067 2155 flumen
1081 2122 1278 2154 Danubium
1295 2133 1424 2166 usque3
1442 2122 1538 2167 quod
1554 2135 1632 2158 cum

224 2169 413 2213 aliquando
441 2171 713 2202 transmisissent
737 2169 895 2202 discendi
916 2170 1025 2212 gratia
1045 2169 1186 2213 quinam
1205 2173 1296 2200 trans
1310 2168 1513 2200 Danubium
1530 2169 1633 2202 habi-

224 2221 311 2254 tent,
330 2217 540 2248 invenerunt
564 2216 756 2254 sclavinos,
783 2215 843 2259 qui
870 2221 904 2247 et
927 2215 1031 2247 Abari
1055 2214 1259 2257 nuncupati,
1288 2220 1424 2256 gentem
1450 2215 1628 2248 inermem.

223 2272 339 2305 neque
359 2272 439 2293 vero
462 2261 499 2293 hi
523 2267 618 2294 trans
641 2261 769 2293 flumen
792 2261 950 2293 habitare
974 2261 1110 2304 aliquos
1136 2270 1252 2302 neque
1276 2261 1322 2291 cis
1345 2260 1473 2294 flumen
1496 2261 1556 2293 isti
1576 2272 1631 2294 ar-

224 2307 457 2339 bitrabantur.
506 2309 587 2350 quia
623 2313 738 2340 autem
764 2308 911 2338 inermes
939 2312 1043 2350 atque
1066 2306 1110 2337 ad
1134 2305 1266 2336 bellum
1289 2306 1474 2349 imparatos
1500 2305 1629 2342 Abaros

223 2353 485 2396 comperiebant
508 2354 674 2392 Romani,
702 2352 922 2385 debellantes
950 2363 1007 2384 eos
1031 2351 1194 2396 praedam
1223 2351 1305 2383 inde
1331 2357 1366 2384 et
1392 2352 1546 2396 captivos
1568 2352 1633 2385 ab·

224 2399 388 2431 ducentes
418 2405 642 2431 recesserunt.
693 2404 728 2430 et
767 2409 809 2430 ex
844 2409 884 2430 eo
920 2404 1073 2441 tempore
1113 2397 1386 2440 permutationes
1422 2397 1506 2430 duas
1530 2398 1633 2430 insti·

222 2450 362 2477 tuentes
390 2445 534 2476 Romani
560 2456 578 2476 a
603 2444 729 2488 pascha
757 2444 799 2476 ad
826 2443 953 2487 pascha
976 2453 1055 2476 suos
1081 2442 1338 2486 pei-mutabant,
1370 2443 1418 2475 ita
1443 2449 1481 2476 ut
1508 2455 1632 2486 magno

221 2496 415 2535 sanctoque
439 2489 584 2523 sabbato
616 2490 753 2523 obviam
789 2490 854 2522 sibi
887 2490 1011 2522 fierent
1051 2494 1086 2522 et
1109 2489 1166 2532 qui
1192 2500 1211 2519 a
1234 2489 1423 2521 mansionis
1448 2499 1529 2521 suae
1556 2491 1632 2522 loco

222 2536 443 2569 discederent
474 2542 509 2569 et
543 2537 605 2580 qui
637 2537 675 2568 in
715 2535 804 2567 hanc
839 2537 1039 2568 servitutem
1076 2534 1311 2567 succederent.
1361 2535 1490 2567 etenim
1522 2546 1633 2578 prope

224 2593 316 2615 mare
344 2582 408 2614 sub
451 2581 515 2614 hac
545 2583 619 2625 ipsa
648 2581 733 2614 urbe
769 2581 850 2614 urbs
886 2587 938 2614 est
965 2582 1091 2614 Salona
1118 2586 1336 2624 nuncupata,
1362 2579 1545 2612 dimidium
1570 2579 1633 2612 ha-

221 2628 308 2661 bens
333 2629 406 2660 eius
432 2628 680 2670 magnitudinis
705 2638 807 2671 quam
833 2627 973 2670 Cpolis;
997 2627 1032 2659 in
1059 2637 1099 2658 ea
1125 2626 1321 2668 congregati
1346 2636 1466 2659 omues
1490 2627 1634 2660 Romani

222 2685 314 2707 arma
341 2673 535 2714 sumebant,
560 2673 712 2718 indeque
737 2672 957 2707 discedentes
973 2673 1019 2706 ad
1040 2673 1233 2705 clausuram
1255 2671 1446 2716 pergebant
1468 2677 1634 2717 quattuor
