1780 3132
549 137 803 181 MORELLI
832 137 1151 183 DEDIGATIO.
1539 143 1567 187 7

125 260 230 288 more
253 251 405 287 noverat
425 258 583 301 parcere
603 245 775 287 subiectis
800 253 836 287 et
860 246 1049 289 debellare
1067 247 1257 304 superbos.
1315 255 1352 299 et
1375 254 1411 289 ut
1435 248 1472 290 in
1495 250 1572 305 pri-

124 317 193 359 mis
217 317 386 359 iustitiam
409 316 519 358 coluit
540 317 734 372 legumque
756 316 899 358 silentia
922 318 1038 372 rupit,
1077 319 1128 360 ita
1155 317 1339 376 Hesychia
1363 333 1428 360 seu
1453 321 1576 376 quiete

127 387 206 428 eius
242 393 350 436 nata,
389 389 525 443 quippe
548 401 643 442 quae
668 386 877 442 φιλόφρων
898 390 1023 438 Δίκας
1042 387 1224 445 θυγάτηρ
1248 405 1272 431 a
1295 389 1453 431 Pindaro
1477 391 1574 433 cele-

125 457 271 505 bratur,
309 457 520 500 felicissime
556 473 642 499 usus
674 472 718 497 ac
750 458 882 513 potitus
911 467 982 507 est,
1020 468 1194 516 expertus
1224 462 1333 503 etiam
1357 476 1464 516 quam
1484 476 1578 504 vere

127 528 323 570 Pausanias
348 528 481 570 dixerit
504 526 549 571 vo*
578 529 621 570 ἐκ
649 532 754 571 θεοῦ
777 525 937 582 εὐμενὲς
955 530 1020 572 ἐπὶ
1039 531 1156 573 παντὶ
1176 530 1410 587 ἐργάζεσθαι
1429 532 1575 588 ῥαστώ-

125 617 216 655 νην.
271 614 346 641 non
381 604 437 641 est
473 597 587 654 igitur
619 599 715 655 quod
753 599 911 642 dubitem
934 614 982 642 ne
1005 601 1093 643 tanti
1115 601 1348 657 imperatoris
1375 604 1580 647 πολιτικόν

127 669 362 727 σύγγραμμα
383 668 470 711 Tibi
495 669 540 711 sit
564 669 832 726 καταθύμιον,
863 679 1007 728 gratum
1031 679 1067 713 et
1090 679 1297 728 acceptum;
1330 675 1429 716 cuius
1453 675 1578 716 divino

125 743 278 798 ingenio
314 739 559 795 consilioque,
598 739 819 783 felicissimis
855 742 1004 784 Hem-ici
1032 742 1106 792 lV,
1143 743 1247 800 regis
1284 742 1582 787 christianissimi

127 883 256 926 Gallos
279 896 485 925 sermonum
508 889 578 923 stat
603 882 721 924 honos
744 890 780 924 et
805 885 928 940 gratia
951 885 1073 927 vivax.
1131 883 1236 925 dux-et
1274 884 1311 926 in
1342 885 1491 942 longmn
1514 901 1581 942 ge·

126 967 261 995 nei-osa
284 952 340 995 vis
364 953 428 996 illa
453 950 665 1008 φιλολόγος
684 954 751 996 καὶ
772 952 1011 1011 εὖεργετική.
1067 954 1165 1005 Tibi,
1193 954 1399 998 cardinalis
1420 956 1584 999 illustris-

125 1025 241 1075 sime,
284 1025 333 1066 de
369 1039 414 1067 re
451 1024 598 1080 publica
636 1023 844 1067 Christiana
878 1026 999 1081 patria
1029 1026 1148 1068 literis
1171 1026 1308 1082 optime
1332 1028 1464 1070 merito
1488 1027 1585 1077 θεὸς

126 1094 243 1151 ὄλβια
268 1097 359 1152 δοίη
380 1097 448 1139 καὶ
467 1092 518 1139 οὗ
536 1094 585 1138 σύ
607 1096 702 1153 ἐρᾷς
719 1095 765 1139 τό
783 1101 926 1151 τυχεῖν.
984 1096 1081 1138 bene
1106 1096 1240 1152 diuque
1264 1097 1371 1148 vale,
1402 1095 1585 1154 ἆρχιερεῦ

83 1203 87 1207 -
125 1166 327 1212 ὁσιώτατε.

237 1238 404 1281 Lutetiae
432 1238 653 1283 Parisiorum
678 1238 797 1283 idibus
821 1238 930 1281 Iuniis
955 1252 989 1281 a.
1016 1254 1046 1280 s.
1075 1240 1197 1283 1609.
