1780 3132
325 125 379 164 ΙΝ
420 122 786 164 SYNECDEMUM
826 117 1267 161 COMMENTARIUS.
1315 174 1317 176 Ι
1425 107 1522 156 469

83 250 173 280 rum
199 237 375 278 fortasse
403 235 504 277 haec
532 235 638 288 apud
667 233 918 275 Athenaeum
961 233 1074 274 1.13
1103 244 1143 284 p.
1161 231 1245 271 574
1273 227 1408 270 obvia.
1444 227 1526 266 Ao-

84 293 252 343 κίμειον,
281 295 326 331 ut
354 303 402 331 eo
431 292 656 339 redeamus,
689 289 921 341 Stephano,
961 283 1206 337 Δοκίμαιον,
1233 297 1314 326 non
1345 283 1432 324 sine
1462 295 1528 323 er-

85 361 194 399 rore,
216 347 458 397 Ptolemaeo,
487 345 671 395 Δοκιμιά
714 342 832 395 κώμη
863 342 1198 384 strabonil.12
1223 353 1263 394 Ρ.
1291 342 1387 380 577.
1446 340 1530 377 Δο-

86 402 234 468 xf'puov,
263 402 384 454 plane
412 379 458 443 ut,
481 401 567 449 hic,
611 398 817 449 ἐπαρχίας
848 394 1038 447 Φρυγίας
1067 394 1358 445 Σαλουταριάς
1392 393 1530 446 Ephe-

85 458 176 499 sino
221 457 392 497 concilio
427 470 466 509 Ρ.
483 432 578 497 534'.
648 454 740 494 vide
779 453 982 494 Norisium
1020 452 1189 493 nissert.
1229 455 1254 491 1
1292 449 1343 490 de
1377 449 1529 503 Epoch

90 513 233 564 syro-
244 512 400 553 Maced.
430 525 468 565 Ρ.
494 513 559 551 14.

199 580 295 626 395,
322 581 362 619 7.
420 575 590 627 Μῆρος]
623 579 683 615 est
709 575 815 627 apud
855 573 1067 616 Socratem
1095 573 1142 613 Η.
1171 572 1219 613 Ε.
1248 575 1277 613 3
1307 573 1360 612 15
1387 574 1428 611 et
1457 569 1534 611 So-

89 644 246 674 zomen.
275 634 304 673 5
332 636 398 683 11,
428 631 497 672 ubi
522 631 730 671 valesium
760 630 864 670 vide.
897 642 972 669 nec
1000 629 1119 669 crede
1148 632 1282 669 tamen
1308 626 1535 679 posteriore

91 691 228 729 aetate
254 687 494 740 Comopolin
522 686 647 726 fuisse
674 686 943 738 appellatam;
971 697 1099 738 neque
1128 683 1232 723 enim
1246 682 1536 724 Constantinus

92 742 316 804 imperator
346 743 433 783 1.1
463 741 603 782 Them
623 745 646 781 1
675 741 715 781 id
746 740 997 788 adfirmabit,
1025 739 1096 779 sed
1125 740 1280 779 Merum
1308 737 1431 777 fuisse
1458 750 1537 774 κω-

90 793 270 847 μόπολιν
299 797 386 838 sive
413 797 609 849 grandem
641 796 782 846 vicum,
811 795 877 848 qui
899 795 950 835 ad
979 795 1092 835 urbis
1112 793 1415 847 amplitudinem
1445 803 1539 844 pro-

91 852 201 893 xime
230 852 461 901 accederet,
498 851 558 891 uti
598 852 641 892 in
679 850 810 892 Marci
849 850 1009 903 Evang.
1047 854 1071 890 1
1102 853 1170 891 38.
1229 849 1402 890 Carolus
1433 860 1458 887 a
1488 846 1537 887 S.

92 907 238 948 Paullo
266 920 353 948 cum
382 907 540 956 myrum
584 911 726 956 vocat,
766 906 817 946 ab
850 905 963 945 Actis
992 905 1273 955 concinorum,
1300 908 1344 943 ut
1371 902 1539 942 Nicaeni

93 962 268 1059 secundi}-
295 976 335 1016 Ρ.
361 965 458 1014 357,
493 962 563 1003 ubi
606 937 826 1002 Damianos
863 958 1057 1013 Μύρων,
1095 959 1138 1002 in
1180 961 1367 1002 fraudem
1393 957 1538 1012 impul-

94 1029 165 1059 sus
193 1029 236 1058 es

152 1094 157 1098 ·
205 1082 318 1125 [bid.
378 1081 585 1151 Νακολιά]
628 1082 768 1123 urbem
809 1082 1039 1135 Phrygiae,
1069 1083 1133 1124 cui
1173 1081 1343 1123 Nacolia
1384 1091 1543 1129 nomen,

94 1135 216 1178 πόλιν
246 1136 320 1190 τῆς
334 1137 525 1187 Φρυγίας
551 1130 576 1190 ᾖ
612 1135 835 1176 Νακώλεια
865 1137 1148 1188 προσωνυμιᾈα
1177 1138 1229 1177 ad
1260 1149 1378 1190 quam
1391 1135 1545 1175 Valens

95 1194 334 1260 Procopium
362 1193 658 1246 profligaverit,
692 1193 886 1233 Socrates
916 1193 964 1233 Η.
987 1193 1034 1233 Ε.
1065 1196 1091 1232 4
1118 1195 1147 1232 5
1178 1198 1310 1232 vocat.
1366 1190 1544 1232 Basilius

97 1246 347 1295 Νακωλείας
378 1247 586 1310 Φρυγίας
611 1247 854 1288 Chalcedon
894 1248 1065 1287 concilio
1100 1260 1138 1300 Ρ.
1169 1250 1252 1287 578
1293 1245 1545 1298 subscripsit-

97 1303 244 1344 ceteris
276 1298 515 1354 Νακόλεια,
542 1306 587 1343 ut
624 1303 856 1344 Ptolemaeo
895 1307 937 1343 et
978 1302 1143 1345 Zosimo
1180 1305 1208 1343 4
1250 1305 1290 1343 8.
1350 1302 1443 1343 vide
1471 1299 1545 1341 Ch.

99 1358 321 1400 Cenarium
350 1357 400 1398 G.
430 1356 482 1398 A.
504 1335 539 1399 3
566 1361 593 1399 4
621 1371 661 1411 Ρ
692 1361 788 1399 144.

212 1422 322 1465 Ibid.
379 1421 627 1476 Δορύλλιον]
655 1418 905 1473 Δορύλαιον,
933 1423 992 1463 uti
1013 1422 1188 1475 Strab03
1216 1422 1295 1463 nisi
1327 1423 1434 1463 forte
1463 1420 1545 1461 Ao-

100 1474 303 1531 ρύλλειον,
332 1478 450 1519 modo
479 1491 620 1519 sanum
649 1478 690 1518 id
718 1478 795 1528 sit,
824 1491 911 1519 cum
940 1478 1153 1518 Eustathio
1192 1478 1233 1518 in
1262 1479 1428 1528 Dionys
1460 1477 1545 1517 815

101 1533 290 1575 voluerit.
346 1533 531 1586 proxime
560 1533 724 1574 fluvium
753 1534 888 1574 sedem
918 1533 1071 1585 habuit,
1100 1532 1166 1586 qui
1197 1534 1239 1573 in
1256 1534 1378 1574 Thes.
1391 1532 1548 1573 Britan.

100 1593 196 1631 tom.
229 1593 258 1630 2
283 1602 323 1642 p
341 1590 425 1629 257
466 1601 586 1630 ιιιιιιιο
617 1587 871 1639 Δορυλαέων
905 1601 1033 1629 urnae
1067 1589 1279 1640 incumbit,
1308 1599 1550 1642 quamquam

101 1656 182 1707 quo
210 1644 370 1685 nomine
397 1645 521 1684 fuerit
550 1644 727 1684 nondum
754 1656 844 1708 pro.
859 1648 1065 1696 comperto
1096 1644 1281 1684 habetur
1335 1644 1420 1684 Nic.
1440 1643 1550 1692 Hay-

100 1699 204 1740 nnius
231 1699 482 1752 Sangarium
512 1700 750 1748 arbitratur,
784 1698 847 1738 cui
876 1711 977 1739 sane
1004 1699 1046 1739 in
1064 1699 1226 1740 Tabula
1243 1699 1548 1750 Peutingerana

103 1754 293 1795 accubat.
358 1759 402 1795 at
447 1754 489 1794 id
519 1753 663 1794 flumen
691 1730 830 1793 ur'bem
871 1754 1040 1794 alluisse
1067 1766 1154 1793 cum
1181 1759 1291 1793 certo
1319 1753 1425 1793 haud
1456 1764 1551 1792 con-

106 1813 204 1860 stet,
228 1808 365 1849 malim
407 1809 646 1848 alterutrum
676 1809 848 1848 amnium
879 1809 1045 1848 credere
1084 1809 1134 1847 de
1161 1809 1303 1861 quibus
1334 1807 1552 1849 Cinnamus

102 1866 134 1904 5
164 1868 202 1913 1,
226 1864 296 1904 ubi
311 1864 362 1904 de
379 1864 568 1904 Manuele
571 1863 801 1926 Comneno,
832 1859 901 1900 διὰ
921 1862 999 1901 τοῦ
1027 1860 1325 1926 Ελλησπόντυυ
1355 1860 1552 1911 πορθμοῦ

102 1915 176 1958 ἐπι
198 1916 369 1984 ‘stolae
380 1915 533 1967 διαβὰς
560 1912 663 1969 ἄχρι
689 1917 929 1967 Δορυλαιόυ
956 1910 1075 1968 ἦλθε,
1103 1915 1201 1955 neoc*
1227 1911 1359 1981 α’μφω
1385 1913 1445 1955 τώ
1479 1927 1555 1953 πο-

103 1970 232 2022 τομώ,
261 1987 320 2011 ων
348 1969 369 2011 ὅ
398 1972 475 2023 μὲν
501 1970 653 2018 Βαθὺς
683 1968 787 2023 πρὸς
818 1971 902 2010 τῶν
936 1971 1162 2024 ἐγχωριᾞων
1196 1970 1360 2023 Θύαρις
1389 1971 1435 2010 δὲ
1462 1965 1553 2009 ἅτε-

103 2041 176 2080 ρος
205 2024 467 2078 ὀνομάζεται.
525 2029 631 2070 adde
657 2033 686 2069 6
720 2031 773 2069 14
802 2028 984 2069 Nicetam
999 2027 1189 2068 Choniat.
1205 2028 1355 2070 Annal.
1374 2027 1550 2068 Manuel.

216 2148 326 2191 Ibid.
383 2147 597 2198 Μέὸαιον]
633 2147 820 2187 Μίδαιον
852 2148 940 2189 sive
971 2144 1181 2199 Mcoa'sov,
1206 2149 1314 2191 unde
1344 2146 1554 2188 Μιδαέων

109 2204 217 2245 ιιιιιιιί
246 2204 354 2257 apud
386 2205 636 2245 Harduinum
662 2208 703 2243 et
730 2204 859 2244 Holst.
891 2205 934 2245 in
963 2204 1227 2257 Stephanum.

218 2269 328 2311 Ibid
386 2268 520 2318 δῆμον
552 2269 758 2318 Λυκαῶν]
795 2271 992 2322 pesterius
1024 2284 1046 2310 e
1074 2284 1134 2311 ms
1163 2271 1268 2311 eruit
1297 2269 1557 2322 Holsteinins,

107 2337 132 2365 e
159 2336 238 2379 quo
269 2321 505 2364 Λυκαόιων
542 2325 674 2376 δῆμος
714 2326 883 2365 formari
922 2330 1094 2377 oportet.
1163 2325 1324 2376 δῆμος,
1350 2331 1395 2366 ut
1422 2338 1558 2377 saepe,

109 2393 259 2432 pagum
283 2383 419 2420 notat:
449 2379 680 2432 Stephanus
697 2374 918 2430 Εὐκαρπία
937 2379 1066 2431 δῆμος
1083 2379 1156 2431 τῆς
1179 2381 1334 2431 μικρᾶς
1355 2380 1560 2432 Φρυγιᾞυς

114 2439 158 2474 et
186 2435 228 2474 in
243 2433 398 2484 Δῆμος.
411 2435 622 2484 Lycaones
652 2447 693 2474 m
705 2435 813 2484 Phr)
816 2435 888 2487 gia
904 2436 1059 2476 Plinius
1087 2439 1182 2478 529
1210 2437 1409 2488 agnoscit,
1434 2436 1561 2488 probe

109 2494 254 2586 {ontra
294 2489 545 2530 Harduinum
582 2503 609 2530 a
650 2489 723 2531 Ch.
762 2489 945 2532 Cellario
971 2491 1036 2543 ‚G.
1073 2492 1122 2533 A.
1160 2496 1190 2533 3
1220 2495 1257 2532 4
1294 2505 1332 2545 p.
1368 2495 1450 2532 164
1490 2491 1560 2530 de-

139 2557 274 2585 cusos.

220 2597 330 2641 [bid.
359 2603 399 2641 8.
469 2595 604 2651 δήμου
648 2597 914 2651 Λῦράκλεια]
952 2601 1060 2641 forte
1099 2598 1230 2653 δῆμος
1271 2598 1559 2651 Αιῖλοκρὴναι.

113 2654 274 2696 Plinius
302 2655 554 2696 Aulocrcnas
574 2655 780 2709 Phrygiae
809 2655 954 2699 tribuit
981 2657 1009 2696 5
1036 2660 1104 2699 29.
1163 2654 1388 2711 Marsyas,
1419 2654 1560 2709 inquit,
