1780 3132
200 146 265 190 92
466 149 836 193 CONSTANTINI
866 151 1358 200 PORPHYROGENITI

197 256 224 311 ἢ
244 256 320 300 ὕπὸ
338 259 489 316 ε’χθροῦ
505 258 764 317 φονευόμενος
780 263 834 311 εἷς
850 262 918 304 τὸν
934 262 1174 320 παράδεισον
1194 267 1416 321 εἰσέρχεται,
1441 271 1505 311 καὶ
1525 269 1627 314 ἄλλα

197 323 273 367 ὅσα
293 330 472 382 φλυαρεῖ.
540 326 823 382 προσεύχονται
846 330 889 371 δὲ
907 333 972 372 καὶ
993 334 1047 382 εἷς
1065 332 1109 374 τὸ
1129 338 1201 386 τῆς
1213 333 1448 390 Ἀφροδίτης
1466 336 1626 394 ἄστρον,

197 390 220 432 ὃ
239 397 402 435 καλοῦσι
423 393 604 448 Κουβάρ,
634 397 699 435 καὶ
720 396 995 452 ἀντιφωνοῦσιν
1012 400 1052 440 ἓν
1069 403 1119 455 τῇ
1139 405 1337 457 προσευχῇ
1355 402 1482 445 αὐτῶν
1500 403 1624 454 οὕτως

189 456 324 500 “οἰλλᾶ
353 461 427 502 οὗὰ
458 459 669 516 κουβάρ,”
717 460 739 504 ὅ
766 462 869 505 ἔστιν
899 462 920 506 ὅ
946 466 1043 515 θεὸς
1069 468 1133 507 καὶ
1157 467 1383 523 Ἀφροδίτη.
1450 469 1518 511 τὸν
1544 471 1620 528 γὰρ

192 526 290 566 θεὸν
319 527 422 567 ἅλλᾶ
451 526 814 582 προσονομάζουσι,
848 531 893 572 τὸ
931 533 973 573 δὲ
1004 531 1078 574 οὖά
1110 533 1194 575 ἀντὶ
1219 538 1291 576 τοῦ
1314 537 1383 576 καί
1399 538 1652 590 συνδέσμου5

191 593 373 643 τιθέασι,
409 596 475 634 καὶ
501 594 546 636 τὸ
577 594 729 654 κουβάρ
759 601 923 641 καλοῦσι
944 598 987 641 τὸ
1010 599 1177 656 ἄστρον,
1212 603 1277 643 καὶ
1298 602 1476 658 λέγουσιν
1498 603 1623 656 οὕτως

186 656 319 701 ((ἀλλιῖ
341 659 417 702 οὗὰ
437 660 640 718 κουβάρ.”

660 750 1034 808 Κεφάλαιον
1102 753 1159 797 ιε’.

575 822 659 866 περὶ
681 823 749 858 τοῦ
770 824 897 868 γένους
918 824 993 859 ταῖν
1017 825 1236 869 Φατεμιτῶν.

314 892 457 935 Ἰστέον
486 893 547 936 ὅτι
575 893 599 949 ἦ
634 898 774 950 Φατέμ
798 895 981 953 θυγάτηρ
1013 893 1060 951 ἦν
1091 903 1161 940 τοῦ
1189 897 1438 953 Μουχούμετ
1457 902 1523 942 καὶ
1541 900 1615 943 ἀπ’
1630 915 1672 950 10

186 957 331 1013 ἐκείνης
348 965 557 1014 γεννῶνται
577 963 614 1003 οἶ
634 965 867 1016 Φατεμΐται.
934 964 1005 1006 οὐκ
1025 967 1097 1007 εἶσὶ
1117 967 1159 1007 δὲ
1174 961 1281 1008 οὗτοι
1299 968 1341 1008 ἐκ
1358 972 1429 1010 τοῦ
1453 969 1616 1022 Φατέμη

186 1025 263 1067 ἀπὸ
295 1032 366 1080 τῆς
397 1028 563 1083 Λιβύης
586 1028 747 1086 χώρας,
782 1031 886 1071 ἀλλὰ
915 1037 1145 1074 κατοικοῦσι
1177 1033 1277 1090 πρὸς
1309 1033 1360 1075 τὰ
1387 1034 1617 1090 βορειότεροι

182 1093 284 1148 μέρη
303 1099 375 1136 τοῦ
393 1097 507 1137 Μέκε
523 1095 733 1153 βαθύτερα
752 1096 883 1153 τάφου
905 1103 977 1140 τοῦ
996 1097 1257 1153 Μουχούμετ.
1326 1102 1398 1142 εἶσὶ
1429 1102 1472 1142 δὲ
1501 1101 1618 1151 ἔθνος

67 1164 96 1197 Ρ
118 1165 162 1199 69
178 1158 390 1214 Ἀραβικὸν
415 1163 515 1218 πρὸς
538 1165 734 1218 πολέμους
758 1167 823 1206 καὶ
845 1163 979 1217 μάχας
1004 1166 1178 1222 ἀκριβῶς
1201 1168 1481 1221 ἐξησκημένον
1514 1169 1615 1221 μετὰ

181 1227 258 1282 γὰρ
290 1234 363 1270 τοῦ
392 1229 572 1271 τοιούτου
603 1232 738 1285 γένους
765 1232 1001 1286 ἐπολέμησεν
1027 1230 1047 1273 ὃ
1079 1233 1350 1287 Μουχούμετ,
1379 1236 1444 1276 καὶ
1463 1236 1613 1285 πολλὰς
1625 1247 1668 1282 15

180 1292 314 1344 πόλεις
334 1298 399 1337 καὶ
414 1295 552 1351 χώρας
570 1297 792 1353 ἐπόρθησεν
810 1300 876 1339 καὶ
893 1300 1176 1350 καθυπέταξεν.
1245 1302 1317 1342 εἶσὶ
1332 1301 1408 1355 γὰρ
1423 1301 1614 1357 ἠνδρειω-

176 1361 288 1413 μένοι
318 1364 383 1403 καὶ
415 1367 669 1417 πολεμισταί,
706 1365 765 1406 ὅτι
798 1368 832 1407 εἲ
862 1364 1056 1421 εὖρεθῶσι
1082 1368 1198 1422 μέχρι
1225 1372 1322 1421 μιᾶς
1345 1367 1528 1421 χιλιάδος
1559 1371 1613 1419 εἷς

178 1427 376 1485 φοσάτον,
411 1431 456 1472 τὸ
481 1437 658 1474 τοιοῦτον
682 1430 859 1488 φοσάτον
880 1431 1072 1486 ἀήττητον
1094 1437 1159 1475 καὶ
1183 1434 1487 1489 ἀκαταμάχητον
1508 1437 1612 1490 γίνε-

176 1512 256 1537 ται.
325 1498 371 1538 οὗ
401 1498 730 1551 καβαλλικεύουσι
760 1500 803 1540 δὲ
827 1501 975 1549 ἰ’ππους
1002 1500 1103 1542 ἀλλὰ
1131 1500 1346 1555 καμήλους.
1412 1504 1453 1543 ἐν
1483 1503 1526 1543 δὲ
1553 1507 1612 1560 τῷ

176 1568 302 1620 καιρῷ
330 1569 400 1606 τοῦ
430 1567 603 1620 πολέμου
634 1566 705 1609 οὐκ
733 1565 934 1608 ἐνδύονται
962 1566 1155 1624 θώρακας
1183 1568 1270 1611 οὕτε
1297 1566 1479 1621 κλιβάνια
1506 1569 1664 1613 ἀλλὰὲθ

174 1629 410 1686 περιβόλαια
436 1632 613 1689 ῥοδωτά,
648 1636 714 1675 καὶ
741 1633 872 1687 ἔχουσι
904 1632 1054 1689 δόρατα
1085 1635 1221 1691 μακρὰ
1249 1638 1315 1677 καὶ
1340 1635 1510 1685 ἀσπίδας
1537 1638 1609 1678 ἀν-

175 1697 387 1752 δρομήκεις
409 1702 474 1740 καὶ
498 1699 595 1750 τόξα
615 1699 750 1750 ’ξύλινα
770 1702 1032 1756 παμμεγέθη,
1066 1703 1206 1756 σχεδὸν
1227 1702 1284 1757 μὴ
1308 1701 1505 1756 δυνάμενα
1529 1704 1608 1745 τεί-

173 1769 317 1806 νεσθαι
335 1767 437 1823 παρ’
461 1767 601 1822 ὀλίγων
622 1768 791 1824 ἀνδρῶν.

261 1870 284 1903 2
307 1871 452 1916 φλυαρῇ
478 1873 580 1916 vulgo
714 1872 738 1906 4
759 1870 843 1915 καὶ]
870 1868 894 1914 ἧ
917 1871 993 1906 ΒΡε
1018 1883 1097 1907 corr
1117 1872 1288 1908 Meursius
1423 1874 1466 1908 16
1486 1872 1607 1919 χώρας

261 1915 327 1949 add
349 1917 376 1950 B
513 1919 555 1952 21
580 1914 761 1960 ρυτιδωτά
782 1916 954 1951 Meursius

170 2003 396 2047 occideretur,
418 2005 454 2038 in
478 2005 670 2049 paradisum
693 2005 935 2050 ingressurum,
960 2010 995 2040 et
1018 2006 1100 2041 alias
1125 2007 1245 2039 multas
1267 2005 1457 2040 huiusmodi
1481 2018 1601 2051 nugas.

169 2049 318 2083 Veneris
352 2061 488 2094 quoque
518 2050 611 2083 sidus
640 2051 820 2094 invocant,
859 2052 948 2107 ‹Juod
971 2051 1088 2085 Cubar
1111 2051 1300 2096 appellant,
1336 2058 1370 2084 et
1391 2052 1481 2085 inter
1501 2063 1602 2086 oran-

169 2095 247 2127 dum
281 2095 331 2128 ita
362 2095 504 2129 clamant
535 2092 624 2129 “alla
647 2107 712 2129 ova
735 2093 886 2139 Gubul-,³
921 2096 957 2129 id
980 2102 1033 2130 est
1054 2097 1138 2130 deus
1161 2102 1197 2130 et
1220 2096 1347 2131 Venus.
1394 2097 1492 2130 deum
1513 2098 1601 2131 enim

168 2139 233 2172 alla
254 2146 396 2182 vocant,
422 2151 487 2173 ova
509 2152 593 2174 vero
617 2152 679 2184 pro
704 2141 942 2175 coniunctione
964 2147 1000 2175 et
1016 2147 1168 2186 ponunt;
1192 2141 1308 2175 Cubar
1328 2141 1424 2175 sidus
1449 2142 1600 2177 denotat.

169 2190 206 2219 ει
227 2185 277 2219 ita
298 2185 416 2219 dicunt
438 2185 504 2219 alla
524 2196 590 2219 ova
614 2187 741 2220 Cubar.

583 2254 638 2288 15.
683 2254 726 2287 de
748 2265 877 2298 genere
903 2252 1188 2287 Phatemitarum.

257 2306 440 2340 Sciendum
463 2312 516 2341 est
537 2308 679 2343 Phatem
703 2310 805 2343 filiam
828 2309 936 2343 fuisse
955 2308 1172 2351 Mabometis‚
1197 2311 1233 2342 et
1252 2309 1294 2342 ab
1315 2307 1375 2341 illa
1390 2307 1600 2342 Phatemitas

167 2351 334 2394 originem
365 2352 513 2396 ducere,
545 2365 611 2387 non
635 2361 745 2388 autem
769 2367 790 2388 a
812 2355 975 2388 Phateme
998 2365 1085 2398 quae
1107 2354 1240 2396 Libyae
1262 2353 1359 2397 regio
1383 2358 1456 2397 est,
1486 2353 1597 2397 siqui-

169 2397 244 2429 dem
278 2396 430 2430 boreales
467 2405 580 2442 partes
610 2399 731 2433 Mecae
759 2400 850 2433 ultra
879 2398 1068 2444 sepulcrum
1103 2397 1308 2431 Mahom'etis
1334 2397 1402 2442 ipsi
1431 2397 1596 2432 incolunt.

167 2445 222 2475 est
243 2447 353 2474 autem
377 2453 460 2484 gens
480 2443 625 2476 Arabica
648 2445 857 2478 conserendo
879 2444 1009 2488 praelio
1033 2447 1068 2477 ει
1087 2443 1178 2476 bello
1198 2443 1374 2476 admodum
1395 2443 1597 2480 exercitata.

166 2497 242 2519 nam
276 2487 394 2519 horum
427 2499 493 2532 ope
526 2488 647 2522 bellum
681 2490 789 2532 gessit
819 2490 992 2523 Mahomet
1019 2487 1208 2531 multasque
1237 2488 1339 2521 urbes
1370 2487 1597 2531 regionesque

167 2531 319 2565 vastavit
347 2537 450 2575 atque
480 2534 631 2576 subegit:
667 2540 746 2568 sunt
774 2535 862 2568 enim
893 2534 1023 2568 robusti
1056 2538 1091 2566 ει
1118 2533 1320 2574 bellatores,
1354 2532 1403 2566 ita
1426 2537 1462 2566 ut
1483 2532 1515 2566 si
1538 2532 1596 2566 vel

164 2575 256 2610 mille
278 2575 313 2609 in
338 2577 460 2611 castris
483 2584 602 2622 agant,
638 2579 828 2613 huiusmodi
858 2586 972 2613 castra
992 2578 1272 2623 inexpugnabilia
1294 2582 1328 2612 ει
1347 2577 1595 2622 insuperabilia

165 2620 249 2657 sint.
296 2632 362 2654 non
395 2622 493 2666 equis
522 2623 711 2666 vehuntur,
745 2625 806 2658 sed
838 2625 994 2666 camelis;
1024 2629 1061 2658 ει
1093 2623 1175 2657 belli
1206 2629 1358 2668 tempore
1380 2634 1447 2656 non
1469 2621 1593 2656 loricas

166 2665 222 2699 vel
243 2665 388 2700 clibania
405 2667 569 2711 induunt,
593 2668 652 2701 sed
677 2668 819 2703 amicula
840 2674 1038 2713 corrugata3
1064 2668 1259 2712 habentque
1280 2669 1394 2703 hastas
1417 2668 1593 2711 oblongas,

165 2715 200 2744 et
231 2717 327 2744 scuta
357 2722 446 2755 quae
473 2719 579 2746 totum
605 2713 771 2747 hominem
793 2715 975 2759 obtegant,
1009 2724 1177 2757 arcusque
1197 2713 1331 2758 ligneos
1351 2713 1593 2758 praegrandes,

164 2766 253 2800 quos
272 2756 331 2801 qui
354 2756 493 2792 minoris
514 2762 666 2794 staturae
688 2764 769 2794 sunt
790 2759 848 2793 vix
871 2759 1012 2794 tendere
1035 2758 1180 2793 valeant.
