1780 3132
322 150 415 199 454
852 135 1195 202 Wssssizmuou

429 275 520 319 394,
550 276 614 312 13.
667 265 850 319 ’Ἰλουζα]
890 272 1081 311 Patricius
1116 269 1272 314 πόλεως
1303 264 1492 319 Ἰλούζων
1517 255 1718 322 ἑπαρχίὰς

323 325 595 365 Πακατιανιόν
622 325 761 364 concil.
788 324 990 365 Constant.
1020 325 1136 364 tertio
1165 338 1203 377 p·
1217 326 1297 363 534
1326 325 1434 365 urbis
1453 338 1592 366 nomen
1621 327 1721 366 bene

324 380 470 420 habere
498 380 698 430 patefacit.

430 442 535 482 lbid.
568 439 769 493 Ἀκμῶνα]
794 436 990 488 Ἀκμονιά
1022 445 1264 492 oportuerat,
1286 441 1342 480 uti
1359 441 1429 481 Cb.
1457 441 1652 482 Cellarius
1668 443 1716 481 G.

323 499 370 537 A.
399 501 424 536 3
452 500 478 535 4
505 510 541 547 p.
565 499 642 535 150
668 497 747 537 iam
780 496 938 537 monuit.
1005 495 1232 534 Gennadius
1264 491 1516 542 Ἀκμοναίων
1553 496 1718 536 Chalee-

322 550 506 590 «lonensis
534 551 690 590 concilii
725 550 894 590 decretis
922 561 1061 588 nomen
1101 548 1286 599 apposuit
1311 561 1348 600 p.
1363 551 1456 598 668,
1482 560 1555 600 pro
1574 546 1720 597 ’Λκμο-

325 604 437 653 vim»,
466 608 509 643 ut
533 607 686 655 p.400:
717 601 925 651 Ἀκμονεῖς
965 602 1064 641 enim
1098 603 1139 642 in
1166 602 1293 640 numis
1331 601 1485 641 incolae
1526 602 1721 652 dicuntur,

321 657 534 697 cuiusmodi
561 658 679 697 Thes.
707 658 858 697 Britan.
887 660 1028 695 tom-2
1060 668 1098 707 p.
1116 659 1206 695 189.
1261 655 1347 694 iure
1369 667 1467 706 ergo
1496 655 1546 695 ab
1575 655 1718 695 Enoch.

321 711 559 763 Spanhemio
597 712 762 751 Dissert.
793 715 843 749 11
889 710 937 748 de
972 710 1019 750 V.
1053 714 1091 749 et
1128 710 1170 750 P.
1198 709 1311 749 Num·
1347 721 1387 762 p.
1410 712 1491 748 280
1525 708 1719 760 Stephani

322 761 551 813 Ἀκμονιεὺς
576 765 848 816 proscribitur.
1581 781 1583 785 ·

431 829 535 868 Ibid.
568 832 629 870 14.
680 825 830 878 Ἀδιοῐ]
866 827 943 867 imo
971 823 1115 864 Ἀλιοί,
1150 827 1230 866 Leo
1258 826 1460 878 episcopus
1484 822 1635 863 Ἀλεῶν
1662 825 1722 865 in-

324 889 385 922 ter
428 884 609 934 Phrygas
654 883 695 922 in
730 882 902 921 Nicaeno
938 881 1108 920 secundo
1152 894 1189 931 p.
1214 882 1295 919 596
1332 884 1371 918 et
1409 879 1531 919 Gaius
1570 876 1721 922 πόλεως

324 933 519 975 Ἀλιάνων
559 937 598 975 in
626 936 864 976 Chalcedon.
905 948 943 986 p.
960 936 1041 974 674
1071 934 1292 973 subscribit.
1360 945 1496 972 numos
1525 931 1721 982 Ἀλιηιιῶν

325 995 414 1041 post
440 992 481 1029 1..
502 990 760 1029 Holsteinium
786 993 892 1028 recte
920 990 975 1027 lo.
997 987 1220 1026 narduinus
1247 987 1323 1026 huc
1347 986 1563 1027 revocavit.
1619 986 1722 1038 quod

324 1045 525 1096 sequitur,
566 1048 610 1082 ut
639 1056 736 1083 sano
765 1043 816 1081 sit
845 1043 977 1081 colore
1017 1041 1266 1080 vehementer
1293 1051 1445 1080 vereor.
1499 1041 1606 1079 forte
1633 1035 1722 1077 Χά-

329 1097 418 1148 ραξ,
448 1098 497 1136 de
524 1110 602 1149 quo
633 1097 881 1148 Stephanus,
909 1096 950 1135 in
978 1107 1073 1134 voce
1103 1095 1309 1134 delitescit.

431 1165 536 1207 lhid.
592 1165 778 1213 Διοκλιά]
809 1166 1031 1204 Ptolemaeo
1068 1164 1171 1203 inter
1198 1163 1398 1214 Phrygiae
1424 1162 1541 1202 urbes
1566 1157 1724 1201 Δόκελα

326 1226 575 1269 memoratur,
606 1233 721 1272 quam
733 1223 909 1259 nostram
939 1231 1025 1258 esse
1061 1217 1418 1269 praestantissimus
1430 1215 1626 1256 Cellarius
1655 1215 1727 1256 ad-

325 1278 482 1315 firmare
507 1287 585 1313 non
615 1286 731 1313 ausus
762 1278 833 1312 est.
897 1273 1003 1311 tollit
1031 1271 1235 1311 dubitandi
1264 1282 1426 1310 caussas
1456 1270 1583 1310 codex
1609 1268 1721 1309 Cois-

326 1329 510 1375 linianus,
538 1325 727 1366 Διόκλεια
757 1329 1008 1378 praeferens,
1035 1325 1153 1376 idque
1179 1324 1367 1363 Euander
1395 1321 1606 1368 Διοκλειάς
1633 1335 1725 1362 con-

317 1383 416 1421 —cilio
445 1382 682 1422 Chalcedon.
713 1394 750 1431 p.
771 1385 825 1420 98
855 1380 1050 1425 tuebitur3
1089 1383 1206 1430 atque
1233 1378 1323 1416 hinc
1349 1377 1629 1417 Constantinus
1655 1375 1725 1424 τῆς
1756 1396 1764 1403 ·

321 1432 628 1485 Λιοκλητιάνων
654 1432 809 1477 πόλεως
834 1434 972 1472 concil.
997 1432 1143 1483 Ephesi
1170 1445 1208 1482 p.
1228 1434 1310 1470 533
1337 1431 1598 1483 corrigendus
1627 1433 1699 1468 est.

435 1503 541 1544 Ibid.
593 1499 824 1552 Ἀρίστιον]
852 1503 1013 1542 Paullus
1042 1493 1172 1539 huius,
1192 1500 1301 1539 urbis
1329 1500 1487 1551 praesul
1510 1496 1725 1548 Ἀριστίου

328 1561 366 1599 in
398 1558 581 1598 Chalced.
610 1570 648 1607 p.
670 1558 751 1595 528
778 1561 817 1595 et
843 1559 923 1595 668
967 1556 1070 1594 inter
1097 1555 1279 1602 Phrygas
1305 1565 1445 1592 nomen
1470 1565 1578 1592 suum
1606 1554 1724 1605 profi-

327 1618 442 1652 tetur.
498 1614 693 1662 augeatur
730 1621 827 1662 ergo
857 1609 985 1650 Sacra
1023 1608 1278 1660 Geographia
1309 1613 1348 1646 et
1373 1607 1448 1646 hoc
1474 1606 1620 1658 oppido
1650 1606 1726 1646 buc

326 1678 448 1718 usque
473 1666 666 1716 neglecto.

433 1727 540 1768 Ibid.
597 1726 821 1775 Κίὸυσσος]
850 1739 984 1766 verum
1012 1718 1322 1774 estK22'6100053
1351 1724 1454 1764 unde
1477 1736 1603 1775 prave
1621 1724 1727 1774 apud

326 1785 589 1823 Ptolemaeum
618 1782 741 1831 vulgo
774 1778 1019 1830 Κυδδηοεῖς,
1045 1791 1118 1830 pro
1146 1790 1222 1830 quo
1250 1790 1309 1817 ms
1338 1778 1602 1818 Coislinianus
1631 1777 1726 1815 Κυ-

328 1838 485 1880 ὁεσσεϊς
513 1840 551 1874 et
580 1834 819 1874 Barberinus
862 1834 912 1872 ab
940 1834 984 1872 1..
1013 1832 1230 1871 Holsteinio
1263 1833 1459 1883 inspectus
1489 1829 1725 1874 Κυδισσεῖς,

319 1889 493 1930 'concilio
521 1889 757 1929 Chalcedon.
790 1901 827 1938 p.
843 1889 924 1926 674
938 1886 1141 1926 Heraclius
1169 1883 1318 1930 πόλεως
1346 1883 1561 1923 Κυδίσσου
1590 1888 1630 1923 et
1655 1884 1729 1923 Ni-

327 1957 450 1984 caeno
479 1943 650 1982 secundo
677 1955 715 1993 p.
735 1943 816 1980 574
844 1941 1025 1980 Andreas
1056 1936 1289 1989 Κιδέστου,
1316 1938 1387 1978 sed
1413 1938 1612 1988 mendoso,
1637 1937 1727 1977 sub-

325 1997 475 2038 scribit.
1100 2014 1107 2018 -

432 2065 539 2107 Ibid.
572 2066 636 2105 15.
685 2057 839 2115 Ἀπία]
882 2066 1061 2115 praestat
1083 2059 1245 2116 ’.Αηιπιά
1261 2091 1272 2111 ,
1297 2060 1400 2100 unde
1427 2059 1598 2112 Appiani
1624 2060 1728 2111 apud

326 2121 491 2160 Plinium
519 2123 558 2159 et
571 2119 798 2158 Ciceronem
819 2118 944 2170 Epist.
966 2121 993 2156 3
1019 2120 1056 2155 7.
1108 2109 1295 2158 Ἀππίας
1320 2115 1482 2166 praesul
1508 2118 1569 2154 est
1592 2113 1634 2154 in
1659 2115 1728 2154 Ni-

325 2187 448 2214 caeno
480 2174 650 2213 secundo
676 2186 714 2224 p.
733 2175 826 2212 574.
882 2171 931 2210 dc
956 2169 1131 2222 sequenti
1156 2168 1255 2208 nihil
1283 2168 1453 2208 dixero..

432 2242 539 2284 Ibid.
593 2238 782 2289 Ἀζανοί]
809 2241 866 2281 sic
891 2239 1115 2291 Stephanus
1156 2242 1196 2277 et
1222 2250 1340 2278 manu
1367 2241 1555 2278 exaratus
1585 2235 1728 2276 biblio-

328 2298 465 2337 thecae
495 2297 766 2336 Coislinianae
806 2295 931 2334 codex
968 2293 1203 2341 Ptolemaei,
1244 2304 1438 2344 saepeque
1475 2290 1728 2330 conciliorum

326 2351 450 2390 Acta:
481 2350 586 2389 numi
613 2347 845 2395 Αἰζανιτῶν
871 2349 1003 2399 plures
1025 2344 1233 2392 Αἰζανούς
1260 2347 1476 2397 postulant.
1531 2343 1620 2382 vide
1633 2344 1728 2382 nol-

329 2404 510 2444 steinium
538 2404 578 2443 in
607 2403 862 2455 Stephanum,
891 2406 931 2439 et
958 2400 1103 2439 Ezech.
1125 2399 1404 2450 Spanhemium
1431 2399 1596 2438 Dissert.
1624 2400 1652 2436 9
1679 2397 1729 2435 de

326 2459 367 2498 P.
398 2463 437 2496 et
466 2459 512 2496 V.
544 2458 657 2496 Num.
688 2470 724 2508 p.
741 2459 833 2506 628,
864 2459 901 2494 et
927 2454 1182 2494 Harduinum.

439 2519 544 2561 lbid.
606 2516 928 2569 Τιβεριούπολις]
974 2516 1163 2567 Τιβερίου
1193 2510 1310 2554 πόλιν
1348 2514 1419 2564 τῆς
1447 2512 1633 2564 Φρυγίας
1658 2513 1730 2553 ha-

327 2575 394 2613 bet
421 2574 663 2614 SocratesH.
682 2574 727 2613 Ε.
755 2577 780 2612 7
809 2576 862 2612 46
888 2577 928 2611 et
954 2572 1212 2619 Ptolemaeus,
1238 2573 1279 2609 et
1309 2564 1618 2621 Τιβεριούπολιν
1630 2567 1727 2606 Πα-

328 2627 517 2678 κατιανῆς
550 2626 848 2679 Constantinop.
877 2626 1034 2667 tertium
1066 2637 1105 2677 p.
1123 2626 1215 2665 674.
