1780 3132
531 172 606 215 DE
639 171 995 215 THEMATIBUS
1029 170 1132 215 LIB.
1166 169 1200 214 Ι.
1522 167 1586 215 43

135 303 203 330 ται
229 289 309 328 τῶν
337 286 534 328 Αἷολείυν.
603 285 653 327 τὰ
686 286 731 327 δὲ
761 285 935 327 ἐπέκεινα
959 282 1125 336 τούτων,
1173 283 1251 326 ἀπὸ
1281 281 1353 326 τοῦ
1379 283 1588 339 λεγομένου

133 355 300 397 Λεκτοῦ
319 355 386 396 καὶ
407 355 481 404 ἕως
499 353 672 407 Ἀβύδου
698 355 764 395 καὶ
789 355 913 408 αὐτῆς
932 354 1213 409 Προποντίδος
1233 354 1299 394 καὶ
1326 352 1443 407 μέχρι
1465 353 1589 403 Κυζί-

134 439 208 465 κου
236 424 303 465 καὶ
331 427 404 464 τοῦ
432 426 614 476 ποταμοῦ
645 426 717 464 τοῦ
749 423 962 477 λεγομένου
988 423 1214 478 Γρανίκου,
1256 419 1400 470 πάντες
1420 422 1588 476 Γραικοὶ

132 489 395 545 ὀνομάζονται
427 493 510 532 καὶ·
527 494 637 546 κοινῇ
658 491 850 548 διαλέκτῳ
866 494 1066 546 χρῶνται,
1107 489 1210 544 πλὴν
1233 491 1485 541 Βυζαντίων,
1527 487 1588 531 ὅτι

99 559 326 615 5Δωριέων
366 560 471 602 ἐστὶν
504 559 680 601 ἀποικία.
757 560 1078 616 προσῳκείωνται
1113 560 1156 600 δὲ
1185 562 1243 614 τῷ
1277 562 1487 616 στρατηγῷ
1517 561 1588 599 τοῦ

131 628 308 683 Αἰγαίου
347 625 544 683 πελάγους
583 629 628 668 αἵ
653 643 694 669 τε
723 626 935 677 Κυκλάὸες
965 631 1079 681 νῆσοι
1108 625 1372 679 καλούμεναι,
1417 627 1483 668 καὶ
1510 630 1590 668 τῶν

133 694 372 753 Σποράδων,
414 690 469 738 ὧν
497 695 747 752 προέχουσιν,
786 695 813 750 ἥ
833 713 873 738 τε
895 694 1114 749 Μιτυλήνη
1137 697 1203 736 καὶ
1226 696 1331 744 Χίος
1351 697 1417 737 καὶ
1441 694 1542 748 αὐτὴ
1562 691 1589 748 ἦ

130 765 317 819 Λῆμνος.
371 763 444 806 οὐκ
464 766 537 806 εἰσὶ
559 764 604 806 δὲ
620 768 701 806 τῶν
720 763 947 806 Κυκλάδων
967 763 1069 805 ἀλλὰ
1092 768 1172 806 τῶν
1192 761 1416 819 Σποράδων
1439 766 1589 805 καλου-

129 832 279 886 μένων·
315 831 358 874 αἶ
383 831 461 888 γὰρ
479 830 691 882 Κυκλάδες
711 833 851 886 Δῆλον
873 833 945 888 τὴν
967 837 1088 887 νῆσον
1110 830 1353 884 ἐκύκλωσαν,
1390 830 1446 882 ὡς
1468 832 1590 888 φησὶν

77 908 122 943 10
133 899 154 942 ὃ
174 900 414 958 περιηγητὴς
431 899 670 952 Διονύσιος,

299 991 439 1046 Δῆλον
460 989 734 1035 ἐκυκλώσαντο
743 1023 757 1043 ,
792 992 858 1032 καὶ
877 989 1032 1045 οὕνομα
1049 988 1261 1041 Κυκλάδες
1283 990 1392 1033 εῗσίν.
1610 987 1638 1022 Ρ
1664 987 1707 1022 19

128 1086 345 1126 καλοῦνται
366 1084 409 1125 δὲ
438 1080 652 1140 διαφόροις
679 1079 848 1136 ὀνόμασι
858 1114 871 1133 ,
906 1083 1082 1136 Λῆμνος
1100 1084 1257 1138 Σκῦρος
1276 1083 1428 1134 Monac
1443 1079 1590 1132 Ἀμολ-

102 1151 200 1207 ,γὸς
224 1150 345 1208 Θήρα
372 1151 561 1208 Θηρασία
583 1153 650 1193 καὶ
667 1149 835 1205 Ῥήνεια.
906 1151 977 1193 οὐκ
1009 1148 1100 1192 οἶδα
1129 1151 1173 1192 δὲ
1197 1152 1231 1192 εἷ
1259 1153 1339 1191 τῶν
1362 1146 1588 1190 Κυκλάδων

130 1221 206 1262 εἶσὶ
224 1224 353 1263 πᾶσαι
379 1220 447 1261 διὰ
468 1219 513 1261 τὸ
536 1218 635 1262 εἶναι
659 1219 786 1269 αὖτὰς
807 1219 1042 1275 προσγείους
1060 1220 1127 1260 καὶ
1153 1223 1203 1274 τῇ
1220 1216 1392 1259 εΕλλάδι
1414 1233 1589 1270 συνομο-

74 1295 118 1332 15
130 1285 294 1345 ροῦσας.
361 1286 408 1330 τὸ
430 1287 475 1329 δὲ
494 1290 668 1342 Αἰγαῖον
689 1288 861 1342 πέλαγος
876 1285 1111 1343 βαρύπλουν
1133 1288 1214 1329 ἐστὶ
1237 1287 1304 1327 καὶ
1325 1286 1587 1341 δυσπέρατον,

126 1357 195 1398 καὶ
214 1354 377 1410 κύματα
395 1355 535 1411 μακρὰ
555 1357 621 1397 καὶ
643 1354 775 1411 ὄρεσιν
793 1353 950 1397 ἐοικότα
964 1362 1269 1411 προσανεγεῖρον
1288 1360 1371 1404 τοῖς
1386 1355 1586 1403 πλέουσιν,

132 1422 208 1467 εἴτε
229 1423 299 1466 διὰ
320 1423 367 1466 τὸ
395 1424 544 1466 πυκνὸν
571 1428 651 1466 τῶν
670 1423 816 1478 νήσων,
858 1423 933 1465 εἴτε
955 1425 1022 1465 καὶ
1045 1423 1113 1465 διὰ
1133 1423 1177 1465 τὸ
1203 1422 1331 1479 ῥεῦμα
1348 1427 1422 1464 τοῦ
1441 1420 1586 1464 πόντου

125 1492 172 1536 τὸ
192 1496 436 1547 καταβαῖνον
458 1495 513 1542 εἷς
536 1491 710 1546 Ἄβυδον
729 1493 796 1534 καὶ
819 1490 1205 1548 προσαρασσόμενον
1223 1498 1310 1542 ταῖς
1328 1489 1466 1545 νήσοις
1483 1491 1586 1545 μετὰ

125 1559 301 1618 μεγάλου
321 1559 574 1618 ῥοιζήματος.
642 1561 720 1603 ἀπὸ
748 1561 790 1602 δὲ
813 1565 883 1602 τοῦ
904 1563 1071 1603 Λεκτοῦ
1103 1562 1170 1602 καὶ
1201 1561 1275 1610 ἕως
1300 1564 1371 1614 τῆς
1391 1562 1585 1615 Προπον-

71 1631 236 1680 Ξθτίδος
260 1634 333 1684 τῆς
356 1646 398 1671 τε
425 1630 601 1680 Κυζίκου
630 1631 698 1671 καὶ
728 1634 801 1672 τοῦ
827 1631 1013 1685 Παρίου,
1056 1631 1123 1671 καὶ
1149 1628 1271 1678 αὐτὸς
1295 1627 1315 1670 ὃ
1341 1627 1586 1681 καλούμενος

119 1695 420 1753 “Ελλήσποντος
437 1695 464 1752 ἥ
486 1715 528 1740 τε
545 1696 847 1754 Προικόνησος,
895 1699 960 1740 καὶ
988 1698 1108 1754 μέχρι
1128 1702 1198 1739 τοῦ
1215 1696 1435 1739 Ῥυνδακοῦ
1458 1714 1585 1739 ποτα-

213 1816 239 1850 2
263 1815 412 1860 Σηστοῦ
433 1816 464 1849 V
567 1817 589 1850 8
612 1813 652 1849 δὲ
677 1827 730 1849 om
755 1815 785 1849 C
877 1817 899 1851 9
922 1816 1039 1859 νῆσον
1061 1813 1132 1858 τὴν
1155 1815 1280 1858 Δῆλον
1303 1816 1336 1848 V
1430 1816 1474 1850 10
1497 1818 1584 1847 Ato-

212 1858 340 1901 νῦσιος
366 1873 419 1896 om
443 1861 477 1893 V
581 1862 623 1896 13
645 1862 761 1906 θησία
784 1862 814 1895 C
918 1864 960 1897 16
984 1859 1172 1906 ἄνεγεῖρον
1196 1861 1230 1894 V
1323 1861 1366 1896 17
1388 1858 1451 1895 καὶ
1477 1872 1529 1895 om
1553 1861 1583 1895 C

213 1908 258 1943 21
280 1908 349 1942 τοῦ
376 1918 430 1942 om
455 1906 486 1941 C

122 2008 265 2043 Aeolum
295 2009 446 2044 dialecto
476 2014 633 2044 utuntur.
679 2009 846 2044 ulteriora
873 2009 927 2043 his
961 2021 982 2043 a
1010 2008 1118 2042 Lecto
1151 2012 1187 2042 et
1214 2019 1324 2053 usque
1355 2008 1513 2052 Abydum
1547 2012 1585 2042 et

122 2054 234 2100 ipsam
255 2055 503 2101 Propontidem
527 2061 563 2090 et
588 2056 755 2101 Cyzicum
780 2062 815 2089 et
837 2056 965 2090 flumen
989 2054 1177 2089 Granicum
1201 2054 1429 2099 appellatum,
1466 2065 1583 2087 omnes
1620 2096 1624 2101 .

123 2099 256 2135 Graeci
278 2106 447 2135 vocantur
470 2106 506 2135 et
528 2102 697 2136 communi
720 2107 864 2135 utuntur
885 2101 1053 2143 dialecto,
1085 2100 1241 2146 exceptis
1266 2101 1465 2144 Byzantiis,
1501 2100 1585 2144 quia

122 2146 255 2181 Dorum
277 2152 332 2181 est
354 2147 501 2181 colonia.
549 2148 727 2193 pertinent
757 2154 870 2182 autem
902 2148 945 2181 ad
969 2147 1101 2191 Aegaei
1126 2145 1228 2180 maris
1260 2148 1514 2190 praefecturam
1547 2152 1583 2180 et

122 2191 258 2227 insulae
281 2192 453 2237 Cyclades
474 2199 704 2238 nuncupatae,
740 2200 777 2227 et
801 2206 845 2227 ex
868 2192 1084 2239 Sporadibus
1107 2204 1196 2237 quae
1219 2192 1371 2237 reliquas
1397 2192 1580 2234 excellunt,

123 2237 296 2282 Mitylene
327 2244 362 2273 et
385 2239 494 2273 Chius
526 2246 561 2273 et
591 2241 669 2285 ipsa
692 2241 852 2274 Lemnus.
901 2250 1014 2284 neque
1037 2238 1127 2272 enim
1151 2243 1231 2272 sunt
1254 2238 1320 2272 hae
1347 2251 1389 2272 ex
1414 2239 1580 2283 Cycladi—

123 2284 200 2328 bus,
224 2284 286 2318 sed
310 2296 354 2319 ex
375 2285 420 2319 iis
444 2296 533 2329 quae
555 2285 732 2331 Sporades
755 2285 992 2330 appellantur:
1026 2284 1199 2329 Cyclades
1222 2285 1312 2319 enim
1334 2285 1458 2320 Delum
1482 2284 1578 2319 insu-

123 2329 190 2364 lam
211 2329 248 2364 in
270 2332 388 2365 orbem
411 2331 564 2376 cingunt,
597 2337 633 2366 ut
658 2332 707 2366 ait
729 2331 920 2375 Dionysius
942 2330 1166 2375 Periegetes:

394 2399 517 2435 Delum
543 2399 726 2434 cinxerunt
750 2405 785 2434 et
808 2399 982 2443 Cyclades
1006 2399 1235 2445 appellantur.

121 2466 231 2502 variis
262 2470 375 2502 autem
408 2466 474 2502 hae
511 2479 551 2502 ac
581 2468 730 2503 diversis
762 2467 980 2513 appellantur
1011 2467 1227 2513 nominibus,
1263 2467 1415 2502 Lemnus
1446 2468 1579 2511 Scyrus

120 2512 234 2548 Melus
257 2513 421 2557 Amolgus
445 2513 564 2548 Thera
587 2514 760 2548 Therasia
784 2520 819 2548 et
841 2514 1006 2548 Rhenea:
1043 2525 1156 2559 neque
1179 2521 1295 2548 tamen
1312 2514 1384 2547 scio
1402 2526 1444 2547 an
1462 2525 1580 2547 omnes

122 2558 312 2603 Cycladum
327 2559 409 2602 sint,
434 2560 525 2604 quod
549 2560 649 2605 ipsae
671 2560 742 2594 sint
765 2566 879 2594 terrae
903 2559 1080 2605 proximae
1097 2564 1202 2605 atque
1218 2560 1357 2594 Helladi
1381 2560 1578 2604 contiguae.

120 2610 177 2638 est
206 2611 320 2640 autem
349 2605 521 2650 Aegaeum
553 2618 646 2640 mare
678 2606 845 2650 navigatu
878 2611 914 2639 et
941 2605 1091 2640 traiectu
1123 2618 1289 2651 perquam
1323 2606 1487 2640 difficile:
1522 2605 1577 2639 in-

118 2655 242 2694 gentes
266 2651 357 2685 enim
381 2662 422 2684 ac
443 2651 650 2686 decumanos
672 2653 799 2686 fluctus
821 2651 950 2695 volvit,
986 2652 1047 2696 qui
1070 2652 1314 2696 navigantibus
1336 2651 1499 2686 montium
1522 2652 1578 2684 in-

119 2701 195 2730 star
216 2701 414 2740 assurgunt,
440 2697 495 2731 vel
519 2699 562 2731 ob
585 2698 788 2732 densitatem
813 2709 854 2731 ac
876 2697 1107 2742 frequentiam
1129 2698 1328 2742 insularum,
1355 2698 1408 2731 vel
1434 2703 1579 2742 propter

119 2741 223 2775 Ponti
246 2742 282 2776 in
298 2743 459 2787 Abydum
480 2744 665 2787 defluxum,
693 2744 751 2788 qui
777 2755 900 2787 magno
922 2744 1053 2788 impetu
1076 2744 1112 2777 in
1137 2744 1198 2778 has
1223 2743 1351 2777 insulas
1378 2744 1489 2777 fertur
1507 2744 1576 2776 eis—

119 2797 188 2832 que
209 2787 368 2823 illiditur.
417 2799 438 2822 a
460 2789 570 2823 Lecto
605 2802 688 2823 vero
725 2791 767 2823 ad
791 2790 1037 2835 Propontidem
1060 2801 1171 2835 usque
1195 2795 1231 2823 et
1258 2789 1424 2832 Cyzicum
1451 2794 1485 2822 et
1510 2788 1575 2822 Pa-

117 2833 219 2878 rium,
241 2839 347 2880 atque
370 2833 457 2869 adeo
482 2834 559 2881 ipse
581 2835 831 2882 Hellespontus
857 2841 893 2870 et
914 2836 1167 2882 Proeconesus,
1191 2836 1235 2871 ad
1259 2835 1486 2879 Rhyndacum
1509 2835 1574 2869 flu—
