1780 3132
260 127 352 174 504
786 131 1132 172 WESSELINGH

361 249 454 296 396,
480 248 549 286 30.
596 240 897 291 Ἑλενοπόντου]
942 243 1000 282 sic
1028 245 1185 294 oportet
1207 254 1258 283 ex
1286 242 1544 285 Constantino
1569 246 1597 286 l.
1628 250 1650 286 1

256 299 396 340 'rhem
425 304 476 348 2,
506 298 608 359 quod
636 297 696 337 illi
723 308 863 336 nomen
888 297 938 336 ab
958 297 1109 336 Helena
1133 296 1382 348 imperatoris
1407 298 1654 339 Constantini

254 353 309 393 M.
338 357 476 403 matre,
504 351 660 391 venisse
683 350 922 390 Iustinianus
947 352 1047 390 Nov.
1076 353 1129 390 28
1150 362 1182 390 c.
1205 354 1227 389 1
1260 351 1451 392 adfui-,mat
1504 353 1654 393 Notitia

255 408 347 469 imp:
377 406 526 446 Orient
555 417 588 444 c.
620 408 642 443 1
673 404 845 455 praesidi
874 404 1183 455 Helenopontum
1211 406 1427 455 committit,
1454 417 1563 458 quem
1591 408 1655 446 lu-

254 461 458 507 sumanus,
487 458 635 499 abolito
656 458 770 496 Ponti
784 457 1046 497 Polemoniaci
1065 458 1179 496 titulo
1205 457 1363 520 eiusque
1380 459 1541 500 urbibus
1565 460 1656 500 huic

255 514 483 566 provinciae
509 511 752 562 contributis,
781 511 1068 551 moderatorem
1097 511 1263 551 creavit.

361 575 472 616 [bid.
501 579 566 616 31.
617 572 813 624 Ἀμασία]
840 576 1070 627 metropolis
1091 576 1353 627 lielenoponti
1380 575 1525 616 dicitur
1550 577 1653 617 Gre-

255 630 370 683 gorio
398 632 577 679 Nysseno
606 634 708 670 orat.
736 629 786 669 de
815 630 1026 669 Theodoro
1054 643 1095 680 p.
1109 632 1212 678 582,
1238 630 1378 670 Novel.
1408 634 1462 671 28
1487 643 1520 669 c.
1549 634 1589 680 2,
1618 634 1658 670 et

255 686 294 723 in
323 684 416 724 Vita
444 683 627 732 Eutychii
665 696 698 721 c.
725 687 764 723 6.
828 683 930 723 Acta
969 684 1012 723 S.
1045 683 1192 723 Basilei
1215 695 1248 721 c.
1275 685 1304 723 5
1346 684 1445 724 satis
1475 685 1658 736 ambigue

253 733 499 787 μητρόπολιν
538 737 608 786 τῆς
648 737 852 786 Ποντικῆς
881 733 1082 785 ἐπαρχίας
1109 737 1334 789 appellant:
1376 737 1529 777 dubites
1557 739 1659 778 enim

257 792 514 830 dioecesimne
543 791 758 841 Ponticam,
785 791 891 830 cuius
919 791 1147 851 metropolis
1163 790 1378 853 Caesarea,
1408 804 1458 831 an
1486 792 1658 832 Heleno-

253 850 414 896 pontum
442 845 686 896 intelligant.
753 840 1000 895 μητρόπολις
1037 839 1176 895 πρώτη
1214 841 1362 884 πόντου
1405 846 1583 897 pluribus
1617 846 1659 885 in

254 899 381 938 numis
409 898 514 951 apud
541 898 784 939 narduinum
813 902 853 938 et
878 898 925 937 N
954 897 1160 947 Haymium
1188 901 1279 939 tom.
1305 903 1332 939 2
1360 899 1480 940 Thes.
1506 899 1658 940 Britan.

256 964 295 1003 p.
318 956 415 992 232.
480 952 596 994 situm
635 952 745 993 urbis
792 952 1084 992 accuratissime
1119 951 1267 992 Strabo
1306 956 1359 993 12
1395 966 1434 1006 p.
1460 954 1540 993 651
1586 953 1655 992 de-

255 1006 427 1059 scripsit.

364 1079 471 1121 [bid.
532 1074 695 1130 Ἴβυρα]
730 1084 878 1121 rectum
895 1073 1069 1131 Ῑβωρα,
1110 1084 1150 1120 et
1185 1092 1236 1120 ex
1277 1083 1379 1120 orat
1417 1083 1445 1121 :3
1471 1079 1657 1134 Gregorii
1724 1084 1726 1086 ’

252 1136 424 1184 Nysseni
450 1135 492 1175 in
518 1137 571 1175 40
597 1135 764 1184 Martyr.
795 1148 835 1186 p
858 1137 950 1183 212,
977 1134 1044 1174 ιιΙιι
1081 1130 1275 1184 πολίχνην
1302 1138 1430 1184 vocat,
1457 1135 1661 1187 apertissi-

256 1202 360 1229 mum
386 1193 468 1238 est,
503 1193 621 1242 atque
656 1201 709 1230 ex
734 1188 917 1237 Eutychii
944 1188 1024 1228 Vit.
1066 1200 1099 1227 c.
1130 1192 1179 1227 11
1208 1191 1246 1227 et
1274 1188 1373 1228 Nov.
1404 1192 1468 1228 28.
1499 1189 1656 1241 apposi-

257 1247 339 1283 tum
365 1242 548 1305 oppidum
586 1248 674 1283 erat
707 1243 864 1283 Euxino
905 1246 1025 1293 ponto
1063 1241 1167 1293 apud
1194 1240 1454 1283 Sozomenum
1479 1243 1528 1282 11.
1555 1243 1601 1282 E
1629 1246 1658 1282 6

257 1302 323 1347 30,
355 1298 429 1336 etsi
455 1297 558 1336 male
584 1297 639 1336 ibi
668 1300 786 1349 atque
825 1296 932 1348 apud
960 1295 1180 1335 Palladium
1207 1291 1378 1344 Ἰβήρων
1402 1293 1540 1342 adhc:
1569 1296 1661 1336 hinc

259 1353 361 1390 enim
389 1351 511 1390 fuisse
524 1351 755 1403 Euagrium,
788 1362 863 1402 quo
879 1351 928 1389 de
946 1349 1142 1389 duumviri
1169 1348 1228 1388 illi
1233 1349 1514 1399 ,Hieronymus
1542 1350 1653 1402 epist.

258 1404 311 1444 ad
350 1383 643 1455 Ctesiphontem
683 1404 894 1454 significat.
966 1404 1089 1454 vulgo
1124 1403 1276 1454 quidem
1304 1403 1568 1454 Hyperborita
1606 1403 1662 1443 ibi

260 1457 393 1506 audit,
435 1458 538 1510 quod
575 1458 661 1497 iure
696 1457 879 1497 Valesius
916 1457 957 1496 ιιι
995 1457 1256 1496 sozomenum
1284 1461 1324 1496 et
1356 1457 1587 1497 Rosweidus
1617 1458 1658 1496 in

259 1511 484 1551 Palladium
515 1515 726 1562 mutarunt,
755 1511 909 1563 quando
937 1514 976 1549 et
1004 1523 1061 1550 ms
1080 1510 1159 1550 Lol
1163 1509 1328 1549 beienS1s
1346 1511 1561 1551 Hiberitam
1588 1523 1662 1563 pro

260 1565 444 1605 {liborita
482 1569 667 1605 ostentat.
733 1565 894 1604 Photius
933 1560 1087 1608 πόλεως
1116 1560 1289 1612 Ἰβώρων
1330 1563 1399 1614 τῆς
1421 1561 1664 1615 Ἑλλησπον-

261 1618 359 1656 τίων
385 1617 588 1669 ἐπαρχίας
623 1619 790 1659 concilio
818 1618 1116 1669 Constantinop.
1153 1617 1272 1656 tertio
1302 1630 1340 1670 p.
1355 1622 1436 1658 670
1462 1629 1535 1669 pro
1557 1616 1664 1656 *ιἘλε

262 1670 484 1709 νοποντίων
513 1672 668 1712 dicitur.

372 1733 479 1775 Ibid.
535 1734 667 1784 Ζῆλα]
697 1735 802 1776 haud
829 1736 989 1775 multum
1019 1734 1160 1775 aberat
1182 1734 1355 1775 Amasia·
1420 1736 1515 1776 vita
1543 1735 1667 1785 Euty-

264 1789 341 1828 chii
373 1801 406 1829 c.
434 1794 484 1829 6:
514 1788 684 1840 πολίχνη
713 1802 775 1834 τις
803 1787 900 1839 ἐστι,
928 1788 1044 1838 Ζῆλα
1073 1786 1464 1840 προσαγορευομένη,
1491 1786 1668 1840 γειτνιά-

266 1842 327 1888 ζει
354 1841 399 1880 δὲ
432 1842 484 1894 τῇ
521 1840 767 1893 μητροπόλει
793 1840 1008 1894 Ἀμασεία.
1073 1842 1304 1882 Plutarchus
1334 1842 1495 1884 Caesar.
1528 1856 1567 1895 1)-
1585 1847 1665 1884 ⁷31

263 1891 382 1933 πόλιν
412 1894 550 1945 Ζηλαν
580 1902 697 1937 vocat
726 1908 887 1948 cumque
908 1900 1086 1936 vetustae
1102 1896 1218 1935 Hirtii
1243 1896 1292 1934 de
1322 1896 1428 1936 bello
1447 1897 1666 1939 Alexandr.

288 1953 380 1988 .72
407 1949 600 1989 editiones
630 1955 669 1990 et
700 1963 757 1990 ms
783 1951 940 1990 Norvic.
967 1951 1106 1990 Zelam
1135 1950 1358 1999 exhibeant,
1384 1951 1425 1990 id
1452 1963 1478 1991 a
1503 1950 1666 1991 Davisio

264 2004 447 2053 defendi,
476 2016 602 2056 neque
630 2003 762 2065 Ζιήλα
790 2004 1003 2044 Plutarcho
1040 2008 1080 2044 et
1108 2003 1225 2043 Dioni
1249 2003 1438 2045 inculcari
1463 2005 1666 2045 debuerat

265 2057 471 2109 Stephano
502 2053 684 2107 Ποντικη
719 2057 850 2107 Ζῆλα.

374 2120 482 2161 Ibid.
539 2117 692 2158 Σάλιον
720 2117 920 2171 Ζαλίχην]
951 2121 1008 2160 sic
1036 2134 1128 2171 mss,
1162 2125 1201 2160 et
1224 2124 1343 2170 recte,
1372 2121 1487 2161 modo
1513 2118 1669 2166 Σόλιος

268 2172 452 2224 Ζαλίχης
477 2175 710 2234 refingatur.
775 2179 906 2227 putem
934 2175 1070 2215 urbem
1105 2176 1271 2215 saltibus
1298 2175 1420 2214 fuisse
1450 2175 1668 2226 incinctam,

268 2232 308 2265 et
332 2232 545 2279 propterea
571 2224 728 2266 ,Σοίὶτον
756 2229 959 2290 praeponi.
989 2229 1161 2269 Nicaeno
1188 2229 1355 2268 concilio
1384 2229 1552 2269 secundo
1585 2207 1668 2269 An:

266 2281 453 2320 dronicus
493 2282 702 2344 presbyter
740 2283 896 2322 nomine
923 2282 1082 2323 loannis
1109 2282 1283 2335 episcopi
1310 2279 1504 2343 Za21‘7wy
1531 2296 1570 2334 p.
1586 2284 1670 2323 355

265 2334 488 2384 subscribit,
519 2336 586 2387 qui
611 2347 696 2374 cum
726 2349 764 2387 p.
788 2340 867 2376 163
894 2337 1102 2388 presbyter
1129 2332 1439 2380 Λεοντοπόλεως
1465 2329 1551 2386 ἦτοι
1579 2337 1669 2374 Ζα-

264 2386 383 2436 λι’χου
414 2388 581 2438 dicatur,
610 2394 743 2428 certus
771 2391 886 2431 nobis
923 2390 1043 2429 index
1079 2395 1140 2430 est
1167 2403 1246 2430 non
1272 2389 1392 2430 aliam
1420 2393 1538 2442 atque
1566 2390 1671 2430 hanc

261 2441 526 2492 Leontopolin
563 2454 671 2493 esse,
711 2444 818 2483 cuius
855 2444 1069 2495 imperator
1095 2445 1264 2484 Novella
1299 2446 1352 2483 28
1392 2444 1664 2484 commeminit.

263 2499 490 2546 corruptum
517 2507 636 2547 saepe
661 2497 702 2535 id
728 2509 869 2537 nomen
898 2502 958 2537 est
976 2498 1018 2537 in
1037 2499 1132 2539 Vita
1148 2496 1330 2546 Eutycbii
1358 2509 1392 2536 c.
1404 2501 1442 2547 2,
1470 2497 1667 2537 ubiAma-

262 2560 359 2587 seno
385 2548 564 2588 subditus
595 2549 800 2602 episcopus
827 2549 900 2601 τῆς
937 2551 1016 2589 τῶν
1045 2550 1296 2611 Λαζιχηνῶν
1324 2527 1479 2595 πόλεως
1506 2554 1547 2589 et
1571 2551 1668 2590 Λα-

265 2599 390 2652 ζίχων
416 2601 613 2654 προεδρία
643 2607 682 2643 et
708 2603 782 2642 τοῦ
813 2599 1006 2655 Λαζίχου
1035 2601 1247 2656 ἐπισκοπή.
1305 2605 1410 2645 forte
1436 2609 1476 2644 et
1504 2603 1579 2646 huc
1604 2616 1669 2645 re-
