1780 3132
284 217 336 256 lN
366 213 723 256 CONSTANTiNl
751 212 948 254 PORPH.
974 212 1045 252 DE
1069 210 1231 250 THEM.
1272 210 1317 248 L.
1346 209 1377 247 1.
1458 201 1551 246 285

223 332 290 379 30,
317 329 356 367 5.
415 324 652 378 Δάδιβραν]
683 328 742 367 sic
768 327 803 366 A
830 331 870 365 et
898 326 1071 365 Nicetas.
1105 325 1148 364 in
1177 320 1427 363 Anthenticis
1454 319 1555 361 haec

115 383 252 426 eadem
279 383 374 422 urbs
404 382 551 422 dieitur
575 379 808 431 Δαδὺβρος.

225 435 332 479 Ibid.
367 441 430 476 16.
488 438 631 478 Gozan
654 437 799 477 fluvius
828 435 937 475 circa
953 434 1126 474 Mediam
1146 432 1291 472 dicitur
1317 433 1344 471 4
1369 431 1471 484 Reg.
1503 434 1555 471 17

119 497 161 534 et
186 497 208 533 1
240 492 415 544 Paralip·
451 493 491 533 5.
559 493 727 532 eundem
756 491 899 531 Gozen
919 494 1041 530 vocat
1065 488 1273 528 Beniamin
1302 487 1555 527 Tudelensis.

226 546 335 589 llud.
355 551 422 586 22.
462 544 701 598 κλεισούρα]
732 546 808 586 hoc
834 545 954 585 etiam
983 543 1180 593 adiiciam,
1208 542 1410 594 Hispanos
1438 541 1558 581 etiam

121 603 240 644 hodie
279 602 444 655 proprie
483 602 693 643 admodum
731 599 923 641 eiusmodi
959 599 1143 638 clusuras
1183 599 1356 637 sieri-as
1396 607 1558 647 vocare,

147 659 221 698 uod
252 657 352 697 nihil
380 657 490 697 alind
531 668 648 710 quam
675 656 855 696 claustra
892 654 1109 707 significat,
1136 656 1181 692 ut
1209 650 1488 692 Somosierra
1518 655 1560 691 et

139 725 167 753 a
193 714 339 753 sierra
367 711 542 753 nevada.
576 715 723 751 vocant
754 722 851 751 vero
874 710 994 750 etiam
1027 708 1108 749 alio
1140 707 1338 748 vocabulo
1364 708 1559 760 puer-tos,

119 768 260 809 eadem
289 768 408 819 plane
449 767 608 808 ratione
637 778 716 818 qua
747 765 898 806 Graeci
928 761 1072 807 πύλας.
1102 762 1230 802 vene.

227 826 295 871 31,
321 826 361 862 9.
422 818 624 871 Κολωνοί,
657 821 724 860 vel
762 826 807 861 ut
852 818 1089 859 Eustathius
1128 817 1216 857 vult
1244 813 1440 867 κολῶναι,
1468 819 1561 855 sunt

116 872 236 915 τόποι
255 872 443 925 λήγοντες
459 874 536 925 μὲν
554 874 613 920 εἰς
633 867 716 923 ὀξύ,
737 871 794 925 μή
826 867 1010 925 ἀκριβῶς
1031 871 1076 911 δὲ
1106 869 1412 920 ἇπωξυμμὲνοι,
1443 865 1555 921 παρά

118 928 165 970 τὸ
197 927 393 982 κολούειν,
425 924 447 966 ὅ
474 927 564 969 ἐστι
591 929 799 980 κολοβοῦν.
829 930 957 970 Vurc.

229 983 338 1026 lbid.
365 987 432 1026 13.
489 985 708 1025 Arabracis
735 985 929 1037 regionis,
947 982 1163 1023 Armeniae
1190 981 1393 1030 finitimae,
1423 979 1561 1019 memi-

117 1040 179 1082 nit
205 1039 453 1092 Nicephorus
471 1039 647 1090 Callisti,
683 1040 750 1094 qni
770 1041 891 1080 etiam
919 1039 1045 1079 tradit
1066 1037 1314 1077 Eustratium
1342 1040 1561 1085 martyrem

122 1108 176 1140 ex
205 1108 254 1136 ea
286 1095 410 1135 fuisse
437 1095 661 1136 oriundum.

151 1167 155 1171 ·
229 1148 337 1192 lbid.
368 1151 435 1191 15.
492 1151 551 1190 De
579 1148 852 1200 Chrysochiro
881 1152 921 1189 et
962 1147 1047 1188 eius
1077 1146 1201 1187 caede
1229 1158 1268 1186 ν.
1298 1146 1502 1186 Zonaram
1533 1145 1562 1185 l.

123 1209 177 1246 16
205 1205 247 1246 in
276 1205 452 1256 Basilio,
494 1205 561 1245 ubi
588 1204 827 1257 Tephricem
854 1203 1136 1257 Agarenorum
1166 1205 1207 1241 et
1235 1200 1563 1241 Manichaeorum

119 1260 373 1311 metropolim
398 1261 591 1312 appellat.
649 1272 688 1300 v,
717 1263 933 1311 praeterea
951 1258 1172 1307 Scylitzem
1190 1256 1359 1306 Glycam
1378 1259 1418 1295 et
1445 1256 1561 1295 alios.

232 1313 343 1356 lbid.
373 1318 438 1355 16.
505 1315 566 1354 De
608 1314 768 1355 Carbea
810 1313 1070 1361 Manichaeo,
1112 1311 1215 1351 duce
1246 1310 1564 1358 bellicosissimo,

121 1369 389 1410 consulendus
435 1369 693 1410 continuator
731 1367 1074 1422 Porphyrogeniti
1118 1379 1158 1421 p.
1191 1369 1272 1407 103
1302 1370 1343 1406 et
1371 1369 1470 1416 110,
1496 1365 1566 1406 ubi

127 1424 348 1478 Tephrices
379 1424 564 1465 conditor
591 1425 748 1465 dicitur.

229 1483 297 1529 33,
327 1482 364 1520 1.
419 1477 618 1532 Ἀζιότον]
650 1479 768 1519 huius
799 1479 910 1519 vocis
942 1477 1118 1518 meminit
1146 1476 1251 1517 idem
1278 1475 1565 1529 Porphyroge-

121 1535 227 1576 nitus
256 1534 306 1573 de
335 1534 449 1575 Adm.
482 1535 574 1586 imp.
606 1548 640 1576 c.
674 1536 740 1574 44.

230 1587 339 1631 Ibid.
360 1592 398 1630 5-
453 1585 524 1628 τὸν
554 1587 882 1639 δυστυχέστατον
901 1584 1095 1640 πόλεμον]
1118 1587 1265 1628 Leonis
1293 1586 1493 1627 exercitus
1519 1586 1562 1626 in

122 1644 361 1686 Macedonia
401 1644 597 1684 adversus
638 1643 861 1695 Bulgaros,
899 1655 999 1696 rege
1027 1655 1163 1683 eorum
1193 1642 1394 1692 Symeone
1425 1653 1564 1694 pacem

121 1700 322 1749 turbante,
348 1698 564 1740 infeliciter
594 1698 819 1751 pugnavit:
848 1698 919 1737 sed
948 1710 1017 1738 eos
1046 1698 1214 1738 subinde
1234 1698 1458 1738 'furcarum
1487 1709 1564 1736 au-

120 1754 222 1796 xilio
253 1754 412 1794 devicit.
469 1754 563 1794 vide
592 1754 809 1805 scriptores
825 1752 1074 1802 Byzantinos
1106 1753 1173 1806 qui
1203 1752 1350 1793 Leonis
1383 1751 1564 1805 philoso-

121 1810 191 1862 phi
219 1813 338 1861 gesta
365 1808 582 1850 memoriae
607 1808 884 1860 prodiderunt.

186 1913 194 1924 .
235 1861 344 1904 Ibid.
384 1867 450 1904 1⁷.
505 1859 804 1914 κουροτρόφος]
851 1862 1064 1911 Lycandus
1106 1874 1176 1902 seu
1206 1862 1438 1911 Lycandum
1469 1861 1565 1902 olim

123 1918 312 2012 ὅιαπιαρα
340 1915 553 1959 dicebatur
581 1917 633 1958 ob
661 1916 943 1970 pinguedinem
975 1921 1016 1956 et
1044 1917 1295 1958 fertilitatem
1323 1917 1413 1957 soli.
1471 1917 1565 1958 vide

160 1977 221 2012 rte
239 1972 330 2013 ium.

230 2030 298 2077 34,
329 2031 369 2068 2.
426 2026 572 2067 Melius
614 2025 658 2065 ἐν
686 2024 741 2079 τῷ
777 2019 1035 2079 περιστύλῳ,
1075 2025 1220 2079 quippe
1255 2038 1400 2066 versus
1445 2027 1564 2068 finem
1631 2049 1634 2053 ·

123 2081 240 2122 huius
270 2081 414 2134 capitis
445 2082 505 2122 ait
536 2082 641 2122 hanc
669 2081 798 2134 ipsam
841 2081 1143 2134 inscriptionem
1170 2081 1412 2134 insculptam
1441 2083 1565 2123 fuisse

120 2136 164 2175 ἐν
191 2134 238 2189 τῇ
268 2133 376 2190 πύλῃ
405 2136 480 2188 τῆς
508 2131 675 2181 πόλεως.

231 2190 339 2233 Ιῠὶιί.
365 2192 405 2232 5.
464 2187 486 2228 ὅ
511 2188 658 2241 μέγας]
686 2187 914 2241 στρατηγὸν
940 2190 1200 2231 Iustinianum
1222 2192 1404 2244 appellat
1430 2192 1472 2232 in
1500 2205 1564 2232 se-

121 2249 220 2286 natu
245 2247 411 2286 Proclus
437 2251 628 2299 quaestor
656 2246 762 2299 apud
781 2245 1018 2298 Procopium
1044 2246 1094 2284 de
1123 2246 1232 2287 bello
1249 2247 1360 2288 Pers.
1394 2252 1430 2288 1.
1460 2247 1564 2289 Cae-

122 2312 194 2340 sar
222 2313 321 2341 vero
347 2301 452 2341 idem
485 2301 731 2341 Iustinianus
770 2301 839 2340 diu
877 2305 971 2353 post
1008 2301 1205 2341 salutatus
1245 2302 1332 2354 fuit,
1363 2307 1407 2344 ut
1435 2305 1565 2344 tradit

71 2409 74 2411 Δ
122 2356 340 2408 Procopius
368 2356 397 2395 l.
425 2367 459 2394 c.
513 2356 757 2396 Iustinianus
785 2356 921 2408 itaque
958 2360 1171 2408 antequam
1198 2354 1354 2398 Caesar
1381 2359 1565 2411 appella-

123 2415 189 2450 tus
217 2414 344 2460 esset,
368 2410 564 2463 magister
591 2411 759 2451 militiae
788 2415 902 2459 erat3
933 2411 1038 2450 unde
1056 2411 1320 2464 corrigendus
1347 2413 1424 2454 hac
1453 2414 1494 2454 in
1517 2426 1562 2454 re

121 2465 506 2517 Porphyrogenitus,
561 2477 647 2505 rem
677 2470 802 2505 totam
831 2466 979 2505 clarius
1017 2467 1145 2506 refert
1174 2465 1357 2516 Cyrillus
1389 2469 1564 2519 Scytho-

122 2521 326 2572 politanus
354 2520 541 2572 Procopii
569 2521 777 2573 aequalis:
807 2518 1023 2564 Ἰουστῖνος
1045 2517 1336 2562 Ἰουστινιανὸν
1354 2522 1449 2562 ἄνθ’
1484 2521 1564 2561 αὗ-

121 2573 199 2639 ἷοῦ
236 2571 338 2637 rou„
352 2572 607 2625 ἀδελφιδοῦν
649 2572 939 2626 αὐτοκράτορα
978 2574 1210 2628 κατέστησε,
1237 2574 1455 2630 πατρίκιον
1493 2577 1567 2617 καί

122 2642 287 2668 υπατον
313 2642 414 2667 οντα
443 2628 515 2666 καί
541 2625 785 2681 στρατηγόν.

230 2682 293 2725 lb.
313 2688 376 2724 10.
402 2681 558 2730 Θωμᾶς
573 2684 741 2733 ἐκεῖνος]
762 2685 811 2724 de
832 2684 919 2731 hoc,
935 2685 976 2725 ni
995 2685 1132 2736 fallor,
1145 2687 1303 2729 Thoma
1318 2688 1563 2728 lastinianus

122 2738 342 2792 imperator
354 2739 528 2780 Novella
547 2734 621 2790 λα’,
643 2739 799 2777 τούτων
819 2739 1002 2793 inquiens
1023 2735 1157 2787 οὕτως
1181 2739 1279 2794 ἡμῖν
1293 2742 1563 2793 διατεταγμέ-
