1780 3132
221 162 309 204 112
483 165 830 206 CONSTANTINI
871 141 1336 208 PORPHYROGENJTI

214 263 288 299 τοῦ
323 257 513 314 ἑσπερίου
552 262 754 302 Ὠκεανοῦ.
826 262 1071 316 Βονιφάτιος
1110 266 1155 304 δὲ
1193 264 1387 319 φοβηθείς
1414 266 1508 314 τούς
1537 270 1618 307 τῶν

213 323 426 374 Ῥωμαίων
460 327 640 376 βασιλεῖς
675 323 854 378 περάσας
892 325 972 366 dud
1002 326 1166 382 Λιβύης
1203 331 1261 375 εἰς
1290 330 1494 370 Ἱσπανίαν
1516 329 1619 383 πρὸς

218 386 312 435 τούς
345 387 604 440 Ουάνδήλους
633 384 778 440 ἦλθεν·
832 390 902 430 καί
921 390 1052 443 εὑρών
1081 391 1150 432 τόν
1175 394 1250 442 μὲν
1270 395 1306 433 Γ
1305 395 1527 445 ογίδισκλον
1554 408 1620 434 τε·

219 450 491 505 λευτήσαντα,
520 450 614 499 τοὺς
652 453 696 492 δὲ
722 455 872 494 ἐκείνου
904 457 1053 503 παῖδας
1081 458 1119 496 Γ
1118 454 1298 508 ότθαρόν
1322 471 1366 497 τε
1394 459 1463 497 καί
1488 459 1527 498 Γ
1525 458 1621 510 ηζέω

220 531 338 569 ριχον
367 515 441 568 τήν
469 513 601 569 ἀρχὴν
626 518 851 571 διέποντας,
869 519 1037 566 τούτους
1058 519 1387 573 προτρεψάμενος
1404 521 1479 574 τὴν
1505 517 1655 562 ἔτυπτέ-5

222 594 311 633 ριον
339 579 504 632 Λιβύην
529 580 586 627 εἰς
613 580 704 632 τρία
741 584 846 635 με’ρη
878 585 1024 623 διελεῖν
1052 582 1273 635 ὑπέσχετο,
1305 586 1371 637 ἐφ’
1401 579 1432 640 ᾧ
1461 584 1624 625 ἕκαστον

221 646 296 709 τοῦ
323 646 462 694 τρίτου
489 645 640 696 μέρους
668 641 809 698 ἄρχειν
836 645 912 687 σύν
939 648 1059 704 αὐτῷ,
1088 650 1200 702 κοινῇ
1228 649 1273 688 δὲ
1300 644 1532 699 ἀμύνεσθαι
1554 646 1626 689 τὸν

223 710 306 747 οἱον
334 706 478 758 δήποτε
503 710 703 759 πολέμιον.
739 711 808 750 ἐπί
834 710 999 758 ταύταις
1022 717 1111 759 ταῖς
1139 711 1372 764 ὁμολογίαις
1393 712 1626 765 Οὐανδῆλοι

223 771 292 812 τὸν
314 770 500 824 πορθμὸν
519 770 733 824 διαβάντες
749 772 823 826 τήν
839 774 1003 828 Λιβύην
1028 776 1262 831 κατῴκησαν
1289 775 1366 815 α’πὸ
1397 777 1470 816 τοῦ
1490 776 1629 817 Ὠκεα-

225 835 297 876 νοῦ
315 837 440 888 μέχρι
465 834 694 888 Τριπόλεως
717 839 787 890 τῆς
808 837 910 878 κατὰ
940 839 1143 893 Κυρήνην.
1187 837 1224 880 οἱ
1243 841 1288 880 δὲ
1307 838 1513 893 'solym-901
1532 840 1627 881 ἄνα·
1641 845 1684 878 10

224 899 393 947 στάντες
420 899 499 941 dud
530 902 708 948 Γαλλίας
745 900 968 955 ἐκράτησαν
1000 905 1070 943 καί
1095 903 1166 956 τῆν
1184 903 1402 946 Ἱσπανίαν.
1454 906 1560 952 τινὲς
1585 905 1631 946 δὲ

225 967 294 1017 τῆς
332 963 553 1018 συγκλήτου
576 965 791 1016 Ῥωμαίων
828 966 936 1019 φίλοι
975 967 1229 1021 Βονιφατίου
1265 967 1336 1022 τὴν
1373 969 1447 1010 τοῦ
1474 969 1632 1011 Ἀετίου

226 1030 600 1082 ψευδοκατηγορίαν
622 1027 857 1081 ἀνήγγειλάν
886 1033 935 1085 τῇ
954 1033 1175 1086 Πλακιὸίᾳ,
1203 1033 1367 1086 ἐμφανῆ
1394 1029 1634 1086 ποιήσαντες

227 1094 296 1133 καί
320 1091 392 1146 τήν
429 1091 531 1145 πρὸς
560 1091 807 1147 Βονιφάτιον
828 1093 984 1135 Ἀετίου
1025 1093 1247 1149 ἐπιστολήν,
1273 1097 1348 1136 τοῦ
1378 1097 1633 1150 Βονιφατίου

228 1155 378 1209 ταύτην
406 1156 542 1204 αὐτοῖς
571 1157 891 1207 α’ποστείλαντος.
946 1158 971 1211 ἦ
1005 1160 1048 1200 δὲ
1065 1162 1275 1200 Πλακιδία
1295 1162 1538 1213 ἐκπλαγεῖσα
1566 1158 1634 1200 τὸν
1645 1169 1687 1203 15

229 1221 305 1271 μὲν
330 1220 488 1261 Ἀέτιον
510 1222 628 1262 οὐδὲν
668 1222 879 1276 ἠδίκησεν,
906 1225 1140 1279 Βονιφατίῳ
1182 1225 1226 1265 δὲ
1253 1223 1370 1276 λόγον
1395 1239 1634 1278 προτρεπτι-

231 1284 299 1324 κὸν
336 1287 433 1335 μεθ’
468 1280 595 1338 ὅρκων
629 1285 875 1332 ἀπέστειλεν.
940 1290 1011 1327 τοῦ
1043 1290 1087 1327 δὲ
1117 1291 1155 1328 Γ
1154 1289 1346 1340 οτθαρίου
1372 1288 1636 1341 τελευτήσαν-

230 1364 299 1397 τος
339 1350 379 1389 Γ
377 1351 563 1403 ηζέριχος
604 1352 682 1390 τῶν
717 1351 963 1404 Οὐανδήλων
991 1353 1148 1404 γέγονεν
1182 1353 1453 1408 αὐτοκράτωρ.
1508 1356 1637 1396 Βονι-.

231 1411 377 1467 φάτιος
408 1414 453 1453 δὲ
481 1411 548 1453 τὸν
577 1412 694 1465 λόγον
726 1414 937 1465 δεξάμενος
961 1418 1038 1456 τῶν
1066 1415 1314 1470 Ουάνδήλων
1342 1417 1637 1470 κατεστράτευ-

230 1492 312 1530 σεν,
339 1479 509 1530 στρατοῦ
537 1477 716 1529 μεγάλου
747 1477 931 1526 ἐλθόντος
969 1479 1083 1536 αὐτῷ
1111 1478 1189 1520 ἀπό
1220 1495 1262 1520 τε
1282 1480 1442 1534 Ῥώμης
1473 1479 1544 1521 καί
1567 1484 1693 1523 τοῦ20

232 1543 473 1595 Βυζαντίου,
503 1543 816 1594 στρατηγοῦντος
829 1538 1048 1595 ”Ασπαρος.
1103 1546 1281 1596 πολέμου
1311 1546 1356 1586 δὲ
1377 1548 1642 1599 κροτηθέντος

234 1603 336 1660 πρὸς
359 1608 399 1647 Γ
398 1607 585 1660 ηζέριχον
615 1604 774 1661 ἡττήθη
803 1605 822 1647 ὃ
850 1612 931 1648 τῶν
952 1604 1168 1660 Ῥωμαίων
1206 1607 1386 1663 στρατός.
1439 1611 1510 1651 καί
1538 1607 1642 1651 οὕτω

325 1755 350 1790 4
374 1757 559 1802 Γόνθαρίν
592 1770 628 1792 τε
654 1761 716 1792 καὶ
744 1761 925 1806 Γιζέριχον
940 1760 1172 1805 Theophanes
1287 1760 1328 1794 10
1357 1762 1519 1807 Κυρίνης
1541 1760 1640 1793 libri:

328 1810 521 1837 correctum
548 1815 590 1837 ex
612 1804 827 1849 Theophane

240 1940 346 1976 ropae
373 1930 466 1974 regio
490 1935 553 1970 est,
582 1930 698 1963 sedem
721 1937 925 1976 posuerunt.
973 1932 1172 1964 Bonifacius
1195 1937 1308 1965 autem
1326 1933 1554 1965 Romanorum
1578 1932 1643 1964 im-

239 1981 435 2020 peratorum
464 1982 558 2008 metu
584 1988 603 2008 e
628 1977 738 2019 Libya
763 1978 800 2009 in
827 1978 1029 2021 Hispaniam
1056 1979 1230 2010 traiiciens
1254 1977 1297 2009 ad
1324 1978 1498 2010 vandalos
1525 1988 1562 2010 se
1587 1988 1643 2010 re-

240 2023 345 2066 cepit.
393 2033 537 2066 cumque
577 2023 643 2054 iam
668 2023 813 2055 obiisset
839 2023 1081 2065 Gogidisclus,
1117 2024 1223 2067 ipsius
1255 2023 1342 2055 filios
1378 2023 1585 2056 Gottharum
1610 2028 1646 2056 et

242 2067 470 2100 Gezerichum
499 2068 730 2111 principatum
756 2074 915 2101 tenentes
939 2069 1096 2101 offendit.
1145 2069 1206 2100 hos
1230 2068 1387 2112 pluribus
1413 2069 1569 2101 hortatus
1585 2069 1646 2101 Li-

240 2111 345 2155 byam
369 2113 622 2145 occidentalem
647 2114 684 2146 in
709 2119 777 2146 tres
800 2120 914 2158 partes
936 2126 971 2146 se
999 2115 1185 2146 divisurum
1212 2115 1376 2157 promisit,
1401 2119 1439 2146 ut
1457 2115 1647 2158 unusquis-

243 2169 312 2202 que
348 2169 463 2190 secum
501 2160 638 2192 tertiam
665 2165 798 2203 partem
825 2160 1024 2198 obtineret,
1062 2161 1247 2203 cunctique
1283 2160 1385 2191 simul
1414 2159 1647 2192 adversarium

243 2215 392 2243 omnem,
422 2205 579 2249 quisquis
606 2205 668 2237 ille
693 2205 808 2245 foret,
846 2207 1103 2238 ulciscerentur.
1151 2205 1217 2237 hoc
1243 2211 1344 2249 pacto
1370 2205 1523 2244 foedere,
1552 2205 1650 2238 van-

244 2249 317 2282 dali
351 2249 440 2282 freto
474 2251 671 2283 transmisso
711 2251 852 2293 Libyam
888 2256 1101 2294 occuparunt
1135 2250 1177 2282 ab
1210 2250 1349 2283 Oceano
1386 2251 1558 2295 Tripolim
1589 2262 1650 2283 us-

245 2305 338 2340 que,
365 2306 455 2339 quae
492 2302 545 2328 est
581 2296 676 2330 iuxta
711 2297 891 2339 Cyrenem.
939 2295 1140 2339 wisigotthi
1176 2302 1291 2328 autem
1317 2307 1335 2328 e
1365 2297 1480 2329 Gallia
1505 2307 1650 2329 moven-

244 2346 298 2373 tes
323 2341 522 2384 Hispaniam
555 2348 780 2386 occuparunt.
842 2349 1020 2375 senatores
1052 2353 1152 2385 porro
1184 2342 1323 2386 qnidam
1352 2342 1512 2382 Romani,
1546 2341 1648 2375 amici

246 2387 432 2427 Bonifacii,
463 2388 584 2418 falsam
613 2389 703 2420 Aetii
729 2389 1004 2421 criminationem
1029 2387 1200 2420 placidiae
1220 2388 1459 2431 patefecerunt
1482 2387 1651 2431 producta

247 2432 339 2464 Aetii
376 2434 419 2464 ad
453 2433 667 2466 Bonifacium
697 2435 866 2477 epistola,
903 2445 1005 2478 quam
1040 2434 1124 2476 ipsis
1157 2434 1352 2465 Bonifacius
1382 2435 1534 2466 miserat.
1587 2432 1652 2478 irae

247 2489 283 2509 re
308 2479 467 2521 perculsa
494 2478 645 2510 placidia
672 2479 810 2512 Aetium
834 2480 977 2524 quidem
999 2479 1198 2512 nullatenus
1223 2479 1344 2511 laesit:
1369 2478 1411 2511 ad
1436 2479 1651 2511 Bonifacium

246 2534 328 2556 vero
346 2524 464 2556 literas
487 2534 563 2555 cum
587 2524 812 2558 iureiurando
832 2526 936 2565 misit,
961 2535 1050 2570 quae
1069 2525 1216 2557 officium
1238 2524 1435 2557 suaderent.
1483 2523 1650 2556 defuncto

247 2574 363 2601 autem
391 2569 595 2610 Gotthario‚
620 2571 830 2603 Gezerichus
855 2571 967 2604 factus
993 2576 1044 2603 est
1068 2570 1306 2603 Vandaiorum
1336 2571 1533 2614 imperator.
1583 2571 1652 2602 Bo-

248 2614 394 2647 nifacius
420 2621 561 2659 accepta
595 2615 662 2647 fide
689 2623 807 2648 contra
836 2617 1012 2649 Vandalus
1038 2617 1226 2648 exercitum
1253 2617 1382 2655 movit,
1409 2615 1653 2648 numerosissi-

248 2661 313 2694 mis
341 2661 450 2706 copiis
476 2662 581 2694 Roma
607 2666 642 2694 et
668 2662 831 2704 Byzantio
857 2662 945 2696 duce
971 2663 1098 2708 Aspare
1125 2662 1245 2695 missis.
1293 2662 1382 2695 inita
1404 2672 1481 2694 cum
1509 2660 1653 2695 Gezeri-
