1780 3132
346 143 400 183 ΙΝ
439 141 804 184 SYNECDEMUM
843 138 1285 183 COMMENTARIUS.
1445 138 1538 181 513

95 257 218 306 ravit,
246 259 290 296 ut
317 256 420 296 bene
437 261 578 297 contra
597 256 814 297 Meursium
837 256 909 297 Ch.
929 256 1131 296 cellarius
1149 255 1198 295 G.
1223 255 1271 295 A.
1297 258 1325 295 3
1349 258 1376 295 7
1403 268 1443 317 P:
1457 259 1536 295 281

97 313 296 361 asseruit,
324 313 493 352 reiicula
532 325 620 351 esse
648 313 779 352 debet.
837 312 1083 364 intelligitur
1109 311 1405 351 mediterranea
1430 311 1540 350 insu-

96 369 164 408 lae
192 368 310 415 urbs,
354 380 458 420 quae
488 366 659 419 Χύθροι
697 367 790 406 aliis
822 372 863 406 et
898 368 1067 408 concilio
1108 366 1352 408 Chalcedon.
1386 379 1425 429 Ρ,
1443 371 1539 407 671.

95 435 183 463 cum
227 427 366 462 nostro
402 423 500 462 facit
540 421 746 474 Spyridon
781 423 946 473 praesul
987 421 1185 468 Παλάιας
1223 415 1313 472 ἤτοι
1355 417 1542 473 Κὺθρων

97 477 139 518 in
167 478 345 518 Nicaeno
373 477 548 517 secundo
577 491 615 529 p.
646 480 725 517 351
758 482 799 515 et
823 480 918 517 571.

206 547 386 592 397218·
446 540 711 594 Καρπάσιον]
743 555 794 583 ex
823 543 1088 583 Constantino
1116 544 1352 596 recepimus,
1381 547 1542 583 senten-

95 599 194 640 tiam
226 601 271 640 la-
301 598 514 639 Holsteinii
547 598 587 637 in
618 597 868 649 Stephanum
908 600 1035 638 secuti
1069 600 1120 639 ob
1152 598 1272 640 Plinii
1299 601 1330 638 5
1355 601 1408 638 31
1438 599 1545 639 Car-

95 656 266 708 pasium.
322 653 448 695 ceteri
478 651 736 701 Καρπασίαν
763 654 950 705 probant.

207 718 316 762 lbid„
394 715 609 769 Κυρήνια]
654 715 871 770 Κυρήνεια
912 719 1209 769 Constantino,
1252 720 1462 773 Stephano
1502 722 1545 761 iu

98 772 223 827 Πηγή
254 775 401 816 dieitur
432 770 800 826 Kv9r1'vtoe‚quam
831 774 1043 814 Berkelius
1077 775 1352 827 imprudenter
1388 775 1545 814 Κηδω-

94 829 188 870 νίαν
217 843 307 871 esse
336 830 464 881 iussit,
494 828 656 868 Cretam
683 841 769 868 cum
800 829 861 879 Cy
864 843 936 881 pro
971 831 1232 871 confundens.
1291 843 1365 871 nec
1387 833 1542 873 dissen-

95 885 147 926 tit
173 886 446 938 Menologium
473 884 726 925 Carisianum
756 885 809 924 vl
844 885 955 925 Maii.
1031 885 1167 925 verior
1195 891 1341 936 tamen,
1370 888 1447 928 nisi
1482 889 1542 928 di-

95 953 241 982 versae
270 941 421 982 suerint
440 940 580 990 urbes,
612 940 691 979 erit
716 937 918 991 Κερυνία,
950 941 1061 980 cuius
1089 953 1166 982 rex
1186 938 1417 994 Κερυνίτης
1445 944 1544 983 Dio-

95 997 198 1036 doro
226 997 373 1037 dicitur
406 1000 458 1036 19
484 1008 523 1048 Ρ.
542 999 644 1044 701,
673 995 749 1034 etsi
780 996 887 1036 male
915 1009 956 1047 p.
976 999 1059 1036 ’704
1088 996 1304 1046 Κερυννιά
1331 1003 1372 1037 et
1400 1012 1438 1051 p.
1459 1003 1544 1040 719

98 1050 300 1103 Κερανία.
366 1056 549 1104 putarem
591 1063 672 1091 non
711 1051 833 1090 aliam
875 1051 994 1092 etiam
1027 1063 1116 1091 esse
1148 1057 1203 1092 20
1230 1066 1268 1105 p.
1288 1056 1371 1093 783
1402 1052 1468 1092 01
1456 1068 1544 1104 ρα

93 1106 209 1157 νι’,αν
237 1108 316 1149 nisi
344 1108 454 1148 illius
482 1106 749 1159 patrocinium
778 1107 944 1146 Nonnus
975 1108 1234 1159 profiteretur
1254 1112 1308 1148 13
1336 1111 1440 1150 452:
1474 1106 1548 1147 καί

98 1159 307 1214 Ου’ρανιής
335 1161 460 1200 πέδον
486 1161 623 1214 ἕδρης,
655 1159 848 1211 αἰθερίου
884 1174 1075 1206 κενεωνος
1102 1161 1331 1212 ἐπώνυμον.
1360 1165 1427 1205 ubi
1456 1178 1545 1205 cum

95 1218 318 1259 aetherium
347 1222 529 1258 ventrem
557 1221 734 1266 vertunt,
762 1230 840 1256 non
871 1216 971 1256 bene
987 1218 1038 1257 ad
1058 1218 1189 1258 Nonni
1218 1221 1544 1261 consuetudinem

93 1273 389 1327 dictionemque
418 1273 596 1313 animum
634 1272 861 1313 advertisse
894 1272 1095 1313 videntur.
1142 1271 1336 1324 αἰθέριον
1365 1276 1545 1314 κενεῶνα

95 1329 223 1381 ipsum
235 1330 434 1393 appellat
472 1329 648 1378 coelum,
675 1332 721 1367 ut
749 1333 778 1369 9
805 1331 860 1368 82
901 1324 1073 1377 χθόνιον
1102 1341 1280 1367 κενεωνα
1308 1334 1473 1380 terram,
1505 1337 1546 1372 et

93 1387 145 1425 41
175 1388 204 1425 3
230 1378 329 1437 ὅλης
365 1384 566 1430 κενεῶνας
605 1376 791 1436 α’ρουρης
819 1395 965 1436 agr08‚
999 1395 1252 1438 quamquam,
1283 1390 1328 1425 ut
1360 1399 1456 1427 vere
1484 1387 1545 1426 di-

94 1452 204 1492 cam,
231 1440 333 1481 satis
361 1441 596 1481 insolenter.

206 1505 315 1549 lbid.
388 1499 726 1558 Τριμιθούντων]
771 1504 843 1546 ch.
885 1505 1088 1546 Cellarius
1128 1505 1178 1547 G.
1208 1505 1256 1547 A.
1291 1510 1318 1547 3
1347 1511 1373 1547 7
1404 1521 1441 1560 p.
1464 1512 1547 1548 25¹6

101 1560 408 1614 Τριμιθοῦντον
433 1562 518 1615 legi
556 1573 676 1614 posse
697 1561 948 1612 arbitratur,
977 1561 1093 1601 sicuti
1121 1574 1173 1601 ex
1201 1563 1362 1613 Hydrus
1392 1564 1436 1603 fit
1468 1565 1546 1604 La-

93 1618 180 1658 tine
205 1618 479 1668 Hydruntum,
521 1629 575 1658 ex
607 1616 729 1669 Sipus
763 1616 1003 1669 Sipuntum;
1030 1617 1105 1667 cui,
1135 1617 1170 1657 si
1199 1630 1366 1671 usquam
1395 1619 1547 1659 Trimi-

93 1673 279 1714 tliuntum
308 1674 526 1725 legeretur,
554 1672 662 1712 haud
691 1672 911 1712 difficulter
932 1672 1218 1735 adstipularer.
1278 1674 1466 1714 videntur
1494 1674 1545 1714 li

92 1729 222 1770 brarii
265 1725 286 1766 ὃ
324 1723 643 1780 Τριμιθουντων
673 1727 857 1778 dedisse,
896 1732 940 1767 ut
969 1727 1054 1767 eius
1085 1727 1322 1781 episcopus,
1360 1730 1476 1769 sicuti
1504 1729 1547 1770 in

92 1784 186 1825 aliis
213 1783 377 1825 Notitiis
402 1783 567 1834 assolet,
594 1783 906 1836 intelligeretur,
933 1783 1040 1824 male
1057 1787 1203 1835 tamen,
1227 1783 1423 1837 siquidem
1443 1785 1546 1825 haec

92 1840 145 1881 ab
174 1838 452 1880 ecclesiastica
480 1838 617 1879 distat.

202 1916 312 1959 Ibid.
387 1912 651 1965 Λευκουσία]
702 1917 878 1957 diversis
918 1916 1017 1956 haec
1061 1916 1289 1956 nominibus
1335 1917 1412 1957 fuit
1457 1931 1545 1960 usa.

90 1973 358 2023 Hieronymus
388 1972 523 2012 Catal.
549 1972 700 2025 Script.
732 1973 886 2013 Eccles.
918 1985 951 2010 c.
981 1976 1058 2012 92:
1093 1971 1376 2025 Triphyllius‚
1406 1970 1544 2026 Cypri

91 2026 337 2071 Ledrensis
369 2030 463 2069 sive
483 2028 728 2073 Λευτεώνος
745 2030 994 2081 episcopua
1025 2026 1406 2081 eloquentissimus
1433 2040 1543 2069 suae

90 2087 253 2125 aetatis
284 2088 330 2125 et
357 2082 436 2124 sub
477 2095 579 2134 reqe
606 2081 864 2124 Constantio
907 2081 1218 2123 celeberrimus
1251 2081 1352 2134 suit.
1410 2084 1543 2124 Sozo-

89 2141 265 2180 menoH.
286 2140 332 2180 E.
361 2144 388 2179 1-
416 2143 470 2179 10
501 2139 755 2202 Τι’ἰΡΙιγΙΙίιιε
784 2138 867 2177 τῶν
897 2136 1078 2187 Λεὸρων
1109 2138 1280 2188 dicitur;
1307 2150 1422 2191 quem
1448 2140 1541 2180 liinc

89 2196 215 2236 fuisse
244 2208 296 2236 ex
334 2194 447 2234 Actis
477 2194 560 2234 eius
594 2207 627 2234 c.
658 2199 680 2234 1
712 2195 892 2246 colligo,
934 2193 1001 2232 ubi
1031 2170 1291 2255 Τριφύλλιος
1320 2192 1543 2257 ἐπίσκοπος

17 2297 22 2300 ¹
88 2248 363 2301 Λευκωσιᾝας
408 2248 481 2299 τῆς
527 2248 603 2287 νῦν
641 2247 937 2301 μητροπόλεως
971 2243 1163 2297 Κύπρου.
1198 2254 1238 2288 et
1267 2261 1300 2287 c.
1328 2252 1382 2290 3:
1410 2246 1543 2304 ψήφω

86 2302 183 2343 &ela
223 2304 295 2356 τῆς
338 2283 683 2354 Καλλινικήσεων
710 2303 788 2353 μὲν
814 2303 932 2353 πρίν,
972 2302 1047 2340 νῦν
1081 2301 1128 2340 δὲ
1159 2305 1412 2350 Λευκωσίας
1442 2317 1543 2355 7190-

85 2345 333 2411 χαρίζεται.
365 2373 446 2400 ιιοιι
468 2359 645 2400 diffiteor
662 2358 980 2412 papebrochium
999 2362 1093 2398 tom.
1116 2361 1144 2398 2
1169 2360 1242 2399 Iul.
1267 2373 1306 2412 Ρ.
1324 2364 1408 2401 682
1438 2361 1542 2400 duos

86 2416 205 2456 nobis
220 2415 457 2478 Triphylios
479 2426 568 2454 esse
588 2419 863 2461 commentum,
895 2425 1062 2466 quorum
1076 2414 1183 2454 alter
1197 2415 1418 2456 Ledrorum
1432 2416 1540 2456 alter

86 2471 307 2512 Leucosiae
326 2470 451 2512 fuerit
475 2471 664 2522 praesul3
691 2470 759 2523 qui
780 2470 815 2509 si
836 2469 886 2509 ad
907 2481 957 2509 ea
977 2469 1216 2510 attendisset
1235 2483 1338 2523 quae
1355 2484 1407 2512 ex
1426 2472 1540 2512 Actis

86 2527 132 2568 S·
171 2526 414 2579 Spyridonis
453 2525 690 2566 Lambecius
727 2525 835 2565 Bibl.
879 2524 1048 2565 Caesar.
1077 2527 1106 2564 8
1135 2538 1174 2577 Ρ.
1195 2529 1277 2566 311
1320 2527 1538 2588 excerpsit,

85 2593 174 2622 eam
202 2582 311 2622 haud
339 2581 457 2621 dubie
485 2581 756 2621 coniecturam
789 2581 1049 2620 damnasset·
1082 2579 1181 2621 inibi
1209 2581 1313 2621 enim
1350 2577 1536 2633 Τριφυλ-

85 2637 174 2683 λιος
201 2635 423 2679 ἐπίσκοπος
451 2633 523 2685 τῆς
548 2634 885 2686 Καλλινικήσεων
914 2632 1072 2680 πόλεως
1101 2628 1191 2686 ἤτοι
1212 2635 1392 2675 Λευκῶν
1425 2636 1538 2674 θεῶν

85 2689 206 2743 ἁγίας
229 2691 302 2731 τοῦ
329 2690 433 2729 θεοῦ
463 2690 708 2743 ἑκκλησιας,
737 2704 841 2745 quae
870 2691 1078 2744 perspicue
1106 2692 1253 2731 docent
1279 2692 1320 2732 in
1338 2692 1537 2750 Triphyl-

179 2776 297 2809 Const-
325 2773 454 2819 Porph.
1221 2773 1266 2805 33
