1780 3132
335 141 389 179 ΙΝ
424 137 743 180 SYNECDEMU
750 140 791 179 Μ
832 135 1275 179 COMMENTARIUS.
1434 132 1528 177 525

89 250 266 299 Παῦλος
299 249 451 303 Τύριος
479 253 692 308 siguificat.
759 252 853 294 vide
880 252 1081 293 Norisium
1112 251 1208 292 diss.
1239 251 1290 291 de
1322 249 1473 304 Epoch.
1503 253 1532 292 5

88 321 128 362 Ρ.
145 310 230 350 396
255 311 296 348 et
323 308 542 360 Spanhem.
575 310 746 349 Dissert.
774 313 803 349 9
832 308 883 347 de
911 308 978 348 Us.
1006 308 1057 347 de
1084 308 1243 348 Praest.
1271 307 1319 348 N.
1350 320 1389 360 Ρ.
1408 308 1504 347 588.

198 378 387 426 398,11.
436 372 658 432 Βηουτός]
700 375 1011 427 metropolitano
1050 374 1210 415 nomine
1257 387 1306 415 ac
1333 374 1534 428 dignitate

89 429 295 471 civitatem
323 422 513 480 Berytum
545 435 818 472 exornaverat
833 430 1085 471 Theodosius
1117 430 1313 470 secundus
1339 431 1368 471 l.
1398 444 1465 471 un.
1497 444 1532 472 c.

88 486 140 526 de
169 491 339 539 metrop.
369 486 533 536 Beryt.;
564 499 643 539 qua
670 498 717 526 re
748 486 984 525 Eustatbius
1014 486 1126 526 urbis
1156 486 1241 525 eius
1269 487 1433 538 praesul
1465 499 1535 526 ac-

89 553 234 582 census
264 541 484 581 Phoenices
511 542 632 582 urbes
657 540 815 591 Byblon
852 540 1006 590 Bon-yn
1034 541 1221 594 Tripolin
1253 541 1534 582 orthosiadem

87 596 219 637 Arcas
232 601 352 650 atque
365 596 603 637 Antaradon
619 596 707 646 sibi,
722 600 861 649 utpote
875 608 1007 636 novae
1023 596 1236 649 metropoli
1252 597 1534 649 subiiciendas,

88 652 322 693 vindicavit.
341 657 483 691 contra
499 652 609 692 venit
622 651 786 691 Photius
796 652 1012 701 Tyriorum
1028 652 1206 704 praesul,
1220 657 1459 705 questusque
1473 659 1535 694 est

88 707 271 761 patribus
301 706 699 748 chalcedonensibus
729 707 781 747 ab
810 706 1024 747 Eustathio
1055 707 1243 747 iniuriam
1271 708 1348 748 sibi
1376 708 1534 750 illatam

88 774 360 816 canonemque
374 763 541 802 Nicaeni
571 761 690 814 primi
718 762 876 802 concilii
906 766 1093 815 quartum
1108 767 1300 814 proterve
1323 775 1412 803 esse
1439 776 1536 816 pro-

88 817 300 859 culcatum.
358 821 497 870 patres
526 817 742 857 secundum
760 817 942 857 Photium
975 818 1086 857 litem
1114 818 1275 868 dedere,
1306 818 1534 860 iusserunt-

89 884 167 928 que
195 873 349 923 Tyrum
391 884 480 912 esse
507 873 774 925 metropolin,
803 872 995 923 Berytum
1023 885 1122 913 vero
1149 873 1250 913 nihil
1277 879 1441 925 praeter
1470 887 1536 915 ce-

87 935 201 970 teras
231 927 468 981 provinciae
495 928 617 969 urbes
647 927 724 968 sibi
751 940 907 967 sumere
925 941 964 979 p.
979 931 1074 968 622.
1132 929 1237 968 adde
1251 927 1534 971 Balsamonem

87 985 131 1026 in
160 995 249 1024 ean.
263 987 319 1031 29
345 982 590 1025 Chalcedon.
619 983 779 1023 concilii
806 983 912 1034 apud
929 983 1192 1036 Beveregium
1221 988 1314 1024 tom.
1341 986 1358 1024 1
1388 998 1427 1037 Ρ.
1441 989 1534 1027 148.

88 1041 209 1094 plura
236 1039 327 1081 ltin.
360 1039 408 1079 Η.
436 1052 476 1092 Ρ.
491 1041 577 1080 583
606 1043 646 1078 et
676 1038 728 1078 de
759 1038 1016 1091 sequentibus
1045 1039 1140 1080 Ant.
1168 1039 1259 1080 ltin.
1287 1053 1327 1092 p.
1359 1044 1453 1081 148.

199 1103 312 1148 lbid.
366 1100 576 1158 Βόστρυς]
606 1106 700 1158 lege
726 1101 890 1153 Βότρυς
918 1109 958 1145 et
981 1102 1168 1168 Βύβλος,
1196 1105 1272 1146 etsi
1301 1106 1353 1144 Βι
1350 1104 1455 1155 ’βλοζ
1483 1107 1537 1147 sit

87 1159 552 1270 :gsssctligssfflnalcedon-
582 1174 622 1213 p.
643 1163 740 1211 618,
769 1156 958 1212 Βόστους
983 1160 1026 1201 in
1054 1160 1284 1215 Cbronogr.
1315 1162 1536 1215 Theopha-

200 1281 311 1325 Ihm.
341 1286 407 1324 12.
460 1279 629 1335 Ἀρκαι[
657 1286 766 1323 recte
792 1294 896 1332 mSS‚
926 1286 971 1322 ut
999 1282 1104 1324 alias
1133 1282 1318 1326 diximus,
1349 1284 1538 1325 Amelius

89 1340 230 1382 Victor
261 1339 413 1390 duplex
434 1337 496 1379 illi
527 1351 672 1378 nomen
710 1338 837 1378 fuisse
865 1338 999 1378 Areae
1040 1343 1080 1379 et
1111 1338 1341 1381 Caesareae
1368 1341 1409 1380 in
1441 1340 1538 1380 Ale-

89 1394 250 1438 xandro
279 1393 435 1435 Severo
466 1398 706 1442 asseverat3
735 1404 900 1446 cumque
929 1394 1026 1434 urbs
1052 1394 1208 1435 Libano
1238 1396 1361 1435 fuerit
1391 1396 1537 1445 vicina,

90 1451 149 1492 uti
178 1449 305 1490 Gesta
335 1449 539 1490 Tancredi
575 1462 609 1490 c.
641 1450 723 1489 105
765 1448 960 1499 indicant,
989 1449 1096 1490 haud
1118 1451 1350 1513 spernenda
1378 1451 1539 1491 videtur

89 1507 138 1548 N.
169 1503 330 1556 Haymii
369 1504 620 1555 coniectuiffa
651 1516 731 1558 qua
759 1516 920 1545 numum
950 1481 1197 1557 Καισαρίας
1224 1501 1416 1557 Λιβάνου
1446 1506 1538 1546 huic

89 1562 233 1603 tribuit
259 1565 354 1600 tom.
383 1560 402 1599 1
430 1559 553 1601 Thes.
582 1536 739 1601 Britan.
766 1573 805 1613 p.
824 1562 920 1600 252.

195 1622 866 1677 1ῠὶἀ.Ὀρθοσιὰς]Ὀρθωσιάς
886 1625 1022 1666 vicina
1046 1625 1168 1667 fluvio
1185 1626 1406 1667 Eleuthero
1429 1628 1536 1680 apud

88 1682 333 1725 Strabonem
360 1686 416 1723 16
443 1695 481 1734 Ρ.
499 1685 595 1722 753.
652 1682 747 1722 vide
785 1682 919 1722 Noris.
952 1681 1105 1734 Epoch.
1134 1683 1231 1722 diss.
1261 1687 1300 1723 2.
1330 1697 1368 1736 Ρ.
1387 1687 1480 1724 103.

198 1746 308 1790 Ιὸἰά.
354 1741 560 1800 ’Ἀραδος1
598 1748 667 1789 uni
703 1749 893 1800 episcopo
923 1747 1104 1788 Aradum
1131 1752 1252 1801 atque
1282 1749 1537 1790 Antaradum

88 1803 272 1846 subditas
299 1804 426 1845 fuisse
464 1803 569 1845 Acta
606 1804 749 1845 concil.
792 1803 987 1856 Ephesini
1028 1807 1067 1842 et
1108 1802 1354 1844 Chalcedon.
1397 1809 1537 1844 vetant

87 1859 301 1910 dubitare3
331 1872 405 1900 nec
436 1859 543 1899 iusta
572 1863 707 1900 tamen
749 1862 969 1911 propterea
998 1857 1100 1898 haec
1129 1859 1325 1899 Harduini
1355 1860 1538 1900 animad-

88 1916 236 1956 versio.
292 1917 338 1956 in
367 1913 551 1965 Neritia,
579 1915 638 1955 ait
667 1915 708 1955 in
723 1915 836 1955 Num.
851 1914 944 1954 Ant.
961 1914 1138 1963 Illustr„
1168 1912 1393 1956 Hieroclis
1423 1912 1536 1955 Ara-

89 1970 172 2012 dus
199 1974 244 2011 et
258 1967 512 2011 Antaradus
543 1981 626 2010 cea
653 1969 736 2011 duo
764 1970 941 2011 diversa
971 1969 1143 2034 oppida,
1189 1969 1434 2024 episcopali
1463 1970 1536 2011 de-

88 2037 194 2067 core
227 2027 427 2080 insiynia,
457 2025 738 2079 appellantur
780 2027 825 2066 in
857 2026 1084 2078 provincia
1114 2023 1375 2066 Phoeniciae
1401 2038 1536 2079 para-

86 2079 177 2123 liae
203 2083 297 2123 sive
323 2083 579 2133 maritimae,
610 2081 743 2122 credo
764 2079 978 2131 mendose,
1009 2091 1105 2120 cum
1135 2082 1359 2135 utriusque
1389 2081 1538 2135 oppidi

87 2148 212 2178 unum
259 2135 405 2189 fuisse
450 2114 690 2178 antistitem
730 2138 883 2176 merito
927 2137 1200 2188 suspicemur
1243 2148 1303 2176 em
1347 2136 1538 2201 episto-la

88 2191 378 2234 Orientalium
407 2197 461 2233 13
485 2194 531 2233 in
557 2194 760 2233 auctario
780 2190 1040 2232 Ίήεοᾱονρτὶ
1070 2204 1108 2243 p.
1125 2194 1219 2232 564.
1277 2205 1406 2246 neque
1433 2194 1537 2233 enim

88 2248 366 2289 ecclesiastica
397 2247 694 2297 haecNotiti·1;
724 2248 867 2287 nedum
896 2246 1030 2286 omnia
1059 2247 1219 2298 oppida,
1249 2259 1352 2300 quae
1382 2248 1537 2299 Smen-

87 2303 204 2344 demo
234 2304 525 2356 comprehensa
550 2308 670 2353 sunt,
701 2315 795 2342 suos
817 2301 895 2342 sibi
921 2301 1132 2354 episcopos
1148 2302 1387 2345 hubuerunt.
1417 2305 1538 2357 plura

87 2359 178 2399 ltin.
209 2357 302 2399 Ant.
399 2362 492 2398 148.

198 2412 308 2454 Ibid.
331 2373 370 2412 p
378 2414 689 2462 Κωνσταντιία]
738 2424 933 2465 nusquam
974 2423 1061 2451 eam
1102 2413 1285 2480 reperio,
1314 2426 1540 2480 vereorque

87 2480 140 2508 ne
165 2469 261 2521 quid
291 2468 357 2508 bic
394 2481 420 2508 a
449 2468 630 2508 librariis
668 2469 721 2508 sit
750 2469 990 2519 neglectum.
1056 2468 1091 2508 si
1114 2465 1372 2518 Ἀντάραδος
1411 2463 1436 2519 ἦ
1468 2466 1540 2507 καὶ

89 2523 366 2563 Κωνσταντία
395 2523 616 2575 legeretur,
644 2524 762 2563 salva
791 2536 858 2562 res
885 2523 1014 2566 foret:
1044 2523 1307 2565 Constantius
1336 2525 1440 2565 enim
1469 2536 1540 2564 ur-

88 2579 178 2620 bem
208 2579 477 2618 instauratam
498 2591 569 2618 suo
598 2579 757 2618 nomine
782 2578 962 2619 donavit.
1020 2580 1291 2644 Theophanes
1306 2580 1537 2632 Chronogr.

88 2647 128 2687 Ρ.
148 2637 230 2674 31:
259 2633 332 2671 καί
352 2630 472 2671 no'hv
500 2629 658 2672 ἔκτισεν
688 2633 733 2672 ἐν
755 2633 804 2686 τῇ
835 2632 1028 2688 Φοινίκῃ,
1063 2630 1112 2684 ἢν
1146 2634 1439 2674 Κωνσταντίαν
1468 2634 1539 2672 κέ-

88 2691 259 2742 κληκεν,
303 2683 379 2741 τήν
415 2683 616 2742 πρότερον
658 2689 842 2739 καλεόυμ
822 2702 917 2740 νην
957 2676 1222 2743 Ἀντάοαὸον.
1294 2695 1415 2745 atquc
1446 2690 1538 2731 hinc
