1780 3132
302 167 374 207 DE
411 163 856 207 ADM1N18TRANDO
906 162 1128 205 IMPERIO
1171 162 1291 204 CAP.
1330 165 1397 206 51.
1487 152 1579 203 235

149 264 357 319 βασιλεύς.
414 267 466 306 δι’
493 261 567 306 οὖν
593 265 664 307 τὸν
697 263 852 319 τρόπον
879 265 1025 305 τοῦτον
1056 264 1224 317 ἑποιήσε
1252 262 1376 304 Λέων
1404 257 1424 300 ὃ
1455 253 1585 298 ἀοίδι-

147 345 226 383 μος
257 331 329 372 καί
355 329 599 385 σοφώτατος
627 329 823 383 βασιλεὺς
857 327 903 371 τὸ
954 329 1211 384 δρομώνιον,
1252 329 1325 370 καί
1357 321 1465 378 μετά
1491 339 1583 364 τινα

148 394 296 450 καιρὸν
325 397 493 450 ἐποίησε
522 395 593 437 καί
623 397 763 449 ἕτερον
791 395 1043 450 δρομαὶνιον,
1074 393 1099 434 ὃ
1129 396 1202 436 καί
1230 391 1425 446 δεύτερον
1452 405 1584 442 προσ-

148 458 353 517 ηγορεῦθη
389 463 462 504 καί
496 459 736 509 ἀκολούθως
756 456 994 515 ω’νομοὶσθη.
1049 461 1122 501 καί
1142 458 1222 515 γὰρ
1248 461 1306 507 εἷς
1324 455 1587 512 μακρόκενσα

117 526 274 584 ὃᾶπῄει
304 525 326 568 ὅ
363 526 569 581 μακάριος
607 521 725 575 οὗτος
759 524 968 581 βασιλεύς,
1002 520 1087 567 οἷον
1115 528 1173 574 εἰς
1203 522 1500 577 Νικομήδειαν,
1529 521 1589 570 εἰς

149 591 221 635 τὸν
251 587 465 645 ’Όλυμπον
484 627 494 647 ,
531 594 590 641 εἰς
623 591 674 634 τὰ
703 589 883 633 Πύθια·
934 590 1007 632 καί
1043 591 1112 632 διὰ
1142 594 1261 633 τοῦτο
1287 587 1591 643 ἐπετηδεύσατο

149 656 213 700 τά-
235 658 310 700 δύο
341 657 553 713 δρομώνια
583 659 642 706 εἰς
670 657 900 712 ὑπηρεσίαν
928 659 1001 699 καί
1027 657 1267 698 ἀνάπαυσιν
1299 657 1428 697 αὕτοῦ
1450 668 1493 695 τε
1523 651 1594 693 καί

149 726 230 766 τῶν
261 723 474 779 ἀρχόντων
512 725 659 765 αὐτοῦ.
718 720 917 772 πολλάκις
955 722 1034 777 γὰρ
1067 724 1341 776 ἐξερχομένου
1370 720 1504 761 αὐτοῦ
1534 718 1593 766 εἰς

150 789 203 832 τὰ
230 793 401 845 πλησίον
429 789 659 844 πρόκενσα,
699 788 774 842 την
801 789 902 841 μίαν
927 790 1072 830 οὐσίαν
1099 790 1400 840 κατελίμπανεν
1436 787 1495 832 εἰς
1522 782 1594 824 τὸν

96 855 422 909 1οἹππόδρομον
462 853 563 909 πρὸς
600 856 780 911 φύλαξιν
815 857 891 895 τοῦ
923 857 1145 908 παλατίου,
1174 853 1243 895 διὰ
1274 851 1321 894 τὸ
1352 852 1489 905 τάγμα
1517 850 1595 891 τοῦ

153 921 343 975 ἀριθμοῦ
381 920 483 964 κατὰ
526 919 600 963 τόν
645 919 983 975 ἐπικρατήσαντος
1006 918 1185 961 παλαιὸν
1219 918 1346 961 τύπον
1382 915 1488 969 μετὰ
1517 916 1596 957 τοῦ

151 987 395 1038 δομεστίκου
425 988 509 1029 τῶν
537 989 698 1040 σχολῶν
725 983 967 1041 ταξιὸεύειν,
995 986 1068 1027 καί
1096 986 1415 1037 ε’ναπομένοντες
1440 982 1499 1031 εἰς
1523 979 1593 1022 τὸν

144 1049 422 1107 ’ἱππόδρομον
459 1054 695 1103 συνεξιοῧσι
734 1050 839 1094 κατὰ
879 1053 1008 1094 τύπον
1045 1056 1131 1101 τοῖς
1164 1051 1408 1104 βασιλεῦσιν
1449 1050 1508 1096 εἰς
1543 1045 1591 1089 τὰ

127 1115 374 1171 -πρόκενσα.

98 1192 140 1227 15
248 1180 338 1227 Ὅτι
365 1185 410 1235 ἐξ
433 1185 567 1238 α’ρχῆς
585 1183 658 1225 καί
676 1177 839 1225 ἄνωθεν
854 1180 1070 1236 βασιλικὸν
1096 1177 1295 1238 ὄφφίκιον
1317 1176 1367 1235 ἦν
1397 1182 1456 1237 τῷ
1482 1195 1599 1233 πρω-

150 1253 422 1307 τοσπαθαρίῳ
461 1251 536 1303 τῆς
578 1247 763 1304 φιάλης·
822 1243 944 1297 οὗτος
976 1250 1021 1289 δὲ
1054 1245 1075 1288 ὅ
1120 1245 1494 1301 πρωτοσπαθάριος
1530 1246 1600 1299 τῆς

151 1313 309 1370 φιάλης
335 1313 552 1368 ἐπεκράτει
591 1314 664 1355 καί
702 1309 815 1367 εἶχεν
851 1313 923 1354 ὑπ’
960 1313 1090 1355 αὐτὸν
1127 1314 1283 1361 πάντας
1320 1310 1416 1360 τούς
1448 1309 1600 1358 ἐλάτας

151 1382 232 1422 τῶν
259 1382 488 1434 βασιλικῶν
527 1380 742 1434 οἶγραρίων
782 1376 969 1435 ῥουσίων
999 1394 1044 1420 τε
1074 1378 1147 1421 καί
1171 1376 1359 1433 μαύρων,
1390 1373 1491 1418 ἄνευ
1519 1379 1600 1417 τῶν

153 1446 368 1501 α’γραρίων
394 1448 467 1501 τῆς
495 1443 774 1500 Αὕγούστης’
830 1443 883 1487 τά
909 1445 987 1499 γὰρ
1022 1445 1207 1499 οἷγροίρια
1244 1447 1319 1498 τῆς
1348 1440 1601 1496 Αιῖγούστης

97 1512 204 1556 :torui
230 1527 273 1554 τε
305 1510 459 1568 ῥούσια
487 1514 560 1553 καί
585 1513 732 1566 μαῦρα
753 1510 970 1566 ἐπεκράτει
989 1514 1061 1553 καί
1080 1510 1317 1562 ἐξουσίαζεν
1344 1509 1365 1551 ὅ
1394 1510 1468 1562 τῆς
1497 1525 1600 1562 τρα-

151 1579 277 1631 πέζης
302 1578 376 1633 τῆς
390 1576 650 1632 Αὕγούστης.
680 1579 751 1619 ἑπί
779 1579 825 1619 δὲ
849 1579 934 1634 τῆς.
951 1578 1167 1631 βασιλείας
1189 1579 1373 1624 Λέοντος
1400 1576 1477 1615 τοῦ
1510 1574 1600 1614 οἷοι-

151 1644 277 1696 δίμου
315 1642 386 1685 καὶ
409 1641 655 1699 σοφωτάτου
682 1645 888 1696 βασιλέως
916 1643 1272 1697 καινουργηθέντα
1307 1639 1356 1683 τά
1387 1639 1600 1696 δρομώνια

150 1710 335 1751 κελεύσει
362 1711 556 1766 βασιλικῇ
595 1705 704 1762 εἶχεν
734 1708 756 1750 ὅ
791 1705 916 1758 αὐτὸς
943 1709 1317 1765 πρωτοσπαθάριος
1343 1710 1415 1762 τῆς
1444 1705 1599 1762 φιάλης

246 1851 288 1885 11
313 1851 566 1899 ἑπικρατῆσαν
591 1853 640 1894 Μ,
664 1852 774 1900 idque
799 1859 882 1900 post
905 1854 1022 1891 τύπον
1139 1853 1182 1888 12
1205 1853 1501 1900 ἐναπομένοντος
1530 1851 1569 1885 Μ

151 1963 377 1997 cubiculariis
409 1976 498 2010 quos
531 1965 723 2010 imperator
755 1966 925 2000 iussisset.
974 1966 1040 1999 hac
1073 1966 1194 2011 itaque
1231 1965 1277 1998 de
1302 1975 1406 1998 causa
1432 1966 1504 1999 Leo
1530 1964 1595 1998 iile

150 2010 349 2056 praeclarus
376 2022 416 2043 ac
438 2013 719 2057 sapientissimus
746 2015 938 2059 imperator
963 2013 1185 2047 dromonium
1214 2012 1318 2054 secit;
1348 2018 1384 2045 et
1409 2013 1619 2056 aliquanto,

150 2063 231 2103 post
255 2058 405 2091 alterum
430 2070 575 2105 quoque
599 2060 824 2093 dromonium
850 2061 926 2093 fieri
951 2061 1096 2100 curavit,
1124 2059 1222 2105 quod
1248 2058 1440 2092 secundum
1466 2061 1594 2105 appel-

152 2105 262 2137 latum
297 2115 437 2150 semper
463 2117 596 2140 nomen
635 2107 793 2141 retinuit.
843 2119 949 2152 saepe
986 2107 1080 2140 enim
1109 2107 1301 2151 imperator
1336 2106 1394 2139 hic
1430 2106 1594 2150 longiora

150 2151 280 2185 itinera
302 2151 525 2195 instituebat,
551 2154 662 2187 veluti
688 2155 931 2188 Nicomediam
957 2161 1018 2188 aut
1035 2154 1225 2198 Olympum
1249 2163 1367 2186 versus
1393 2159 1428 2187 et
1446 2153 1596 2197 Pythia3

153 2197 381 2243 quamobrem
407 2201 514 2233 etiam
539 2199 628 2234 haec
652 2201 836 2234 dromonia
866 2202 1002 2247 paravit
1025 2201 1063 2234 in
1090 2213 1190 2234 suum
1215 2212 1254 2233 ac
1278 2201 1477 2246 principum
1506 2213 1591 2234 suo-

154 2255 230 2278 rum
259 2256 360 2278 usum
397 2257 437 2278 ac
468 2248 702 2281 commodum.
752 2249 958 2294 frequenter
985 2260 1068 2281 vero
1100 2260 1179 2281 cum
1204 2259 1276 2281 non
1299 2248 1347 2281 ita
1375 2249 1482 2292 longe
1507 2259 1595 2293 pro-

154 2290 309 2325 fecturus
346 2298 463 2334 esset,
489 2301 625 2339 partem
661 2307 766 2328 unam
800 2297 837 2328 iu
865 2294 1110 2341 Hippodromo
1146 2295 1374 2340 relinquebat
1399 2295 1446 2328 ad
1468 2296 1594 2340 palatii

151 2337 359 2379 custodiam,
386 2339 471 2384 quia
492 2341 543 2374 ibi
567 2342 635 2374 iam
666 2354 709 2375 ex
738 2344 887 2388 antiquo
912 2353 1007 2376 more
1031 2343 1171 2375 numeri
1195 2341 1320 2375 cohors
1347 2354 1426 2375 cum
1451 2342 1594 2376 schola-

153 2395 227 2417 rum
255 2383 449 2419 domestico
487 2388 526 2420 in
564 2389 743 2434 praesidio
769 2401 871 2432 agere
897 2389 1082 2432 solebant3
1111 2401 1262 2435 cumque
1287 2390 1325 2422 in
1348 2389 1595 2434 Hippodromo

151 2437 338 2464 manerent
362 2433 431 2466 ritu
456 2435 575 2476 solito,
603 2448 674 2469 una
699 2448 777 2469 cum
798 2436 1070 2481 imperatoribus
1094 2437 1132 2470 in
1157 2448 1358 2481 processum
1385 2436 1592 2482 pergebant.

247 2478 408 2512 Primitus
433 2491 515 2515 vero
543 2483 648 2516 etiam
672 2484 856 2528 imperiale
892 2484 1048 2516 officium
1073 2484 1218 2527 gerebat
1242 2483 1382 2517 Phiatae
1407 2490 1594 2529 protospa-

153 2523 301 2564 tharius,
329 2524 556 2573 habebatque
581 2529 646 2562 sub
672 2542 735 2563 sua
762 2536 939 2575 potestate
965 2531 1110 2574 remiges
1140 2542 1260 2564 omnes
1285 2531 1500 2576 agrariorum
1524 2532 1595 2563 im-

153 2571 326 2616 peratoris
365 2578 434 2606 tam
475 2586 693 2609 russaeorum
719 2589 825 2622 quam
850 2578 1050 2622 nigrorum,
1078 2578 1238 2624 exceptis
1265 2578 1308 2611 iis
1334 2589 1425 2624 quae
1450 2578 1496 2612 ad
1521 2579 1595 2611 Au-

153 2624 287 2662 gustam
305 2620 552 2663 pertinebant:
579 2623 646 2656 ista
673 2626 766 2658 enim
793 2625 866 2657 sive
895 2635 1034 2657 russaea
1063 2626 1135 2658 sive
1161 2625 1260 2669 nigra
1284 2625 1348 2658 sub
1365 2626 1477 2671 ipsius
1494 2637 1595 2658 men-

154 2664 433 2718 toe'domestico
458 2675 569 2702 erant.
618 2670 680 2703 sed
717 2682 795 2705 cum
829 2671 894 2704 sub
930 2673 1048 2705 Leone
1076 2673 1256 2717 praeclaro
1293 2672 1358 2706 illo
1384 2684 1423 2706 ae
1449 2673 1596 2718 sapien-

155 2717 288 2746 tissimo
327 2714 540 2759 imperatore
574 2717 758 2752 dromonia
797 2719 949 2764 primum
981 2719 1241 2754 conficerentur
1273 2720 1450 2766 imperiali
1487 2720 1594 2759 iussu,
