1780 3132
324 152 379 191 ιΝ
417 150 781 192 SYNECDEMUM
825 151 1267 194 conmEN'rAfflUs.
1417 146 1508 194 529

79 257 229 314 1422,
260 274 373 303 suum
414 263 490 304 sibi
518 267 676 316 portum
704 265 865 316 habuit,
895 266 1081 318 episcopo
1111 277 1236 318 aeque
1264 278 1312 305 ac
1335 266 1518 307 Ascalon.

78 319 326 360 subiectum:
366 319 580 359 subscribit.
609 320 712 359 enim
741 322 938 372 rescripto
969 321 1130 360 loannis
1162 321 1512 370 Hierosolymitani

80 375 133 415 ud
160 375 350 414 loannem
380 373 684 426 constantinop.
717 379 757 413 et
783 375 980 414 Antonius
998 376 1236 416 Ascalonius
1267 382 1308 415 et
1335 376 1513 428 Stepha-

78 441 156 471 nus
181 429 382 469 Maiumae
410 429 620 469 Ascalonis
644 433 801 470 tom.11
832 429 986 470 concil.
1003 431 1128 470 Labb.
1155 444 1193 483 Ρ.
1212 435 1307 471 376.
1336 432 1512 472 Maiuma

78 489 211 534 ¹autem
237 484 451 524 Ascalonis
489 485 572 523 eius
614 489 754 537 portus
794 490 881 534 est,
911 491 954 524 ut
984 486 1158 524 Maiuma
1200 486 1443 526 Gazensium
1473 494 1513 527 et

78 539 256 580 Maiuma
286 539 573 589 Alexandriae,
603 551 720 592 quam
751 540 867 587 alias,
897 540 1089 579 hactenus
1128 540 1257 579 minus
1284 546 1434 590 notam,
1462 542 1513 582 il-

76 595 275 635 lustrabo.
333 594 383 633 de
410 594 711 646 Eleutheropoli
740 599 780 635 et
806 595 962 646 ceteris,
1003 605 1102 648 quas
1129 595 1303 636 intactas
1328 602 1514 649 praeter-

78 661 142 702 eo,
171 649 265 689 vide
289 649 338 690 Η.
371 650 607 690 Relandum.

187 717 364 764 398,19
421 712 553 754 ,Αἰλία
583 711 607 765 ἦ
639 713 711 752 καί
732 712 1016 763 Ἱεροσόλυμα]
1047 718 1157 753 recte
1177 714 1234 754 ita
1267 727 1327 754 ms
1353 717 1518 769 Lugdu-

79 769 228 811 nensis.
285 770 427 810 Aeliae
455 783 599 810 nomen
631 770 849 810 diutissime
882 769 1170 818 Hierosolymis
1201 769 1344 811 haesit.
1393 773 1518 814 loan-

80 838 154 866 nes
181 825 490 890 Chrysostomus
518 830 621 865 orat.
635 827 663 864 5
695 825 736 864 in
767 825 937 864 ludaeos
965 837 1003 876 Ρ.
1022 826 1104 864 645
1135 824 1195 865 ed.
1226 837 1377 866 novae:
1404 826 1517 864 ἐπει-

77 876 129 932 δὴ
161 876 242 930 γὰρ
273 875 424 925 Αἴλιος
453 876 474 917 ό
500 877 719 929 ‘Ad9tavog
749 874 1042 929 ἐχρημάτισεν,
1073 874 1180 916 ου’τω
1201 892 1268 916 και
1301 876 1375 930 τήν
1403 878 1521 920 πόλιι

78 935 300 974 καλεῖσθαι
327 933 634 986 ἐνομοθέτησεν,
664 933 824 972 §uf-9⁶¹2
854 946 895 970 τε
912 932 1045 972 Αἰλία
1074 933 1201 983 μέχρι
1232 931 1304 972 καὶ
1330 935 1405 974 νῦν
1435 932 1520 974 ὀνο-

78 986 269 1039 μάζεται.
324 990 464 1042 plura,
511 1002 613 1043 quae
640 990 678 1029 in
710 991 771 1028 Iu
768 988 919 1028 riniani
960 1001 1083 1041 usque
1113 994 1284 1029 aetatem
1317 1002 1405 1031 eum
1430 992 1521 1031 urbi

78 1045 236 1086 titulum
268 1045 438 1085 durasse
466 1046 691 1091 adfirmant,
720 1045 800 1084 Be»
805 1056 965 1096 elegius
994 1044 1035 1083 in
1069 1056 1157 1084 can.
1175 1048 1200 1083 7
1216 1045 1380 1086 Nicaeni
1402 1047 1520 1098 primi

81 1100 355 1141 coacervavit.
413 1101 518 1140 adde
546 1101 680 1140 Vales.
709 1099 751 1139 iu
781 1100 927 1139 Euseb.
961 1099 1008 1139 H.
1040 1098 1091 1138 Ε.
1122 1103 1148 1138 7
1181 1101 1220 1138 5.

188 1163 298 1206 Ibid.
328 1169 394 1206 20.
454 1161 626 1216 Λιβιὰς]
659 1166 753 1205 οΙίιιι
770 1165 1001 1214 Betharam,
1027 1169 1128 1204 teste
1159 1164 1346 1217 Eusebio,
1376 1166 1446 1206 sed
1478 1168 1520 1207 iu

78 1219 222 1261 Liviae
248 1220 458 1273 Augustae
487 1221 677 1261 honorem
711 1233 816 1260 novo
848 1221 965 1259 titulo
996 1220 1203 1259 decorata.
1262 1226 1380 1261 erant
1411 1223 1521 1262 circa

77 1287 189 1327 eam,
225 1276 342 1316 trans
367 1277 579 1316 Iordanem
619 1281 659 1315 et
687 1279 739 1315 12
767 1276 821 1316 M.
866 1275 907 1314 P.
952 1275 1003 1314 ab
1051 1274 1308 1315 Hierichunte
1335 1277 1518 1328 positam,

78 1330 226 1371 balnea
252 1343 446 1383 aquarum
468 1332 701 1372 calidarum.
759 1330 985 1383 Gregorius
1007 1330 1256 1369 Turonensis
1283 1330 1471 1371 Miracul.
1495 1337 1513 1370 1

82 1389 158 1426 18:
187 1389 288 1427 sunt
317 1390 459 1427 autem
483 1390 527 1427 et
554 1386 611 1427 ad
631 1384 821 1427 Liviada
842 1386 1062 1426 civitatem
1088 1396 1227 1438 aquae
1257 1385 1442 1438 calidae,
1475 1389 1520 1427 in

79 1439 233 1494 quibus
262 1439 391 1482 lesus
423 1440 546 1484 Nave
586 1440 737 1482 lavare
776 1439 937 1482 solitus
969 1443 1091 1487 erat;
1121 1438 1192 1480 ubi
1227 1440 1431 1482 similiter
1459 1441 1520 1482 le·

77 1498 203 1549 prosi
231 1496 499 1537 mundantur.
555 1501 624 1537 est
652 1500 793 1537 autem
823 1495 877 1536 ab
905 1493 1115 1536 Hiericho
1142 1494 1365 1537 duodecim
1391 1497 1520 1537 milli-

75 1549 169 1592 bus.
213 1552 281 1605 qui
306 1553 419 1592 locus
447 1553 566 1592 situm
594 1553 762 1605 egregie
792 1552 938 1592 firmat.

186 1615 296 1659 Ibid.
355 1613 559 1670 Σεβαστὴ]
593 1619 733 1659 urbem
762 1618 865 1658 hanc
895 1618 938 1658 in
953 1616 1280 1657 Trachonitidem
1310 1621 1521 1669 transpor

81 1672 187 1713 tavit
211 1673 269 1714 lo.
301 1673 458 1714 Malaia
484 1674 591 1725 apud
620 1675 989 1714 10.1)amascenum
1020 1677 1122 1711 orat.
1141 1676 1169 1712 3
1177 1684 1234 1735 Ρ
1251 1675 1346 1722 368,
1376 1672 1442 1712 ubi
1471 1673 1521 1712 de

78 1728 231 1768 Ioanne
249 1727 436 1781 Baptista
466 1726 536 1766 καί
570 1726 775 1778 ἀπέτεμεν
798 1723 923 1766 αὐτὸν
945 1723 1139 1776 (ιΗιώδης
1168 1723 1189 1761 ὁ
1215 1724 1435 1777 τοπάρχης,
1465 1739 1521 1770 εις

74 1778 121 1821 τὸ
153 1781 366 1832 βασίλειον
396 1795 468 1833 της
501 1783 808 1832 Τραχωνίτιδος
838 1780 992 1832 χώρας,
1020 1780 1063 1818 ἐν
1092 1780 1281 1833 Σεβαστῇ
1307 1780 1353 1832 τῇ
1384 1779 1518 1819 πόῑει.

74 1838 214 1890 paullo
242 1837 406 1889 melius,
446 1850 522 1877 nec
549 1844 684 1879 tamen
709 1839 796 1878 sine
827 1849 989 1883 errore
1021 1836 1062 1875 iu
1092 1835 1317 1875 Chilmeadi
1346 1836 1520 1876 editione

76 1898 172 1933 tom.
203 1898 226 1933 1
255 1907 294 1954 Ρ.
315 1895 399 1933 3⁰5
425 1893 578 1946 legitur
618 1887 639 1930 ὅ
660 1889 852 1944 ζΗρώὸης
879 1889 899 1929 ὁ
927 1885 1149 1940 βασιὶεύς,
1187 1887 1208 1925 ὁ
1241 1889 1467 1937 Φιλίππου
1499 1889 1522 1926 ὅ

75 1945 298 1997 τοπαρχῶν
326 1940 418 1997 ἦτοι
448 1944 684 1997 βασιλεύων
709 1947 777 2000 τῆς
807 1944 1131 1995 Ἰραχωνίτιὸοςι
1159 1956 1288 1997 neque
1318 1946 1421 1985 enim
1437 1923 1519 1984 He-

76 2002 199 2042 rodes
219 2002 511 2065 Trachonitidi,
544 2007 587 2043 ut
613 2003 716 2043 bene
746 2004 811 2043 vir
839 2003 990 2049 doctus
1024 1999 1221 2051 praefuit3
1252 2004 1291 2038 et
1319 2001 1382 2040 cui
1412 2001 1518 2040 bono

76 2054 100 2093 ὁ
132 2054 330 2106 βασιλεὺς
357 2052 378 2094 ὁ
413 2058 637 2107 τοπαρχῶν
664 2051 756 2109 ἦτοι
792 2050 1039 2115 βασιλεύων
1061 2056 1383 2119 coacervantur?
1412 2057 1519 2095 forte

77 2123 131 2152 ex
149 2113 397 2153 Damascene
413 2113 473 2153 ita
490 2114 725 2167 refingenda
747 2113 904 2153 omnia:
925 2104 1116 2159 Ἡρωὸης
1144 2105 1165 2145 ὅ
1188 2104 1398 2160 τοπάρχης
1426 2102 1519 2161 ἦτοι

75 2163 309 2215 βασιλεύων
337 2167 411 2218 τῆς
440 2168 744 2217 19oe2w11'udog
773 2183 807 2208 κ.
830 2169 886 2206 λ..
880 2178 997 2216 ·quo
1027 2164 1182 2216 quidem
1216 2164 1333 2204 modo
1366 2178 1518 2205 enoris

75 2233 157 2261 nou
186 2222 414 2262 absolvitur
439 2224 624 2274 loannes,
653 2223 822 2275 eripitur
849 2210 983 2261 tamen
1011 2219 1210 2272 graviori.

187 2285 296 2329 Ibid.
355 2285 590 2352 Ἀνθηὸώι]
623 2291 740 2329 Gaza
770 2287 912 2328 stadiis
942 2290 996 2325 20
1028 2287 1184 2335 aberat,
1214 2285 1442 2325 Sozomeno
1471 2287 1518 2327 H.

77 2341 126 2383 E.
152 2344 224 2382 59
252 2348 430 2393 auctore,
459 2344 563 2383 mari
588 2344 785 2405 proxima.
842 2340 1249 2402 Diocletianopoleos,
1281 2341 1315 2380 si
1344 2341 1519 2381 Notitias

77 2401 120 2436 et
147 2397 420 2437 Conciliorum
443 2398 547 2437 Acta
575 2398 796 2450 exceperis,
825 2408 926 2437 rara
951 2396 1113 2436 mentio.
1172 2395 1264 2435 vide
1293 2397 1339 2436 Η.
1369 2397 1519 2437 Remu-

77 2451 171 2491 dum
197 2451 374 2494 Palaest.
403 2456 431 2493 :3
458 2466 495 2505 Ρ
518 2456 613 2493 736.

189 2526 297 2569 [bid.
329 2533 395 2569 21.
454 2525 728 2581 Συκαμάζων]
762 2524 959 2577 Ειῖκομάζ
962 2540 1018 2564 ων
1048 2526 1090 2566 in
1114 2527 1523 2578 Notit.1ac.Guari,

78 2582 320 2623 Estomason
346 2584 387 2624 iu
411 2584 565 2623 Notitia
605 2596 707 2637 quae
738 2583 857 2623 wilh.
892 2582 1018 2631 Tyrio
1055 2581 1244 2622 adiuncta
1286 2588 1368 2634 est,
1398 2583 1522 2624 Asco-

77 2649 223 2677 zamon
241 2638 443 2679 Gervasio
461 2639 701 2679 ''lilberiensi
733 2639 823 2678 ιοίιι.
842 2642 868 2677 2
896 2638 1045 2688 Szript.
1064 2637 1346 2677 Brunsviwns-
1377 2653 1412 2691 p.
1429 2644 1528 2682 ῖὸϋ.

79 2699 261 2732 nostrum
291 2700 445 2733 rectum
476 2699 547 2744 est,
579 2695 654 2734 etsi
685 2695 786 2734 sit-us
818 2694 902 2734 eius
928 2694 1103 2746 ignotus.

164 2778 281 2811 Comi.
310 2779 444 2825 Porph)
456 2792 486 2815 r.
1207 2775 1254 2809 33}
