1780 3132
377 138 448 179 DE
485 133 927 189 ADllllNlSTRANDO
968 131 1189 175 IMPERIO
1228 130 1344 174 CAP.
1382 134 1448 175 37.
1539 122 1626 167 167

194 239 292 292 ἒβη·
360 236 412 277 τὰ
464 235 545 289 γοὶρ
580 233 729 286 ἱμάτια
770 233 910 275 αὐτῶν
952 234 1036 274 εἰσί
1061 230 1256 285 κόντευρα
1285 230 1412 283 μέχρι
1438 226 1628 281 γονάτων,

195 304 268 346 καί
291 302 340 344 τοὶ
372 303 542 354 μανίκια
571 299 652 341 α’πό
682 300 765 340 τῶν
792 299 1027 352 βραχιόνων
1059 297 1394 350 α’ποκεκομμένα,
1418 292 1475 341 ὥς
1501 294 1630 345 δῆθεν

194 370 241 411 ἐκ
267 365 413 410 τούτου
446 366 673 415 δεικνύντες
701 361 764 406 ὅτι
794 359 876 406 «ind
909 365 994 405 τῶν
1023 364 1141 405 ἰδίων
1171 361 1244 404 καί
1270 357 1496 416 ὁμοφύλων
1523 357 1628 399 εἶπε-

195 431 395 487 κόπησαν.

162 514 185 549 5
303 496 450 541 Ἰστὲον
481 492 546 538 ὅτι
571 494 690 538 ἔνθεν
715 497 791 537 τοῦ
816 493 1072 548 Δανάπρεως
1097 493 1286 546 ποταμοῦ
1317 489 1418 546 πρὸς
1446 488 1491 532 τὸ
1523 490 1627 530 α’πο-

193 566 345 618 βλὲπον
370 565 497 618 μέρος
523 559 595 616 τὴν
621 561 886 615 Βουλγαριάν
924 561 983 609 εἰς
1020 560 1072 601 τὰ
1120 558 1344 613 περάματα
1378 557 1455 599 τοῦ
1492 556 1629 596 αὐτοῦ

197 631 392 682 ποταμοῦ
417 629 522 670 εἰσίν
552 627 854 682 ἑρημόκαστρα.
911 625 1089 679 κάστρον
1118 626 1279 678 πρῶτον
1314 621 1359 664 τὸ
1393 622 1628 674 ὀνομασθὲν

195 694 312 750 παρὰ
349 696 431 736 τῶν
458 693 778 744 Πατζινακιτῶν
797 685 985 746 ’Ἀσπρον
1025 690 1095 733 διὰ
1124 690 1169 732 τὸ
1198 690 1294 738 τους
1325 688 1470 750 λίθους
1498 686 1628 728 αὐτοῦ

195 762 422 816 φαίνεσθαι
449 756 740 813 καταλεύκους,
768 756 944 812 κάστρον
973 754 1165 810 δεύτερον
1195 753 1240 797 τὸ
1273 756 1518 808 Τουγγᾶται,
1550 751 1629 792 κά-

141 839 183 873 10
195 841 318 878 στρον
348 823 488 878 τρίτον
514 821 557 864 τὸ
593 820 915 877 Κρακνακάται,
953 820 1130 876 κάστρον
1157 823 1350 874 τέταρτον
1376 819 1421 861 τὸ
1458 821 1630 870 Σαλμα-

195 891 339 943 κάται,
371 888 548 943 κάστρον
575 891 760 940 πέμπτον
789 886 832 929 τὸ
864 885 1104 929 Σακακάται
1122 921 1133 942 ,
1161 888 1339 940 κάστρον
1370 886 1483 926 ἕκτον
1507 886 1547 926 Γ
1547 900 1629 923 ιαι-

195 953 382 997 ουκοὶται.
438 956 483 996 ἐν
520 950 662 1002 αὕτοῖς
696 955 742 995 δὲ
780 959 864 1003 τοῖς
904 955 986 994 τῶν
1025 949 1370 1004 παλαιοκοὶστρων
1410 951 1629 1001 κτίσμασιν

194 1020 457 1075 εὑρίσκονται
485 1019 556 1060 καί
582 1020 805 1073 ἐκκλησιῶν
831 1018 1095 1079 γνωρίσματα
1122 1034 1215 1059 τινα
1244 1017 1317 1058 καὶ
1346 1013 1524 1069 σταυροὶ
1550 1018 1628 1055 λα·-

194 1087 330 1136 ξευτοί
356 1086 414 1133 εἰς
431 1088 578 1134 λίθους
609 1085 824 1138 πυρίνους·
881 1082 980 1126 ὅθεν
1011 1084 1088 1125 καί
1106 1099 1213 1132 τινες
1241 1082 1474 1137 παράδοσιν
1503 1081 1628 1134 ἔχου-

106 1142 111 1146 ’
139 1165 181 1198 15
193 1167 262 1193 σιν
291 1148 348 1200 ῶς
363 1148 568 1203 Ῥωμαῖοί
595 1165 695 1191 ποτε
723 1148 798 1198 τὰς
825 1150 1035 1198 κατοικίας
1063 1146 1175 1204 εἶχον
1203 1150 1348 1191 ἐκεῖσε.

300 1217 445 1258 ’ἰστέον
487 1213 547 1257 ὅτι
587 1213 764 1268 Κάγκαρ
808 1213 1082 1267 ὀνομάζονται
1111 1214 1150 1257 οἱ
1182 1217 1513 1267 Πατζινακΐται,
1539 1213 1628 1254 ἀλλ’

192 1282 292 1334 ου’χί
317 1280 476 1335 πάντες,
496 1280 603 1334 πλὴν
627 1280 649 1320 ὅ
680 1283 760 1322 τῶν
789 1282 914 1334 τριῶν
941 1279 1140 1333 θεμάτων
1158 1279 1269 1335 λαός,
1298 1282 1371 1322 τοῦ
1388 1280 1629 1333 Ἰαβδιηρτί,

190 1348 265 1387 καί
287 1348 363 1387 τοῦ
392 1345 737 1401 Κουαρτζιτζούρ
767 1344 839 1386 καί
869 1347 943 1387 τοῦ
973 1343 1319 1401 Χαβουξιγγυλά,
1350 1345 1405 1394 ῶς
1435 1342 1630 1399 α’νδρειό-

192 1425 306 1464 τεροι
338 1412 409 1452 καί
439 1411 715 1464 εὐγενέστεροι
746 1412 828 1454 τῶν
855 1413 1036 1454 λοιπῶν·
1091 1413 1208 1454 τοῦτο
1236 1410 1316 1467 γὰρ
1358 1413 1479 1466 δηλοῖ
1506 1409 1530 1464 ἢ
1564 1415 1643 1451 τοῦ

136 1492 181 1527 20
197 1475 367 1532 Κάγγαρ
398 1478 663 1533 προσηγορία.

287 1610 332 1692 {54
354 1613 537 1694 πορῗίας,
568 1613 724 1658 πυρίτας
754 1612 944 1646 Meursius.
968 1623 1089 1646 nonne
1115 1612 1324 1659 antrovg?
1445 1611 1485 1644 17
1512 1611 1630 1645 Διαυ-

313 1670 410 1704 ιηρτι

196 1812 340 1857 quidem
364 1816 515 1846 utuntur
546 1813 702 1846 vestibus
741 1814 931 1849 decurtatis
959 1820 996 1849 et
1021 1815 1064 1849 ad
1090 1826 1204 1859 genua
1230 1820 1366 1848 tantum
1393 1815 1630 1860 pertingenti-

196 1858 264 1892 bus
304 1864 340 1892 et
376 1859 523 1892 manicis
548 1859 729 1901 abscissis,
766 1873 807 1894 ea
844 1873 880 1894 re
911 1863 1102 1896 innuentes
1129 1874 1149 1895 a
1174 1863 1366 1907 gentilibus
1392 1873 1429 1895 se
1457 1863 1526 1895 suis
1554 1872 1631 1895 esse
1657 1865 1660 1867 ’

197 1905 401 1950 diremptos,

291 1952 388 1985 Ultra
417 1963 500 1985 vero
536 1952 728 1997 Danaprim
766 1952 918 1994 flumen,
957 1964 1027 1998 qua
1060 1959 1160 1999 parte
1191 1955 1386 1998 Bnlgariam
1415 1959 1563 1999 spectat,
1587 1953 1634 1988 ad

197 1997 355 2032 eiusdem
378 1999 533 2031 fluminis
563 2000 730 2032 traiectus
757 2000 861 2032 urbes
887 2000 1048 2033 desertae
1074 2006 1175 2033 sunt:
1201 2003 1311 2046 prima
1339 2001 1420 2034 urbs
1444 2013 1534 2046 quae
1566 2002 1633 2034 Pa-

196 2046 371 2078 tzinacitis
399 2047 536 2090 Aspron
559 2047 633 2079 sive
668 2045 748 2078 alba
773 2045 921 2087 dicitur,
947 2047 1044 2092 quod
1071 2058 1090 2080 e
1120 2059 1202 2080 saxo
1227 2048 1406 2081 albicante
1432 2046 1634 2081 constructa

196 2092 252 2133 sit,
276 2091 429 2125 secunda
454 2093 651 2135 'rungatae‚
677 2092 783 2126 tertia
808 2093 1052 2135 Cracnaca‘tae,
1092 2099 1217 2139 quarta
1253 2095 1482 2135 Salmacatae‚
1506 2096 1633 2140 quinta

196 2138 394 2179 Sacaeatae,
420 2145 518 2172 sexta
543 2139 762 2172 Giaiucatae.
811 2140 1042 2173 inveniuntur
1067 2146 1184 2174 autem
1223 2141 1317 2174 inter
1350 2141 1491 2174 urbium
1517 2141 1633 2174 colla-

194 2195 336 2229 psurum
361 2185 510 2218 fabricas
538 2186 762 2219 ecclesiarum
790 2186 923 2219 indicia
948 2186 1120 2231 quaedam
1153 2192 1188 2220 et
1211 2199 1331 2221 cruces
1358 2199 1401 2221 ex
1426 2187 1547 2233 lapide
1573 2194 1632 2221 to-

194 2230 306 2275 phino
331 2233 555 2277 exsculptae3
591 2233 686 2266 uude
712 2234 811 2278 quasi
841 2244 906 2278 per
929 2233 1158 2267 traditionem
1184 2235 1333 2268 credunt
1354 2234 1521 2269 nonnulli
1545 2234 1630 2269 olim

195 2277 273 2311 illic
299 2277 401 2312 sedes
422 2278 588 2312 habuisse
614 2281 803 2312 Romanos.

286 2325 391 2358 Porro
419 2325 551 2358 Cancar
579 2337 724 2371 quoque
749 2326 976 2371 appellantur
1008 2325 1263 2367 Patzinacitae,
1297 2337 1372 2360 non
1398 2337 1521 2360 omncs
1548 2326 1632 2371 qui-

194 2370 287 2410 dem,
313 2371 374 2404 sed
399 2372 503 2404 trium
529 2378 665 2406 tantum
688 2372 884 2406 thematum
918 2373 1076 2413 incolae,
1111 2373 1278 2407 thematis
1318 2373 1490 2406 Iabdietti
1519 2373 1630 2406 Cum·-

194 2417 319 2450 tzitzur
342 2424 378 2451 et
403 2416 682 2463 Chabuxingyla,
717 2426 889 2465 tanquam
926 2420 986 2464 qui
1022 2421 1146 2455 ceteris
1171 2420 1336 2456 seniores
1362 2420 1631 2466 nobilioresque

197 2469 300 2499 suut:
336 2476 416 2499 nam
443 2464 512 2499 hoc
537 2477 602 2501 vox
627 2466 704 2513 ipsa
729 2477 853 2501 cancar
878 2466 1063 2511 significat.
