<?xml version="1.0" encoding="UTF-8"?>
<!DOCTYPE html PUBLIC "-//W3C//DTD XHTML 1.0 Transitional//EN"
    "http://www.w3.org/TR/xhtml1/DTD/xhtml1-transitional.dtd">
<html xmlns="http://www.w3.org/1999/xhtml" xml:lang="en" lang="en">
 <head>
  <title>
</title>
<meta http-equiv="Content-Type" content="text/html;charset=utf-8" />
  <meta name='ocr-system' content='tesseract 3.04.00' />
  <meta name='ocr-capabilities' content='ocr_page ocr_carea ocr_par ocr_line ocrx_word'/>
</head>
<body>
  <div class='ocr_page' id='page_1' title='image "./corpusscriptorum09niebuoft_0035.png"; bbox 0 0 1780 3132; ppageno 0'>
   <div class='ocr_carea' id='block_1_1' title="bbox 486 140 1561 188">
    <p class='ocr_par' dir='ltr' id='par_1_1' title="bbox 486 140 1561 188">
     <span class='ocr_line' id='line_1_1' title="bbox 486 140 1561 188; baseline -0.002 -1"><span class='ocrx_word' id='word_1_1' title='bbox 486 145 562 187; x_wconf 92' lang='lat' dir='ltr'><em>DE</em></span> <span class='ocrx_word' id='word_1_2' title='bbox 595 143 952 188; x_wconf 84' lang='lat' dir='ltr'>THEMATIBUS</span> <span class='ocrx_word' id='word_1_3' title='bbox 987 143 1092 187; x_wconf 92' lang='lat' dir='ltr'>LIB.</span> <span class='ocrx_word' id='word_1_4' title='bbox 1126 142 1161 187; x_wconf 84' lang='grc' dir='ltr'><em>Ι.</em></span> <span class='ocrx_word' id='word_1_5' title='bbox 1496 140 1561 185; x_wconf 78' lang='lat'><em>25</em></span> 
     </span>
    </p>
   </div>
   <div class='ocr_carea' id='block_1_2' title="bbox 47 253 1566 931">
    <p class='ocr_par' dir='ltr' id='par_1_2' title="bbox 47 253 1566 931">
     <span class='ocr_line' id='line_1_2' title="bbox 99 253 1558 316; baseline -0.005 -14"><span class='ocrx_word' id='word_1_6' title='bbox 99 257 320 316; x_wconf 74' lang='grc' dir='ltr'><em>ἀρχομένου</em></span> <span class='ocrx_word' id='word_1_7' title='bbox 331 289 344 309; x_wconf 94' lang='grc'><em>,</em></span> <span class='ocrx_word' id='word_1_8' title='bbox 389 258 591 301; x_wconf 76' lang='grc' dir='ltr'><strong><em>τουτέστιν</em></strong></span> <span class='ocrx_word' id='word_1_9' title='bbox 607 261 681 300; x_wconf 86' lang='grc' dir='ltr'><em>τοῦ</em></span> <span class='ocrx_word' id='word_1_10' title='bbox 695 257 943 312; x_wconf 84' lang='grc' dir='ltr'><em>Ἀστακηνοῦ</em></span> <span class='ocrx_word' id='word_1_11' title='bbox 964 254 1115 299; x_wconf 82' lang='grc' dir='ltr'><em>κόλπου</em></span> <span class='ocrx_word' id='word_1_12' title='bbox 1144 256 1212 298; x_wconf 85' lang='grc' dir='ltr'><em>καὶ</em></span> <span class='ocrx_word' id='word_1_13' title='bbox 1230 257 1303 297; x_wconf 83' lang='grc' dir='ltr'><em>τοῦ</em></span> <span class='ocrx_word' id='word_1_14' title='bbox 1324 253 1558 296; x_wconf 81' lang='grc' dir='ltr'><em>Δασκυλίου</em></span> 
     </span>
     <span class='ocr_line' id='line_1_3' title="bbox 99 323 1560 383; baseline -0.005 -14"><span class='ocrx_word' id='word_1_15' title='bbox 99 327 373 383; x_wconf 78' lang='grc' dir='ltr'><em>ἀκρωτηρίου,</em></span> <span class='ocrx_word' id='word_1_16' title='bbox 416 328 482 369; x_wconf 81' lang='grc' dir='ltr'><em>καὶ</em></span> <span class='ocrx_word' id='word_1_17' title='bbox 503 327 621 382; x_wconf 75' lang='grc' dir='ltr'><em>μέχρι.</em></span> <span class='ocrx_word' id='word_1_18' title='bbox 643 330 718 368; x_wconf 85' lang='grc' dir='ltr'><em>τοῦ.</em></span> <span class='ocrx_word' id='word_1_19' title='bbox 741 327 946 382; x_wconf 80' lang='grc' dir='ltr'><em>Τρίτωνος</em></span> <span class='ocrx_word' id='word_1_20' title='bbox 972 328 1041 368; x_wconf 86' lang='grc' dir='ltr'><em>καὶ</em></span> <span class='ocrx_word' id='word_1_21' title='bbox 1070 329 1150 368; x_wconf 84' lang='grc' dir='ltr'><em>τῶν</em></span> <span class='ocrx_word' id='word_1_22' title='bbox 1181 323 1305 381; x_wconf 75' lang='grc' dir='ltr'><em>ὀρέων</em></span> <span class='ocrx_word' id='word_1_23' title='bbox 1339 325 1560 378; x_wconf 75' lang='grc' dir='ltr'><em>Σιγριανῆς</em></span> 
     </span>
     <span class='ocr_line' id='line_1_4' title="bbox 99 392 1560 451; baseline -0.004 -13"><span class='ocrx_word' id='word_1_24' title='bbox 99 397 168 438; x_wconf 86' lang='grc' dir='ltr'><em>καὶ</em></span> <span class='ocrx_word' id='word_1_25' title='bbox 188 392 496 451; x_wconf 80' lang='grc' dir='ltr'><em>Προικονήσου,</em></span> <span class='ocrx_word' id='word_1_26' title='bbox 541 399 609 436; x_wconf 90' lang='grc' dir='ltr'><em>καὶ</em></span> <span class='ocrx_word' id='word_1_27' title='bbox 644 396 718 444; x_wconf 66' lang='grc' dir='ltr'><em>ἕως</em></span> <span class='ocrx_word' id='word_1_28' title='bbox 754 395 880 448; x_wconf 81' lang='grc' dir='ltr'><em>αὐτῆς</em></span> <span class='ocrx_word' id='word_1_29' title='bbox 912 397 984 448; x_wconf 80' lang='grc' dir='ltr'><em>τῆς</em></span> <span class='ocrx_word' id='word_1_30' title='bbox 1009 393 1182 447; x_wconf 80' lang='grc' dir='ltr'><em>Ἀβύδου</em></span> <span class='ocrx_word' id='word_1_31' title='bbox 1210 392 1388 443; x_wconf 81' lang='grc' dir='ltr'><em>Κυζίκου</em></span> <span class='ocrx_word' id='word_1_32' title='bbox 1419 408 1462 433; x_wconf 85' lang='grc' dir='ltr'><em>τε</em></span> <span class='ocrx_word' id='word_1_33' title='bbox 1492 393 1560 433; x_wconf 84' lang='grc' dir='ltr'><em>καὶ</em></span> 
     </span>
     <span class='ocr_line' id='line_1_5' title="bbox 98 460 1560 520; baseline -0.002 -16"><span class='ocrx_word' id='word_1_34' title='bbox 98 464 276 520; x_wconf 86' lang='grc' dir='ltr'><em>.Παρίου.</em></span> <span class='ocrx_word' id='word_1_35' title='bbox 343 466 409 505; x_wconf 78' lang='grc' dir='ltr'><em>καὶ</em></span> <span class='ocrx_word' id='word_1_36' title='bbox 431 463 569 517; x_wconf 78' lang='grc' dir='ltr'><em>τὰμὲν</em></span> <span class='ocrx_word' id='word_1_37' title='bbox 588 462 698 505; x_wconf 81' lang='grc' dir='ltr'><em>κάτω</em></span> <span class='ocrx_word' id='word_1_38' title='bbox 728 465 797 504; x_wconf 85' lang='grc' dir='ltr'><em>καὶ</em></span> <span class='ocrx_word' id='word_1_39' title='bbox 823 462 935 517; x_wconf 81' lang='grc' dir='ltr'><em>παρὰ</em></span> <span class='ocrx_word' id='word_1_40' title='bbox 966 462 1185 505; x_wconf 79' lang='grc' dir='ltr'><em>θάλασσαν</em></span> <span class='ocrx_word' id='word_1_41' title='bbox 1212 460 1290 503; x_wconf 80' lang='grc' dir='ltr'><em>ἀπὸ</em></span> <span class='ocrx_word' id='word_1_42' title='bbox 1315 465 1387 502; x_wconf 87' lang='grc' dir='ltr'><em>τοῦ</em></span> <span class='ocrx_word' id='word_1_43' title='bbox 1414 460 1560 502; x_wconf 83' lang='grc' dir='ltr'><em>Ἀστα-</em></span> 
     </span>
     <span class='ocr_line' id='line_1_6' title="bbox 66 529 1561 589; baseline -0.003 -14"><span class='ocrx_word' id='word_1_44' title='bbox 66 543 87 576; x_wconf 89' lang='grc'><strong>5</strong></span> <span class='ocrx_word' id='word_1_45' title='bbox 99 535 223 588; x_wconf 78' lang='grc' dir='ltr'><em>κηνοῢ</em></span> <span class='ocrx_word' id='word_1_46' title='bbox 243 529 394 574; x_wconf 78' lang='grc' dir='ltr'><em>κόλπου</em></span> <span class='ocrx_word' id='word_1_47' title='bbox 417 530 619 589; x_wconf 78' lang='grc' dir='ltr'><em>ἀρχόμενα</em></span> <span class='ocrx_word' id='word_1_48' title='bbox 642 533 710 573; x_wconf 83' lang='grc' dir='ltr'><em>καὶ</em></span> <span class='ocrx_word' id='word_1_49' title='bbox 727 537 807 574; x_wconf 84' lang='grc' dir='ltr'><em>τῶν</em></span> <span class='ocrx_word' id='word_1_50' title='bbox 824 530 1080 584; x_wconf 80' lang='grc' dir='ltr'><em>καλουμένων</em></span> <span class='ocrx_word' id='word_1_51' title='bbox 1098 533 1266 581; x_wconf 83' lang='grc' dir='ltr'><em>Πυλῶν,</em></span> <span class='ocrx_word' id='word_1_52' title='bbox 1312 530 1378 571; x_wconf 84' lang='grc' dir='ltr'><em>καὶ</em></span> <span class='ocrx_word' id='word_1_53' title='bbox 1397 529 1472 579; x_wconf 71' lang='grc' dir='ltr'><em>ἕως</em></span> <span class='ocrx_word' id='word_1_54' title='bbox 1487 533 1561 582; x_wconf 79' lang='grc' dir='ltr'><em>τῆς</em></span> 
     </span>
     <span class='ocr_line' id='line_1_7' title="bbox 98 595 1562 656; baseline -0.004 -12"><span class='ocrx_word' id='word_1_55' title='bbox 98 601 314 656; x_wconf 78' lang='grc' dir='ltr'><em>μεσογαίου</em></span> <span class='ocrx_word' id='word_1_56' title='bbox 335 604 408 643; x_wconf 85' lang='grc' dir='ltr'><em>τοῦ</em></span> <span class='ocrx_word' id='word_1_57' title='bbox 418 602 587 644; x_wconf 84' lang='grc' dir='ltr'><em>Μυσίου</em></span> <span class='ocrx_word' id='word_1_58' title='bbox 599 598 807 655; x_wconf 58' lang='grc' dir='ltr'><em>)Ολύμπου</em></span> <span class='ocrx_word' id='word_1_59' title='bbox 831 598 1230 656; x_wconf 73' lang='grc' dir='ltr'><em>προσαγορευομένου</em></span> <span class='ocrx_word' id='word_1_60' title='bbox 1250 600 1317 640; x_wconf 84' lang='grc' dir='ltr'><em>καὶ</em></span> <span class='ocrx_word' id='word_1_61' title='bbox 1336 602 1408 652; x_wconf 81' lang='grc' dir='ltr'><em>τῆς</em></span> <span class='ocrx_word' id='word_1_62' title='bbox 1421 595 1562 654; x_wconf 80' lang='grc' dir='ltr'><em>χώρας</em></span> 
     </span>
     <span class='ocr_line' id='line_1_8' title="bbox 100 666 1566 725; baseline -0.004 -13"><span class='ocrx_word' id='word_1_63' title='bbox 100 673 181 714; x_wconf 80' lang='grc' dir='ltr'><em>τῶν</em></span> <span class='ocrx_word' id='word_1_64' title='bbox 198 670 455 724; x_wconf 76' lang='grc' dir='ltr'><em>καλουμένων</em></span> <span class='ocrx_word' id='word_1_65' title='bbox 478 669 758 725; x_wconf 76' lang='grc' dir='ltr'><em>Δαγοτθηνῶν</em></span> <span class='ocrx_word' id='word_1_66' title='bbox 778 671 843 711; x_wconf 83' lang='grc' dir='ltr'><em>καὶ</em></span> <span class='ocrx_word' id='word_1_67' title='bbox 865 670 989 722; x_wconf 77' lang='grc' dir='ltr'><em>αὐτῆς</em></span> <span class='ocrx_word' id='word_1_68' title='bbox 1008 666 1292 725; x_wconf 78' lang='grc' dir='ltr'><em>Προυσιάδος,</em></span> <span class='ocrx_word' id='word_1_69' title='bbox 1333 670 1566 709; x_wconf 88' lang='grc' dir='ltr'><em>κατοικοῦσι</em></span> 
     </span>
     <span class='ocr_line' id='line_1_9' title="bbox 100 735 1564 795; baseline -0.003 -15"><span class='ocrx_word' id='word_1_70' title='bbox 100 738 296 780; x_wconf 87' lang='grc' dir='ltr'><em>Βιθυνοί·</em></span> <span class='ocrx_word' id='word_1_71' title='bbox 330 738 383 780; x_wconf 79' lang='grc' dir='ltr'><em>τὰ</em></span> <span class='ocrx_word' id='word_1_72' title='bbox 411 738 455 780; x_wconf 78' lang='grc' dir='ltr'><em>δὲ</em></span> <span class='ocrx_word' id='word_1_73' title='bbox 485 738 587 795; x_wconf 86' lang='grc' dir='ltr'><em>πρὸς</em></span> <span class='ocrx_word' id='word_1_74' title='bbox 615 736 731 780; x_wconf 82' lang='grc' dir='ltr'><em>νότον</em></span> <span class='ocrx_word' id='word_1_75' title='bbox 752 742 826 780; x_wconf 89' lang='grc' dir='ltr'><em>τοῦ</em></span> <span class='ocrx_word' id='word_1_76' title='bbox 847 735 1056 790; x_wconf 79' lang='grc' dir='ltr'><em>Ὀλύμπου</em></span> <span class='ocrx_word' id='word_1_77' title='bbox 1079 738 1146 778; x_wconf 85' lang='grc' dir='ltr'><em>καὶ</em></span> <span class='ocrx_word' id='word_1_78' title='bbox 1176 737 1250 785; x_wconf 70' lang='grc' dir='ltr'><em>ἕως</em></span> <span class='ocrx_word' id='word_1_79' title='bbox 1275 738 1349 777; x_wconf 85' lang='grc' dir='ltr'><em>τοῦ</em></span> <span class='ocrx_word' id='word_1_80' title='bbox 1378 738 1564 789; x_wconf 83' lang='grc' dir='ltr'><em>ποταμοῦ</em></span> 
     </span>
     <span class='ocr_line' id='line_1_10' title="bbox 97 802 1565 862; baseline -0.002 -15"><span class='ocrx_word' id='word_1_81' title='bbox 97 804 317 848; x_wconf 84' lang='grc' dir='ltr'><em>Ῥυνδακοῦ</em></span> <span class='ocrx_word' id='word_1_82' title='bbox 336 810 568 849; x_wconf 87' lang='grc' dir='ltr'><em>κατοικοῦσι</em></span> <span class='ocrx_word' id='word_1_83' title='bbox 586 808 753 858; x_wconf 70' lang='grc' dir='ltr'><em>ΖΙἸυσοί,</em></span> <span class='ocrx_word' id='word_1_84' title='bbox 792 805 844 849; x_wconf 78' lang='grc' dir='ltr'><em>τὰ</em></span> <span class='ocrx_word' id='word_1_85' title='bbox 874 806 917 847; x_wconf 78' lang='grc' dir='ltr'><em>δὲ</em></span> <span class='ocrx_word' id='word_1_86' title='bbox 942 805 1044 862; x_wconf 85' lang='grc' dir='ltr'><em>πρὸς</em></span> <span class='ocrx_word' id='word_1_87' title='bbox 1069 805 1143 860; x_wconf 79' lang='grc' dir='ltr'><em>τὴν</em></span> <span class='ocrx_word' id='word_1_88' title='bbox 1159 803 1379 846; x_wconf 83' lang='grc' dir='ltr'><em>θάλασσαν</em></span> <span class='ocrx_word' id='word_1_89' title='bbox 1401 806 1467 845; x_wconf 84' lang='grc' dir='ltr'><em>καὶ</em></span> <span class='ocrx_word' id='word_1_90' title='bbox 1491 802 1565 857; x_wconf 71' lang='grc' dir='ltr'><em>τὴν</em></span> 
     </span>
     <span class='ocr_line' id='line_1_11' title="bbox 47 872 1565 931; baseline -0.004 -11"><span class='ocrx_word' id='word_1_91' title='bbox 47 884 94 920; x_wconf 87' lang='grc'><em>10</em></span> <span class='ocrx_word' id='word_1_92' title='bbox 105 873 278 926; x_wconf 82' lang='grc' dir='ltr'><em>Κύζικον</em></span> <span class='ocrx_word' id='word_1_93' title='bbox 299 879 530 918; x_wconf 83' lang='grc' dir='ltr'><em>κατοικοῦσι</em></span> <span class='ocrx_word' id='word_1_94' title='bbox 558 873 716 931; x_wconf 79' lang='grc' dir='ltr'><em>Φρύγες</em></span> <span class='ocrx_word' id='word_1_95' title='bbox 747 892 789 917; x_wconf 89' lang='grc' dir='ltr'><em>τε</em></span> <span class='ocrx_word' id='word_1_96' title='bbox 816 876 883 917; x_wconf 84' lang='grc' dir='ltr'><em>καὶ</em></span> <span class='ocrx_word' id='word_1_97' title='bbox 906 875 946 915; x_wconf 91' lang='grc' dir='ltr'><strong>Γ</strong></span> <span class='ocrx_word' id='word_1_98' title='bbox 944 874 1077 929; x_wconf 85' lang='grc' dir='ltr'><em>ραικοί</em></span> <span class='ocrx_word' id='word_1_99' title='bbox 1084 906 1098 926; x_wconf 92' lang='grc'><em>,</em></span> <span class='ocrx_word' id='word_1_100' title='bbox 1151 872 1230 915; x_wconf 82' lang='grc' dir='ltr'><em>ἀπὸ</em></span> <span class='ocrx_word' id='word_1_101' title='bbox 1267 876 1339 914; x_wconf 86' lang='grc' dir='ltr'><em>τοῦ</em></span> <span class='ocrx_word' id='word_1_102' title='bbox 1379 875 1565 926; x_wconf 81' lang='grc' dir='ltr'><em>ποταμοῦ</em></span> 
     </span>
    </p>
   </div>
   <div class='ocr_carea' id='block_1_3' title="bbox 1123 935 1144 942">
    <p class='ocr_par' dir='ltr' id='par_1_3' title="bbox 1123 935 1144 942">
     <span class='ocr_line' id='line_1_12' title="bbox 1123 935 1144 942; baseline 0 0"><span class='ocrx_word' id='word_1_103' title='bbox 1123 935 1144 942; x_wconf 47' lang='lat'>4</span> 
     </span>
    </p>
   </div>
   <div class='ocr_carea' id='block_1_4' title="bbox 49 938 1572 1686">
    <p class='ocr_par' dir='ltr' id='par_1_4' title="bbox 49 938 1572 1686">
     <span class='ocr_line' id='line_1_13' title="bbox 102 938 1566 1000; baseline -0.001 -15"><span class='ocrx_word' id='word_1_104' title='bbox 102 945 302 1000; x_wconf 86' lang='grc' dir='ltr'><em>Γρανίκου</em></span> <span class='ocrx_word' id='word_1_105' title='bbox 327 943 401 999; x_wconf 86' lang='grc' dir='ltr'><em>τὴν</em></span> <span class='ocrx_word' id='word_1_106' title='bbox 429 944 651 999; x_wconf 79' lang='grc' dir='ltr'><em>ὀνομασίαν</em></span> <span class='ocrx_word' id='word_1_107' title='bbox 678 941 996 998; x_wconf 81' lang='grc' dir='ltr'><em>πλουτήσαντες,</em></span> <span class='ocrx_word' id='word_1_108' title='bbox 1041 944 1082 984; x_wconf 73' lang='grc' dir='ltr'><em>ἓν</em></span> <span class='ocrx_word' id='word_1_109' title='bbox 1111 943 1144 999; x_wconf 58' lang='lat' dir='ltr'><em>‘f&#39;</em></span> <span class='ocrx_word' id='word_1_110' title='bbox 1170 945 1341 997; x_wconf 77' lang='grc' dir='ltr'><em>ποταμῷ</em></span> <span class='ocrx_word' id='word_1_111' title='bbox 1363 941 1517 996; x_wconf 73' lang='grc' dir='ltr'><em>γέγονεν</em></span> <span class='ocrx_word' id='word_1_112' title='bbox 1539 938 1566 994; x_wconf 79' lang='grc' dir='ltr'>ἦ</span> 
     </span>
     <span class='ocr_line' id='line_1_14' title="bbox 102 1008 1568 1070; baseline -0.003 -15"><span class='ocrx_word' id='word_1_113' title='bbox 102 1009 241 1069; x_wconf 82' lang='grc' dir='ltr'><em>πρώτη</em></span> <span class='ocrx_word' id='word_1_114' title='bbox 266 1010 378 1068; x_wconf 82' lang='grc' dir='ltr'><em>μάχη</em></span> <span class='ocrx_word' id='word_1_115' title='bbox 406 1012 509 1069; x_wconf 82' lang='grc' dir='ltr'><em>πρὸς</em></span> <span class='ocrx_word' id='word_1_116' title='bbox 529 1013 624 1063; x_wconf 82' lang='grc' dir='ltr'><em>τούς</em></span> <span class='ocrx_word' id='word_1_117' title='bbox 649 1012 899 1070; x_wconf 79' lang='grc' dir='ltr'><em>στρατηγοὺς</em></span> <span class='ocrx_word' id='word_1_118' title='bbox 918 1015 997 1054; x_wconf 84' lang='grc' dir='ltr'><em>τῶν</em></span> <span class='ocrx_word' id='word_1_119' title='bbox 1018 1013 1193 1067; x_wconf 80' lang='grc' dir='ltr'><em>Περσῶν</em></span> <span class='ocrx_word' id='word_1_120' title='bbox 1208 1008 1470 1066; x_wconf 73' lang='grc' dir='ltr'><em>Ἀλεξάνδρου</em></span> <span class='ocrx_word' id='word_1_121' title='bbox 1493 1012 1568 1052; x_wconf 83' lang='grc' dir='ltr'><em>τοῦ</em></span> 
     </span>
     <span class='ocr_line' id='line_1_15' title="bbox 102 1077 1567 1137; baseline -0.002 -15"><span class='ocrx_word' id='word_1_122' title='bbox 102 1079 364 1134; x_wconf 77' lang='grc' dir='ltr'><em>Μακεδόνος.</em></span> <span class='ocrx_word' id='word_1_123' title='bbox 432 1080 516 1124; x_wconf 67' lang='grc' dir='ltr'><em>ἅνω</em></span> <span class='ocrx_word' id='word_1_124' title='bbox 537 1082 581 1124; x_wconf 75' lang='grc' dir='ltr'><em>δὲ</em></span> <span class='ocrx_word' id='word_1_125' title='bbox 603 1083 899 1136; x_wconf 73' lang='grc' dir='ltr'><em>παρεκτείνεται</em></span> <span class='ocrx_word' id='word_1_126' title='bbox 916 1080 1035 1137; x_wconf 75' lang='grc' dir='ltr'><em>μέχρι</em></span> <span class='ocrx_word' id='word_1_127' title='bbox 1053 1083 1126 1122; x_wconf 88' lang='grc' dir='ltr'><em>τοῦ</em></span> <span class='ocrx_word' id='word_1_128' title='bbox 1146 1079 1382 1135; x_wconf 87' lang='grc' dir='ltr'><em>Δορυλαίου</em></span> <span class='ocrx_word' id='word_1_129' title='bbox 1403 1080 1470 1120; x_wconf 81' lang='grc' dir='ltr'><em>καὶ</em></span> <span class='ocrx_word' id='word_1_130' title='bbox 1491 1077 1567 1120; x_wconf 81' lang='grc' dir='ltr'><em>αὗ-</em></span> 
     </span>
     <span class='ocr_line' id='line_1_16' title="bbox 102 1144 1568 1206; baseline -0.002 -15"><span class='ocrx_word' id='word_1_131' title='bbox 102 1153 175 1191; x_wconf 81' lang='grc' dir='ltr'><em>τοῦ</em></span> <span class='ocrx_word' id='word_1_132' title='bbox 200 1153 274 1190; x_wconf 90' lang='grc' dir='ltr'><em>τοῦ</em></span> <span class='ocrx_word' id='word_1_133' title='bbox 292 1151 522 1202; x_wconf 85' lang='grc' dir='ltr'><em>Κοτυαίου,</em></span> <span class='ocrx_word' id='word_1_134' title='bbox 570 1151 611 1201; x_wconf 69' lang='grc' dir='ltr'><em>ἐξ</em></span> <span class='ocrx_word' id='word_1_135' title='bbox 643 1144 764 1206; x_wconf 69' lang='grc' dir='ltr'><em>οὗπερ</em></span> <span class='ocrx_word' id='word_1_136' title='bbox 789 1150 895 1192; x_wconf 69' lang='grc' dir='ltr'><em>ἔστιν</em></span> <span class='ocrx_word' id='word_1_137' title='bbox 919 1147 939 1190; x_wconf 87' lang='grc' dir='ltr'><em>ὃ</em></span> <span class='ocrx_word' id='word_1_138' title='bbox 964 1146 1287 1203; x_wconf 84' lang='grc' dir='ltr'><em>ὀνομαστότατος</em></span> <span class='ocrx_word' id='word_1_139' title='bbox 1306 1149 1374 1188; x_wconf 84' lang='grc' dir='ltr'><em>καὶ</em></span> <span class='ocrx_word' id='word_1_140' title='bbox 1395 1146 1568 1196; x_wconf 86' lang='grc' dir='ltr'><em>παλαιὸς</em></span> 
     </span>
     <span class='ocr_line' id='line_1_17' title="bbox 49 1215 1568 1272; baseline -0.004 -10"><span class='ocrx_word' id='word_1_141' title='bbox 49 1225 94 1262; x_wconf 82' lang='lat'><em>15</em></span> <span class='ocrx_word' id='word_1_142' title='bbox 104 1217 250 1266; x_wconf 73' lang='grc' dir='ltr'><em>ἐκεῖνος</em></span> <span class='ocrx_word' id='word_1_143' title='bbox 270 1215 488 1268; x_wconf 68' lang='grc' dir='ltr'><em>Λίσωπος,</em></span> <span class='ocrx_word' id='word_1_144' title='bbox 535 1216 556 1259; x_wconf 85' lang='grc' dir='ltr'><strong>ὅ</strong></span> <span class='ocrx_word' id='word_1_145' title='bbox 580 1219 654 1271; x_wconf 77' lang='grc' dir='ltr'><em>τὴν</em></span> <span class='ocrx_word' id='word_1_146' title='bbox 674 1219 923 1272; x_wconf 70' lang='grc' dir='ltr'><em>μυθοποιίαν</em></span> <span class='ocrx_word' id='word_1_147' title='bbox 945 1221 1104 1270; x_wconf 84' lang='grc' dir='ltr'><em>πρῶτος</em></span> <span class='ocrx_word' id='word_1_148' title='bbox 1126 1219 1182 1265; x_wconf 80' lang='grc' dir='ltr'><em>εἷς</em></span> <span class='ocrx_word' id='word_1_149' title='bbox 1199 1215 1269 1258; x_wconf 85' lang='grc' dir='ltr'><em>τὸν</em></span> <span class='ocrx_word' id='word_1_150' title='bbox 1290 1216 1382 1268; x_wconf 79' lang='grc' dir='ltr'><em>βίον</em></span> <span class='ocrx_word' id='word_1_151' title='bbox 1403 1218 1568 1270; x_wconf 78' lang='grc' dir='ltr'><em>εἰσαγα-</em></span> 
     </span>
     <span class='ocr_line' id='line_1_18' title="bbox 103 1282 1571 1341; baseline -0.001 -14"><span class='ocrx_word' id='word_1_152' title='bbox 103 1282 199 1341; x_wconf 77' lang='grc' dir='ltr'><em>γών,</em></span> <span class='ocrx_word' id='word_1_153' title='bbox 254 1285 323 1326; x_wconf 85' lang='grc' dir='ltr'><em>καὶ</em></span> <span class='ocrx_word' id='word_1_154' title='bbox 354 1284 429 1334; x_wconf 69' lang='grc' dir='ltr'><em>ἕως</em></span> <span class='ocrx_word' id='word_1_155' title='bbox 461 1288 535 1339; x_wconf 85' lang='grc' dir='ltr'><em>τῆς</em></span> <span class='ocrx_word' id='word_1_156' title='bbox 567 1284 835 1339; x_wconf 85' lang='grc' dir='ltr'><em>κωμοπόλεως</em></span> <span class='ocrx_word' id='word_1_157' title='bbox 863 1286 1022 1340; x_wconf 86' lang='grc' dir='ltr'><em>Μηροῦ</em></span> <span class='ocrx_word' id='word_1_158' title='bbox 1053 1284 1158 1326; x_wconf 83' lang='grc' dir='ltr'><em>κατὰ</em></span> <span class='ocrx_word' id='word_1_159' title='bbox 1189 1282 1400 1333; x_wconf 83' lang='grc' dir='ltr'><em>ἀνατολάς.</em></span> <span class='ocrx_word' id='word_1_160' title='bbox 1468 1283 1571 1340; x_wconf 81' lang='grc' dir='ltr'><em>πρὸς</em></span> 
     </span>
     <span class='ocr_line' id='line_1_19' title="bbox 104 1351 1569 1409; baseline -0.001 -14"><span class='ocrx_word' id='word_1_161' title='bbox 104 1353 150 1395; x_wconf 82' lang='grc' dir='ltr'><em>δὲ</em></span> <span class='ocrx_word' id='word_1_162' title='bbox 176 1352 251 1402; x_wconf 80' lang='grc' dir='ltr'><em>τὰς</em></span> <span class='ocrx_word' id='word_1_163' title='bbox 277 1352 437 1406; x_wconf 77' lang='grc' dir='ltr'><em>δυσμὰς</em></span> <span class='ocrx_word' id='word_1_164' title='bbox 465 1351 683 1409; x_wconf 79' lang='grc' dir='ltr'><em>καταλήγει</em></span> <span class='ocrx_word' id='word_1_165' title='bbox 715 1357 770 1404; x_wconf 80' lang='grc' dir='ltr'><em>εἷς</em></span> <span class='ocrx_word' id='word_1_166' title='bbox 795 1353 992 1407; x_wconf 80' lang='grc' dir='ltr'><em>Ἄβυδον,</em></span> <span class='ocrx_word' id='word_1_167' title='bbox 1036 1352 1138 1409; x_wconf 82' lang='grc' dir='ltr'><em>πρὸς</em></span> <span class='ocrx_word' id='word_1_168' title='bbox 1160 1352 1203 1393; x_wconf 77' lang='grc' dir='ltr'><em>δὲ</em></span> <span class='ocrx_word' id='word_1_169' title='bbox 1222 1351 1374 1402; x_wconf 87' lang='grc' dir='ltr'><em>πλάτος</em></span> <span class='ocrx_word' id='word_1_170' title='bbox 1396 1352 1475 1394; x_wconf 80' lang='grc' dir='ltr'><em>ἀπὸ</em></span> <span class='ocrx_word' id='word_1_171' title='bbox 1496 1356 1569 1394; x_wconf 88' lang='grc' dir='ltr'><em>τοῦ</em></span> 
     </span>
     <span class='ocr_line' id='line_1_20' title="bbox 99 1419 1571 1478; baseline -0.001 -15"><span class='ocrx_word' id='word_1_172' title='bbox 99 1419 322 1464; x_wconf 81' lang='grc' dir='ltr'><em>Ῥυνδακοῦ</em></span> <span class='ocrx_word' id='word_1_173' title='bbox 353 1425 540 1476; x_wconf 86' lang='grc' dir='ltr'><em>ποταμοῦ</em></span> <span class='ocrx_word' id='word_1_174' title='bbox 572 1423 640 1464; x_wconf 85' lang='grc' dir='ltr'><em>καὶ</em></span> <span class='ocrx_word' id='word_1_175' title='bbox 673 1422 790 1478; x_wconf 69' lang='grc' dir='ltr'><em>μέχρι</em></span> <span class='ocrx_word' id='word_1_176' title='bbox 820 1426 892 1475; x_wconf 83' lang='grc' dir='ltr'><em>τῆς</em></span> <span class='ocrx_word' id='word_1_177' title='bbox 923 1419 1192 1476; x_wconf 76' lang='grc' dir='ltr'><em>κωμοπόλεως</em></span> <span class='ocrx_word' id='word_1_178' title='bbox 1220 1425 1292 1475; x_wconf 80' lang='grc' dir='ltr'><em>τῆς</em></span> <span class='ocrx_word' id='word_1_179' title='bbox 1322 1421 1571 1475; x_wconf 82' lang='grc' dir='ltr'><em>καλουμένης</em></span> 
     </span>
     <span class='ocr_line' id='line_1_21' title="bbox 104 1489 1570 1546; baseline -0.001 -14"><span class='ocrx_word' id='word_1_180' title='bbox 104 1489 369 1546; x_wconf 83' lang='grc' dir='ltr'><em>Δοματηροῦ.</em></span> <span class='ocrx_word' id='word_1_181' title='bbox 434 1492 503 1532; x_wconf 85' lang='grc' dir='ltr'><em>καὶ</em></span> <span class='ocrx_word' id='word_1_182' title='bbox 519 1489 625 1533; x_wconf 72' lang='grc' dir='ltr'><em>οὕτω</em></span> <span class='ocrx_word' id='word_1_183' title='bbox 641 1492 715 1546; x_wconf 72' lang='grc' dir='ltr'><em>μὲν</em></span> <span class='ocrx_word' id='word_1_184' title='bbox 744 1491 789 1533; x_wconf 86' lang='grc' dir='ltr'><em>τὸ</em></span> <span class='ocrx_word' id='word_1_185' title='bbox 806 1491 1008 1545; x_wconf 80' lang='grc' dir='ltr'><em>Ὀψίκιον.</em></span> <span class='ocrx_word' id='word_1_186' title='bbox 1075 1492 1142 1532; x_wconf 90' lang='grc' dir='ltr'><em>καὶ</em></span> <span class='ocrx_word' id='word_1_187' title='bbox 1161 1489 1234 1544; x_wconf 87' lang='grc' dir='ltr'><em>τὴν</em></span> <span class='ocrx_word' id='word_1_188' title='bbox 1254 1489 1475 1545; x_wconf 84' lang='grc' dir='ltr'><em>ὀνομασίαν</em></span> <span class='ocrx_word' id='word_1_189' title='bbox 1493 1490 1570 1531; x_wconf 81' lang='grc' dir='ltr'><em>αὖ-</em></span> 
     </span>
     <span class='ocr_line' id='line_1_22' title="bbox 49 1558 1572 1617; baseline -0.001 -17"><span class='ocrx_word' id='word_1_190' title='bbox 49 1563 181 1601; x_wconf 62' lang='lat' dir='ltr'>sowa?</span> <span class='ocrx_word' id='word_1_191' title='bbox 203 1558 375 1613; x_wconf 71' lang='grc' dir='ltr'><em>εἴπομεν,</em></span> <span class='ocrx_word' id='word_1_192' title='bbox 411 1559 480 1602; x_wconf 81' lang='grc' dir='ltr'><em>διὰ</em></span> <span class='ocrx_word' id='word_1_193' title='bbox 498 1559 544 1602; x_wconf 83' lang='grc' dir='ltr'><em>τὸ</em></span> <span class='ocrx_word' id='word_1_194' title='bbox 565 1558 894 1617; x_wconf 76' lang='grc' dir='ltr'><em>προπορεύεσθαι</em></span> <span class='ocrx_word' id='word_1_195' title='bbox 926 1559 1158 1615; x_wconf 66' lang='grc' dir='ltr'><em>ἔμπροσθεν</em></span> <span class='ocrx_word' id='word_1_196' title='bbox 1185 1562 1259 1601; x_wconf 89' lang='grc' dir='ltr'><em>τοῦ</em></span> <span class='ocrx_word' id='word_1_197' title='bbox 1281 1560 1482 1612; x_wconf 76' lang='grc' dir='ltr'><em>βασιλέως</em></span> <span class='ocrx_word' id='word_1_198' title='bbox 1502 1560 1572 1600; x_wconf 85' lang='grc' dir='ltr'><em>καὶ</em></span> 
     </span>
     <span class='ocr_line' id='line_1_23' title="bbox 105 1627 1572 1686; baseline -0.001 -16"><span class='ocrx_word' id='word_1_199' title='bbox 105 1629 350 1686; x_wconf 82' lang='grc' dir='ltr'><em>καταρτίζειν</em></span> <span class='ocrx_word' id='word_1_200' title='bbox 370 1629 437 1670; x_wconf 83' lang='grc' dir='ltr'><em>καὶ</em></span> <span class='ocrx_word' id='word_1_201' title='bbox 460 1627 686 1671; x_wconf 74' lang='grc' dir='ltr'><em>διευθύνειν</em></span> <span class='ocrx_word' id='word_1_202' title='bbox 711 1629 786 1679; x_wconf 79' lang='grc' dir='ltr'><em>τὰς</em></span> <span class='ocrx_word' id='word_1_203' title='bbox 815 1627 935 1679; x_wconf 75' lang='grc' dir='ltr'><em>ὁδοὺς</em></span> <span class='ocrx_word' id='word_1_204' title='bbox 963 1628 1089 1671; x_wconf 77' lang='grc' dir='ltr'><em>αὐτοῦ</em></span> <span class='ocrx_word' id='word_1_205' title='bbox 1118 1628 1186 1670; x_wconf 86' lang='grc' dir='ltr'><em>καὶ</em></span> <span class='ocrx_word' id='word_1_206' title='bbox 1215 1627 1358 1681; x_wconf 86' lang='grc' dir='ltr'><em>μονάς.</em></span> <span class='ocrx_word' id='word_1_207' title='bbox 1428 1629 1502 1670; x_wconf 77' lang='grc' dir='ltr'><em>εἶσὶ</em></span> <span class='ocrx_word' id='word_1_208' title='bbox 1527 1627 1572 1669; x_wconf 81' lang='grc' dir='ltr'><em>δὲ</em></span> 
     </span>
    </p>
   </div>
   <div class='ocr_carea' id='block_1_5' title="bbox 194 1741 1575 2022">
    <p class='ocr_par' dir='ltr' id='par_1_5' title="bbox 194 1741 1575 2022">
     <span class='ocr_line' id='line_1_24' title="bbox 198 1741 1574 1791; baseline -0.001 -9"><span class='ocrx_word' id='word_1_209' title='bbox 198 1746 218 1782; x_wconf 82' lang='grc'>1</span> <span class='ocrx_word' id='word_1_210' title='bbox 241 1741 446 1790; x_wconf 69' lang='grc' dir='ltr'><em>ἀρχόμενον</em></span> <span class='ocrx_word' id='word_1_211' title='bbox 467 1746 536 1781; x_wconf 85' lang='lat' dir='ltr'><em>AV</em></span> <span class='ocrx_word' id='word_1_212' title='bbox 680 1745 870 1782; x_wconf 82' lang='grc' dir='ltr'><em>τουτέστιν</em></span> <span class='ocrx_word' id='word_1_213' title='bbox 894 1758 949 1781; x_wconf 92' lang='lat' dir='ltr'><em>om</em></span> <span class='ocrx_word' id='word_1_214' title='bbox 971 1747 1002 1781; x_wconf 87' lang='lat' dir='ltr'>C</span> <span class='ocrx_word' id='word_1_215' title='bbox 1149 1747 1173 1782; x_wconf 87' lang='lat'>3</span> <span class='ocrx_word' id='word_1_216' title='bbox 1195 1745 1260 1781; x_wconf 79' lang='grc' dir='ltr'><em>καὶ</em></span> <span class='ocrx_word' id='word_1_217' title='bbox 1282 1744 1402 1791; x_wconf 71' lang='grc' dir='ltr'><em>αὐτῆς</em></span> <span class='ocrx_word' id='word_1_218' title='bbox 1423 1758 1574 1790; x_wconf 84' lang='grc' dir='ltr'><em>προικο-</em></span> 
     </span>
     <span class='ocr_line' id='line_1_25' title="bbox 195 1789 1574 1838; baseline 0 -13"><span class='ocrx_word' id='word_1_219' title='bbox 195 1789 314 1835; x_wconf 66' lang='grc' dir='ltr'><em>νήσου</em></span> <span class='ocrx_word' id='word_1_220' title='bbox 337 1791 401 1826; x_wconf 84' lang='lat' dir='ltr'><em>AV</em></span> <span class='ocrx_word' id='word_1_221' title='bbox 503 1790 653 1834; x_wconf 78' lang='grc' dir='ltr'><em>κῦζικόν</em></span> <span class='ocrx_word' id='word_1_222' title='bbox 675 1805 715 1827; x_wconf 85' lang='grc' dir='ltr'><em>τε</em></span> <span class='ocrx_word' id='word_1_223' title='bbox 737 1794 801 1827; x_wconf 80' lang='grc' dir='ltr'><em>καὶ</em></span> <span class='ocrx_word' id='word_1_224' title='bbox 823 1791 962 1838; x_wconf 80' lang='grc' dir='ltr'><em>ποῖριον</em></span> <span class='ocrx_word' id='word_1_225' title='bbox 987 1793 1050 1827; x_wconf 83' lang='lat' dir='ltr'><em>AV</em></span> <span class='ocrx_word' id='word_1_226' title='bbox 1155 1791 1179 1827; x_wconf 85' lang='lat'>4</span> <span class='ocrx_word' id='word_1_227' title='bbox 1201 1791 1248 1827; x_wconf 76' lang='grc' dir='ltr'><em>τὰ</em></span> <span class='ocrx_word' id='word_1_228' title='bbox 1274 1790 1340 1835; x_wconf 76' lang='grc' dir='ltr'><em>μὲν</em></span> <span class='ocrx_word' id='word_1_229' title='bbox 1363 1792 1427 1827; x_wconf 83' lang='grc' dir='ltr'><em>καὶ</em></span> <span class='ocrx_word' id='word_1_230' title='bbox 1450 1804 1574 1836; x_wconf 84' lang='grc' dir='ltr'><em>παροι-</em></span> 
     </span>
     <span class='ocr_line' id='line_1_26' title="bbox 194 1835 1574 1884; baseline -0.001 -13"><span class='ocrx_word' id='word_1_231' title='bbox 194 1835 383 1872; x_wconf 78' lang='grc' dir='ltr'><em>θαλοίσσια</em></span> <span class='ocrx_word' id='word_1_232' title='bbox 405 1837 440 1869; x_wconf 89' lang='lat' dir='ltr'><strong>V</strong></span> <span class='ocrx_word' id='word_1_233' title='bbox 552 1840 574 1874; x_wconf 87' lang='lat'><strong>7</strong></span> <span class='ocrx_word' id='word_1_234' title='bbox 597 1840 805 1884; x_wconf 77' lang='grc' dir='ltr'><em>Γοτθηνῶν</em></span> <span class='ocrx_word' id='word_1_235' title='bbox 827 1839 859 1872; x_wconf 90' lang='lat' dir='ltr'>V</span> <span class='ocrx_word' id='word_1_236' title='bbox 976 1840 998 1874; x_wconf 94' lang='lat'><strong>9</strong></span> <span class='ocrx_word' id='word_1_237' title='bbox 1022 1837 1227 1882; x_wconf 80' lang='grc' dir='ltr'><em>ῥυνδιακοῦ</em></span> <span class='ocrx_word' id='word_1_238' title='bbox 1253 1839 1283 1873; x_wconf 86' lang='lat' dir='ltr'>C</span> <span class='ocrx_word' id='word_1_239' title='bbox 1374 1837 1444 1882; x_wconf 87' lang='grc' dir='ltr'><em>τὴν</em></span> <span class='ocrx_word' id='word_1_240' title='bbox 1466 1851 1520 1873; x_wconf 89' lang='lat' dir='ltr'><em>om</em></span> <span class='ocrx_word' id='word_1_241' title='bbox 1543 1839 1574 1870; x_wconf 94' lang='lat' dir='ltr'>V</span> 
     </span>
     <span class='ocr_line' id='line_1_27' title="bbox 198 1883 1575 1928; baseline 0 -10"><span class='ocrx_word' id='word_1_242' title='bbox 198 1884 242 1918; x_wconf 90' lang='lat'><em>11</em></span> <span class='ocrx_word' id='word_1_243' title='bbox 266 1883 421 1928; x_wconf 81' lang='grc' dir='ltr'><em>ποταμῷ</em></span> <span class='ocrx_word' id='word_1_244' title='bbox 445 1884 513 1920; x_wconf 85' lang='lat' dir='ltr'><em>add</em></span> <span class='ocrx_word' id='word_1_245' title='bbox 535 1884 564 1918; x_wconf 99' lang='lat' dir='ltr'>A</span> <span class='ocrx_word' id='word_1_246' title='bbox 706 1886 749 1920; x_wconf 87' lang='lat'><em>14</em></span> <span class='ocrx_word' id='word_1_247' title='bbox 770 1885 838 1918; x_wconf 86' lang='grc' dir='ltr'><em>τοῦ</em></span> <span class='ocrx_word' id='word_1_248' title='bbox 864 1897 918 1920; x_wconf 91' lang='lat' dir='ltr'><em>om</em></span> <span class='ocrx_word' id='word_1_249' title='bbox 941 1884 975 1918; x_wconf 89' lang='lat' dir='ltr'><strong>V</strong></span> <span class='ocrx_word' id='word_1_250' title='bbox 999 1890 1035 1919; x_wconf 89' lang='lat' dir='ltr'><em>et</em></span> <span class='ocrx_word' id='word_1_251' title='bbox 1057 1885 1256 1919; x_wconf 86' lang='lat' dir='ltr'>Bandurius</span> <span class='ocrx_word' id='word_1_252' title='bbox 1373 1885 1416 1920; x_wconf 85' lang='lat'><em>15</em></span> <span class='ocrx_word' id='word_1_253' title='bbox 1436 1883 1575 1928; x_wconf 80' lang='grc' dir='ltr'><em>κόσμον</em></span> 
     </span>
     <span class='ocr_line' id='line_1_28' title="bbox 196 1927 1572 1974; baseline 0.002 -12"><span class='ocrx_word' id='word_1_254' title='bbox 196 1927 408 1972; x_wconf 78' lang='grc' dir='ltr'><em>εἰσενεγκοόν</em></span> <span class='ocrx_word' id='word_1_255' title='bbox 433 1929 462 1964; x_wconf 91' lang='grc' dir='ltr'><strong>Α</strong></span> <span class='ocrx_word' id='word_1_256' title='bbox 601 1932 644 1966; x_wconf 89' lang='grc'><em>16</em></span> <span class='ocrx_word' id='word_1_257' title='bbox 665 1931 796 1974; x_wconf 81' lang='grc' dir='ltr'><em>μικροῦ</em></span> <span class='ocrx_word' id='word_1_258' title='bbox 823 1930 853 1964; x_wconf 88' lang='lat' dir='ltr'>C</span> <span class='ocrx_word' id='word_1_259' title='bbox 994 1932 1038 1966; x_wconf 88' lang='grc'><em>17</em></span> <span class='ocrx_word' id='word_1_260' title='bbox 1060 1928 1100 1965; x_wconf 80' lang='grc' dir='ltr'><em>δὲ</em></span> <span class='ocrx_word' id='word_1_261' title='bbox 1125 1929 1196 1971; x_wconf 81' lang='grc' dir='ltr'><em>τὰς</em></span> <span class='ocrx_word' id='word_1_262' title='bbox 1219 1942 1274 1965; x_wconf 90' lang='lat' dir='ltr'><em>om</em></span> <span class='ocrx_word' id='word_1_263' title='bbox 1299 1930 1330 1965; x_wconf 87' lang='lat' dir='ltr'>C</span> <span class='ocrx_word' id='word_1_264' title='bbox 1435 1932 1480 1967; x_wconf 89' lang='grc'><em>18</em></span> <span class='ocrx_word' id='word_1_265' title='bbox 1504 1930 1572 1965; x_wconf 85' lang='grc' dir='ltr'><em>τοῦ</em></span> 
     </span>
     <span class='ocr_line' id='line_1_29' title="bbox 197 1973 975 2022; baseline 0.003 -13"><span class='ocrx_word' id='word_1_266' title='bbox 197 1973 393 2019; x_wconf 77' lang='grc' dir='ltr'><em>λεγομένου</em></span> <span class='ocrx_word' id='word_1_267' title='bbox 416 1975 446 2010; x_wconf 91' lang='grc' dir='ltr'><strong>Α</strong></span> <span class='ocrx_word' id='word_1_268' title='bbox 550 1977 598 2011; x_wconf 76' lang='lat'><em>20</em></span> <span class='ocrx_word' id='word_1_269' title='bbox 621 1974 830 2022; x_wconf 76' lang='grc' dir='ltr'><em>ἔμπροσθεν</em></span> <span class='ocrx_word' id='word_1_270' title='bbox 853 1976 922 2011; x_wconf 88' lang='lat' dir='ltr'><em>add</em></span> <span class='ocrx_word' id='word_1_271' title='bbox 944 1975 975 2011; x_wconf 87' lang='lat' dir='ltr'>A</span> 
     </span>
    </p>
   </div>
   <div class='ocr_carea' id='block_1_6' title="bbox 106 2075 1619 2861">
    <p class='ocr_par' dir='ltr' id='par_1_6' title="bbox 106 2075 1619 2861">
     <span class='ocr_line' id='line_1_30' title="bbox 106 2075 1619 2124; baseline 0 -13"><span class='ocrx_word' id='word_1_272' title='bbox 106 2075 280 2112; x_wconf 76' lang='lat' dir='ltr'>Astaceno</span> <span class='ocrx_word' id='word_1_273' title='bbox 305 2079 342 2112; x_wconf 83' lang='lat' dir='ltr'><em>et</em></span> <span class='ocrx_word' id='word_1_274' title='bbox 364 2088 386 2111; x_wconf 83' lang='lat' dir='ltr'>a</span> <span class='ocrx_word' id='word_1_275' title='bbox 406 2078 644 2123; x_wconf 79' lang='lat' dir='ltr'>promontorio</span> <span class='ocrx_word' id='word_1_276' title='bbox 667 2078 854 2124; x_wconf 80' lang='lat' dir='ltr'>Dascylio,</span> <span class='ocrx_word' id='word_1_277' title='bbox 892 2078 936 2112; x_wconf 89' lang='lat' dir='ltr'><em>ad</em></span> <span class='ocrx_word' id='word_1_278' title='bbox 958 2077 1140 2113; x_wconf 82' lang='lat' dir='ltr'><strong>Tritonem</strong></span> <span class='ocrx_word' id='word_1_279' title='bbox 1162 2088 1275 2123; x_wconf 84' lang='lat' dir='ltr'>usque</span> <span class='ocrx_word' id='word_1_280' title='bbox 1299 2081 1336 2112; x_wconf 90' lang='lat' dir='ltr'><em>et</em></span> <span class='ocrx_word' id='word_1_281' title='bbox 1357 2081 1491 2112; x_wconf 85' lang='lat' dir='ltr'>montes</span> <span class='ocrx_word' id='word_1_282' title='bbox 1514 2077 1576 2112; x_wconf 86' lang='lat' dir='ltr'><em>Si-</em></span> <span class='ocrx_word' id='word_1_283' title='bbox 1616 2095 1619 2100; x_wconf 93' lang='lat'>·</span> 
     </span>
     <span class='ocr_line' id='line_1_31' title="bbox 106 2123 1577 2170; baseline 0.001 -13"><span class='ocrx_word' id='word_1_284' title='bbox 106 2123 251 2168; x_wconf 82' lang='lat' dir='ltr'>grianae</span> <span class='ocrx_word' id='word_1_285' title='bbox 272 2127 378 2169; x_wconf 75' lang='lat' dir='ltr'>atque</span> <span class='ocrx_word' id='word_1_286' title='bbox 398 2123 508 2169; x_wconf 84' lang='lat' dir='ltr'><strong>ipsam</strong></span> <span class='ocrx_word' id='word_1_287' title='bbox 531 2125 809 2169; x_wconf 85' lang='lat' dir='ltr'>Proeconesum,</span> <span class='ocrx_word' id='word_1_288' title='bbox 844 2125 890 2159; x_wconf 89' lang='lat' dir='ltr'><em>ad</em></span> <span class='ocrx_word' id='word_1_289' title='bbox 923 2125 1033 2170; x_wconf 77' lang='lat' dir='ltr'>ipsam</span> <span class='ocrx_word' id='word_1_290' title='bbox 1065 2134 1204 2170; x_wconf 90' lang='lat' dir='ltr'>quoque</span> <span class='ocrx_word' id='word_1_291' title='bbox 1224 2125 1384 2167; x_wconf 82' lang='lat' dir='ltr'>Abydum</span> <span class='ocrx_word' id='word_1_292' title='bbox 1408 2124 1577 2167; x_wconf 80' lang='lat' dir='ltr'>Cyzicum</span> 
     </span>
     <span class='ocr_line' id='line_1_32' title="bbox 109 2168 1575 2217; baseline -0.001 -13"><span class='ocrx_word' id='word_1_293' title='bbox 109 2174 146 2204; x_wconf 86' lang='lat' dir='ltr'><em>et</em></span> <span class='ocrx_word' id='word_1_294' title='bbox 165 2168 327 2213; x_wconf 80' lang='lat' dir='ltr'>Parium,</span> <span class='ocrx_word' id='word_1_295' title='bbox 362 2181 402 2204; x_wconf 83' lang='lat' dir='ltr'><em>se</em></span> <span class='ocrx_word' id='word_1_296' title='bbox 424 2170 587 2216; x_wconf 86' lang='lat' dir='ltr'>porrigit.</span> <span class='ocrx_word' id='word_1_297' title='bbox 637 2177 672 2206; x_wconf 88' lang='lat' dir='ltr'><em>et</em></span> <span class='ocrx_word' id='word_1_298' title='bbox 702 2172 841 2217; x_wconf 88' lang='lat' dir='ltr'>quidem</span> <span class='ocrx_word' id='word_1_299' title='bbox 874 2170 1076 2205; x_wconf 85' lang='lat' dir='ltr'>inferiorem</span> <span class='ocrx_word' id='word_1_300' title='bbox 1112 2183 1153 2205; x_wconf 81' lang='lat' dir='ltr'><em>ac</em></span> <span class='ocrx_word' id='word_1_301' title='bbox 1181 2170 1386 2204; x_wconf 81' lang='lat' dir='ltr'>maritimam</span> <span class='ocrx_word' id='word_1_302' title='bbox 1412 2181 1506 2204; x_wconf 82' lang='lat' dir='ltr'>oram</span> <span class='ocrx_word' id='word_1_303' title='bbox 1531 2171 1575 2204; x_wconf 85' lang='lat' dir='ltr'><em>ab</em></span> 
     </span>
     <span class='ocr_line' id='line_1_33' title="bbox 107 2215 1576 2262; baseline -0.001 -12"><span class='ocrx_word' id='word_1_304' title='bbox 107 2215 280 2250; x_wconf 66' lang='lat' dir='ltr'><em>Astacana</em></span> <span class='ocrx_word' id='word_1_305' title='bbox 303 2215 382 2250; x_wconf 82' lang='lat' dir='ltr'>sinu</span> <span class='ocrx_word' id='word_1_306' title='bbox 404 2216 629 2262; x_wconf 83' lang='lat' dir='ltr'>incipientem</span> <span class='ocrx_word' id='word_1_307' title='bbox 653 2222 690 2251; x_wconf 91' lang='lat' dir='ltr'><em>et</em></span> <span class='ocrx_word' id='word_1_308' title='bbox 713 2229 732 2251; x_wconf 83' lang='lat' dir='ltr'>a</span> <span class='ocrx_word' id='word_1_309' title='bbox 755 2217 855 2262; x_wconf 85' lang='lat' dir='ltr'>Pylis</span> <span class='ocrx_word' id='word_1_310' title='bbox 878 2229 969 2262; x_wconf 87' lang='lat' dir='ltr'>quae</span> <span class='ocrx_word' id='word_1_311' title='bbox 992 2222 1173 2261; x_wconf 84' lang='lat' dir='ltr'>vocantur,</span> <span class='ocrx_word' id='word_1_312' title='bbox 1209 2227 1320 2261; x_wconf 87' lang='lat' dir='ltr'>usque</span> <span class='ocrx_word' id='word_1_313' title='bbox 1343 2217 1386 2250; x_wconf 86' lang='lat' dir='ltr'><em>ad</em></span> <span class='ocrx_word' id='word_1_314' title='bbox 1412 2217 1576 2250; x_wconf 82' lang='lat' dir='ltr'>mediter-</span> 
     </span>
     <span class='ocr_line' id='line_1_34' title="bbox 107 2261 1576 2308; baseline 0 -12"><span class='ocrx_word' id='word_1_315' title='bbox 107 2272 216 2296; x_wconf 83' lang='lat' dir='ltr'>ranea</span> <span class='ocrx_word' id='word_1_316' title='bbox 239 2261 383 2307; x_wconf 81' lang='lat' dir='ltr'>Olympi</span> <span class='ocrx_word' id='word_1_317' title='bbox 413 2263 473 2307; x_wconf 90' lang='lat' dir='ltr'><em>qui</em></span> <span class='ocrx_word' id='word_1_318' title='bbox 497 2262 635 2308; x_wconf 85' lang='lat' dir='ltr'>Mysius</span> <span class='ocrx_word' id='word_1_319' title='bbox 667 2263 816 2307; x_wconf 88' lang='lat' dir='ltr'>dicitur,</span> <span class='ocrx_word' id='word_1_320' title='bbox 861 2269 896 2297; x_wconf 89' lang='lat' dir='ltr'><em>et</em></span> <span class='ocrx_word' id='word_1_321' title='bbox 926 2263 970 2297; x_wconf 84' lang='lat' dir='ltr'><em>ad</em></span> <span class='ocrx_word' id='word_1_322' title='bbox 996 2264 1173 2308; x_wconf 82' lang='lat' dir='ltr'>regionem</span> <span class='ocrx_word' id='word_1_323' title='bbox 1197 2262 1495 2307; x_wconf 81' lang='lat' dir='ltr'>Dagotthenorum</span> <span class='ocrx_word' id='word_1_324' title='bbox 1522 2263 1576 2296; x_wconf 89' lang='lat' dir='ltr'><em>di—</em></span> 
     </span>
     <span class='ocr_line' id='line_1_35' title="bbox 109 2308 1576 2354; baseline 0 -12"><span class='ocrx_word' id='word_1_325' title='bbox 109 2313 219 2350; x_wconf 81' lang='lat' dir='ltr'>ctam,</span> <span class='ocrx_word' id='word_1_326' title='bbox 253 2313 290 2342; x_wconf 84' lang='lat' dir='ltr'><em>et</em></span> <span class='ocrx_word' id='word_1_327' title='bbox 320 2308 364 2341; x_wconf 84' lang='lat' dir='ltr'><em>ad</em></span> <span class='ocrx_word' id='word_1_328' title='bbox 393 2308 502 2354; x_wconf 85' lang='lat' dir='ltr'>ipsam</span> <span class='ocrx_word' id='word_1_329' title='bbox 525 2310 730 2344; x_wconf 86' lang='lat' dir='ltr'>Prusiadem</span> <span class='ocrx_word' id='word_1_330' title='bbox 755 2321 864 2354; x_wconf 90' lang='lat' dir='ltr'>usque</span> <span class='ocrx_word' id='word_1_331' title='bbox 885 2309 1031 2353; x_wconf 82' lang='lat' dir='ltr'>Bithyni</span> <span class='ocrx_word' id='word_1_332' title='bbox 1056 2309 1226 2343; x_wconf 81' lang='lat' dir='ltr'>habitant.</span> <span class='ocrx_word' id='word_1_333' title='bbox 1274 2308 1460 2343; x_wconf 84' lang='lat' dir='ltr'>australem</span> <span class='ocrx_word' id='word_1_334' title='bbox 1491 2320 1576 2342; x_wconf 79' lang='lat' dir='ltr'>vero</span> 
     </span>
     <span class='ocr_line' id='line_1_36' title="bbox 109 2352 1579 2399; baseline 0.002 -13"><span class='ocrx_word' id='word_1_335' title='bbox 109 2352 253 2398; x_wconf 82' lang='lat' dir='ltr'>Olympi</span> <span class='ocrx_word' id='word_1_336' title='bbox 273 2358 408 2398; x_wconf 83' lang='lat' dir='ltr'>partem</span> <span class='ocrx_word' id='word_1_337' title='bbox 432 2355 475 2389; x_wconf 89' lang='lat' dir='ltr'><em>ad</em></span> <span class='ocrx_word' id='word_1_338' title='bbox 498 2355 642 2390; x_wconf 86' lang='lat' dir='ltr'>fluvium</span> <span class='ocrx_word' id='word_1_339' title='bbox 667 2356 893 2399; x_wconf 84' lang='lat' dir='ltr'>Rhyndacum</span> <span class='ocrx_word' id='word_1_340' title='bbox 925 2366 1035 2399; x_wconf 88' lang='lat' dir='ltr'>usque</span> <span class='ocrx_word' id='word_1_341' title='bbox 1056 2354 1213 2389; x_wconf 88' lang='lat' dir='ltr'>incolunt</span> <span class='ocrx_word' id='word_1_342' title='bbox 1236 2354 1358 2399; x_wconf 83' lang='lat' dir='ltr'>Mysii.</span> <span class='ocrx_word' id='word_1_343' title='bbox 1406 2354 1579 2389; x_wconf 83' lang='lat' dir='ltr'>maritima</span> 
     </span>
     <span class='ocr_line' id='line_1_37' title="bbox 109 2399 1577 2446; baseline 0.001 -13"><span class='ocrx_word' id='word_1_344' title='bbox 109 2405 226 2434; x_wconf 87' lang='lat' dir='ltr'>autem</span> <span class='ocrx_word' id='word_1_345' title='bbox 249 2405 286 2433; x_wconf 89' lang='lat' dir='ltr'><em>et</em></span> <span class='ocrx_word' id='word_1_346' title='bbox 310 2399 477 2444; x_wconf 80' lang='lat' dir='ltr'>Cyzicum</span> <span class='ocrx_word' id='word_1_347' title='bbox 499 2401 696 2435; x_wconf 81' lang='lat' dir='ltr'>inhabitant</span> <span class='ocrx_word' id='word_1_348' title='bbox 719 2402 878 2446; x_wconf 82' lang='lat' dir='ltr'>Phryges</span> <span class='ocrx_word' id='word_1_349' title='bbox 903 2406 938 2435; x_wconf 86' lang='lat' dir='ltr'><em>et</em></span> <span class='ocrx_word' id='word_1_350' title='bbox 961 2402 1113 2445; x_wconf 80' lang='lat' dir='ltr'>Graeci,</span> <span class='ocrx_word' id='word_1_351' title='bbox 1150 2413 1172 2435; x_wconf 82' lang='lat' dir='ltr'>a</span> <span class='ocrx_word' id='word_1_352' title='bbox 1195 2401 1348 2435; x_wconf 81' lang='lat' dir='ltr'>Granico</span> <span class='ocrx_word' id='word_1_353' title='bbox 1383 2401 1492 2435; x_wconf 91' lang='lat' dir='ltr'>fluvio</span> <span class='ocrx_word' id='word_1_354' title='bbox 1527 2402 1577 2435; x_wconf 76' lang='lat' dir='ltr'><em>ita</em></span> 
     </span>
     <span class='ocr_line' id='line_1_38' title="bbox 108 2445 1577 2492; baseline 0.002 -14"><span class='ocrx_word' id='word_1_355' title='bbox 108 2445 310 2489; x_wconf 81' lang='lat' dir='ltr'>nuncupati,</span> <span class='ocrx_word' id='word_1_356' title='bbox 347 2446 408 2480; x_wconf 91' lang='lat' dir='ltr'><em>ubi</em></span> <span class='ocrx_word' id='word_1_357' title='bbox 429 2446 624 2481; x_wconf 86' lang='lat' dir='ltr'>Alexander</span> <span class='ocrx_word' id='word_1_358' title='bbox 647 2448 793 2482; x_wconf 88' lang='lat' dir='ltr'>Macedo</span> <span class='ocrx_word' id='word_1_359' title='bbox 819 2447 961 2492; x_wconf 87' lang='lat' dir='ltr'>primum</span> <span class='ocrx_word' id='word_1_360' title='bbox 983 2447 1150 2492; x_wconf 86' lang='lat' dir='ltr'>praelium</span> <span class='ocrx_word' id='word_1_361' title='bbox 1175 2459 1248 2481; x_wconf 90' lang='lat' dir='ltr'>cum</span> <span class='ocrx_word' id='word_1_362' title='bbox 1271 2447 1455 2481; x_wconf 88' lang='lat' dir='ltr'>Persarum</span> <span class='ocrx_word' id='word_1_363' title='bbox 1478 2447 1577 2481; x_wconf 86' lang='lat' dir='ltr'>duci-</span> 
     </span>
     <span class='ocr_line' id='line_1_39' title="bbox 108 2491 1579 2538; baseline 0.002 -14"><span class='ocrx_word' id='word_1_364' title='bbox 108 2492 174 2525; x_wconf 79' lang='lat' dir='ltr'><em>bus</em></span> <span class='ocrx_word' id='word_1_365' title='bbox 201 2491 384 2526; x_wconf 85' lang='lat' dir='ltr'>commisit.</span> <span class='ocrx_word' id='word_1_366' title='bbox 430 2492 576 2527; x_wconf 84' lang='lat' dir='ltr'>ulterius</span> <span class='ocrx_word' id='word_1_367' title='bbox 607 2505 692 2528; x_wconf 84' lang='lat' dir='ltr'>vero</span> <span class='ocrx_word' id='word_1_368' title='bbox 726 2495 770 2528; x_wconf 89' lang='lat' dir='ltr'><em>ad</em></span> <span class='ocrx_word' id='word_1_369' title='bbox 793 2493 1005 2537; x_wconf 87' lang='lat' dir='ltr'>Dorylaeum</span> <span class='ocrx_word' id='word_1_370' title='bbox 1038 2499 1074 2528; x_wconf 84' lang='lat' dir='ltr'><em>et</em></span> <span class='ocrx_word' id='word_1_371' title='bbox 1102 2493 1215 2538; x_wconf 90' lang='lat' dir='ltr'>ipsum</span> <span class='ocrx_word' id='word_1_372' title='bbox 1240 2493 1432 2538; x_wconf 84' lang='lat' dir='ltr'>Cotyaeum</span> <span class='ocrx_word' id='word_1_373' title='bbox 1467 2504 1579 2537; x_wconf 84' lang='lat' dir='ltr'>usque</span> 
     </span>
     <span class='ocr_line' id='line_1_40' title="bbox 110 2536 1580 2584; baseline 0.002 -15"><span class='ocrx_word' id='word_1_374' title='bbox 110 2536 329 2580; x_wconf 83' lang='lat' dir='ltr'>extenditur3</span> <span class='ocrx_word' id='word_1_375' title='bbox 367 2549 411 2572; x_wconf 88' lang='lat' dir='ltr'><em>ex</em></span> <span class='ocrx_word' id='word_1_376' title='bbox 443 2550 512 2583; x_wconf 85' lang='lat' dir='ltr'>qua</span> <span class='ocrx_word' id='word_1_377' title='bbox 544 2539 683 2584; x_wconf 88' lang='lat' dir='ltr'>quidem</span> <span class='ocrx_word' id='word_1_378' title='bbox 714 2542 800 2574; x_wconf 89' lang='lat' dir='ltr'>urbe</span> <span class='ocrx_word' id='word_1_379' title='bbox 832 2539 964 2584; x_wconf 87' lang='lat' dir='ltr'>prodiit</span> <span class='ocrx_word' id='word_1_380' title='bbox 993 2539 1237 2574; x_wconf 88' lang='lat' dir='ltr'>celeberrimus</span> <span class='ocrx_word' id='word_1_381' title='bbox 1271 2551 1313 2572; x_wconf 86' lang='lat' dir='ltr'><em>ac</em></span> <span class='ocrx_word' id='word_1_382' title='bbox 1336 2546 1496 2574; x_wconf 82' lang='lat' dir='ltr'>vetustus</span> <span class='ocrx_word' id='word_1_383' title='bbox 1520 2539 1580 2573; x_wconf 87' lang='lat' dir='ltr'>ille</span> 
     </span>
     <span class='ocr_line' id='line_1_41' title="bbox 111 2582 1579 2631; baseline 0.001 -14"><span class='ocrx_word' id='word_1_384' title='bbox 111 2582 290 2627; x_wconf 78' lang='lat' dir='ltr'>Aesopus,</span> <span class='ocrx_word' id='word_1_385' title='bbox 321 2583 383 2627; x_wconf 88' lang='lat' dir='ltr'><em>qui</em></span> <span class='ocrx_word' id='word_1_386' title='bbox 396 2584 598 2619; x_wconf 62' lang='lat' dir='ltr'>fabularum</span> <span class='ocrx_word' id='word_1_387' title='bbox 622 2597 719 2620; x_wconf 88' lang='lat' dir='ltr'>usum</span> <span class='ocrx_word' id='word_1_388' title='bbox 744 2586 875 2631; x_wconf 89' lang='lat' dir='ltr'>primus</span> <span class='ocrx_word' id='word_1_389' title='bbox 901 2585 938 2618; x_wconf 89' lang='lat' dir='ltr'><em>in</em></span> <span class='ocrx_word' id='word_1_390' title='bbox 960 2586 1120 2620; x_wconf 91' lang='lat' dir='ltr'>mundum</span> <span class='ocrx_word' id='word_1_391' title='bbox 1143 2585 1299 2627; x_wconf 85' lang='lat' dir='ltr'>invexit3</span> <span class='ocrx_word' id='word_1_392' title='bbox 1341 2591 1378 2620; x_wconf 86' lang='lat' dir='ltr'><em>et</em></span> <span class='ocrx_word' id='word_1_393' title='bbox 1402 2597 1512 2629; x_wconf 89' lang='lat' dir='ltr'>usque</span> <span class='ocrx_word' id='word_1_394' title='bbox 1535 2586 1579 2619; x_wconf 86' lang='lat' dir='ltr'><em>ad</em></span> 
     </span>
     <span class='ocr_line' id='line_1_42' title="bbox 110 2628 1580 2682; baseline 0.001 -19"><span class='ocrx_word' id='word_1_395' title='bbox 110 2628 327 2682; x_wconf 85' lang='lat' dir='ltr'>Comopolim</span> <span class='ocrx_word' id='word_1_396' title='bbox 350 2629 442 2664; x_wconf 87' lang='lat' dir='ltr'>Meri</span> <span class='ocrx_word' id='word_1_397' title='bbox 465 2631 633 2666; x_wconf 77' lang='lat' dir='ltr'>orientem</span> <span class='ocrx_word' id='word_1_398' title='bbox 654 2643 789 2668; x_wconf 87' lang='lat' dir='ltr'>versus.</span> <span class='ocrx_word' id='word_1_399' title='bbox 836 2632 881 2666; x_wconf 84' lang='lat' dir='ltr'><em>ad</em></span> <span class='ocrx_word' id='word_1_400' title='bbox 904 2642 1062 2666; x_wconf 87' lang='lat' dir='ltr'>occasum</span> <span class='ocrx_word' id='word_1_401' title='bbox 1085 2643 1170 2666; x_wconf 89' lang='lat' dir='ltr'>vero</span> <span class='ocrx_word' id='word_1_402' title='bbox 1195 2631 1324 2665; x_wconf 82' lang='lat' dir='ltr'>desinit</span> <span class='ocrx_word' id='word_1_403' title='bbox 1348 2631 1384 2664; x_wconf 88' lang='lat' dir='ltr'><em>in</em></span> <span class='ocrx_word' id='word_1_404' title='bbox 1407 2631 1580 2675; x_wconf 83' lang='lat' dir='ltr'>Abydum.</span> 
     </span>
     <span class='ocr_line' id='line_1_43' title="bbox 109 2673 1580 2722; baseline 0.001 -14"><span class='ocrx_word' id='word_1_405' title='bbox 109 2674 149 2708; x_wconf 86' lang='lat' dir='ltr'><em>in</em></span> <span class='ocrx_word' id='word_1_406' title='bbox 170 2673 355 2708; x_wconf 76' lang='lat' dir='ltr'>latitudine</span> <span class='ocrx_word' id='word_1_407' title='bbox 385 2682 499 2710; x_wconf 82' lang='lat' dir='ltr'>autem</span> <span class='ocrx_word' id='word_1_408' title='bbox 533 2689 554 2711; x_wconf 84' lang='lat' dir='ltr'>a</span> <span class='ocrx_word' id='word_1_409' title='bbox 578 2678 771 2722; x_wconf 83' lang='lat' dir='ltr'>Rhyndaco</span> <span class='ocrx_word' id='word_1_410' title='bbox 805 2678 914 2712; x_wconf 88' lang='lat' dir='ltr'>fluvio</span> <span class='ocrx_word' id='word_1_411' title='bbox 949 2690 1061 2722; x_wconf 87' lang='lat' dir='ltr'>usque</span> <span class='ocrx_word' id='word_1_412' title='bbox 1095 2678 1139 2712; x_wconf 84' lang='lat' dir='ltr'><em>ad</em></span> <span class='ocrx_word' id='word_1_413' title='bbox 1163 2677 1377 2722; x_wconf 88' lang='lat' dir='ltr'>Comopolim</span> <span class='ocrx_word' id='word_1_414' title='bbox 1401 2677 1580 2710; x_wconf 84' lang='lat' dir='ltr'>Domateri</span> 
     </span>
     <span class='ocr_line' id='line_1_44' title="bbox 110 2720 1579 2768; baseline 0.002 -15"><span class='ocrx_word' id='word_1_415' title='bbox 110 2720 326 2764; x_wconf 88' lang='lat' dir='ltr'>cognomine.</span> <span class='ocrx_word' id='word_1_416' title='bbox 359 2728 464 2765; x_wconf 84' lang='lat' dir='ltr'>atque</span> <span class='ocrx_word' id='word_1_417' title='bbox 487 2723 574 2757; x_wconf 87' lang='lat' dir='ltr'>haec</span> <span class='ocrx_word' id='word_1_418' title='bbox 593 2724 731 2768; x_wconf 89' lang='lat' dir='ltr'>quidem</span> <span class='ocrx_word' id='word_1_419' title='bbox 758 2729 812 2758; x_wconf 90' lang='lat' dir='ltr'><em>est</em></span> <span class='ocrx_word' id='word_1_420' title='bbox 834 2724 925 2757; x_wconf 87' lang='lat' dir='ltr'>ratio</span> <span class='ocrx_word' id='word_1_421' title='bbox 951 2723 1136 2768; x_wconf 87' lang='lat' dir='ltr'>Obsequii,</span> <span class='ocrx_word' id='word_1_422' title='bbox 1162 2735 1262 2768; x_wconf 84' lang='lat' dir='ltr'>quam</span> <span class='ocrx_word' id='word_1_423' title='bbox 1282 2724 1440 2768; x_wconf 81' lang='lat' dir='ltr'>profecto</span> <span class='ocrx_word' id='word_1_424' title='bbox 1457 2723 1579 2767; x_wconf 82' lang='lat' dir='ltr'>appel-</span> 
     </span>
     <span class='ocr_line' id='line_1_45' title="bbox 110 2765 1581 2815; baseline 0.003 -17"><span class='ocrx_word' id='word_1_425' title='bbox 110 2765 276 2800; x_wconf 83' lang='lat' dir='ltr'>lationem</span> <span class='ocrx_word' id='word_1_426' title='bbox 301 2767 335 2801; x_wconf 91' lang='lat' dir='ltr'><em>ei</em></span> <span class='ocrx_word' id='word_1_427' title='bbox 357 2768 500 2803; x_wconf 82' lang='lat' dir='ltr'>inditam</span> <span class='ocrx_word' id='word_1_428' title='bbox 525 2780 603 2803; x_wconf 89' lang='lat' dir='ltr'>esse</span> <span class='ocrx_word' id='word_1_429' title='bbox 626 2770 786 2814; x_wconf 82' lang='lat' dir='ltr'>diximus,</span> <span class='ocrx_word' id='word_1_430' title='bbox 811 2770 902 2815; x_wconf 86' lang='lat' dir='ltr'>quod</span> <span class='ocrx_word' id='word_1_431' title='bbox 927 2770 1105 2814; x_wconf 83' lang='lat' dir='ltr'>praeirent</span> <span class='ocrx_word' id='word_1_432' title='bbox 1128 2770 1354 2815; x_wconf 83' lang='lat' dir='ltr'>imperatori,</span> <span class='ocrx_word' id='word_1_433' title='bbox 1380 2775 1419 2802; x_wconf 87' lang='lat' dir='ltr'>ut</span> <span class='ocrx_word' id='word_1_434' title='bbox 1442 2769 1520 2802; x_wconf 83' lang='lat' dir='ltr'>vias</span> <span class='ocrx_word' id='word_1_435' title='bbox 1545 2775 1581 2802; x_wconf 82' lang='lat' dir='ltr'><em>et</em></span> 
     </span>
     <span class='ocr_line' id='line_1_46' title="bbox 112 2811 1579 2861; baseline 0.001 -15"><span class='ocrx_word' id='word_1_436' title='bbox 112 2811 287 2848; x_wconf 79' lang='lat' dir='ltr'>domicilia</span> <span class='ocrx_word' id='word_1_437' title='bbox 319 2813 354 2848; x_wconf 85' lang='lat' dir='ltr'><em>ei</em></span> <span class='ocrx_word' id='word_1_438' title='bbox 383 2821 635 2860; x_wconf 80' lang='lat' dir='ltr'>praepararent</span> <span class='ocrx_word' id='word_1_439' title='bbox 668 2821 774 2861; x_wconf 80' lang='lat' dir='ltr'>atque</span> <span class='ocrx_word' id='word_1_440' title='bbox 806 2816 1066 2853; x_wconf 86' lang='lat' dir='ltr'>concinnarent.</span> <span class='ocrx_word' id='word_1_441' title='bbox 1113 2821 1237 2861; x_wconf 86' lang='lat' dir='ltr'>gentes</span> <span class='ocrx_word' id='word_1_442' title='bbox 1268 2827 1353 2850; x_wconf 83' lang='lat' dir='ltr'>vero</span> <span class='ocrx_word' id='word_1_443' title='bbox 1387 2827 1428 2850; x_wconf 83' lang='lat' dir='ltr'><em>ac</em></span> <span class='ocrx_word' id='word_1_444' title='bbox 1461 2815 1579 2861; x_wconf 79' lang='lat' dir='ltr'>populi</span> 
     </span>
    </p>
   </div>
  </div>
 </body>
</html>
