1780 3132
521 133 597 176 DE
632 129 988 175 THEMATIBUS
1022 128 1127 172 LlB.
1159 128 1195 171 1.
1527 125 1587 171 15

259 246 366 291 ’Ῑὸοὺ
396 248 529 290 τοίνυν
558 247 604 290 τὸ
638 246 749 300 θὲμα
769 244 814 288 τὸ
829 242 1094 288 Ἀνατολικόν.
1162 242 1229 284 καὶ
1249 239 1349 283 κατ’,
1366 239 1494 296 ἀρχὰς
1511 241 1586 293 μὲν

128 312 202 360 οὖκ
222 312 274 373 ἦν
287 314 444 367 οὕτως,
491 315 585 358 ἀλλ’
612 317 668 365 εἷς
690 314 920 370 χιλιαρχίας
941 314 1007 355 καὶ
1027 310 1383 367 πεντακοσιαρχίας
1401 310 1469 350 καὶ
1489 306 1586 351 ἕκα-

129 387 365 442 τονταρχίας
382 387 449 427 καὶ
471 383 830 440 πεντηκονταρχίας
847 379 1014 439 διῄρητο
1039 381 1085 425 τὸ
1113 379 1247 437 τάγμα
1274 378 1319 421 τὸ
1343 394 1581 435 στρατιωτι-

128 454 213 507 κόν,
248 452 304 505 εἷς
333 454 380 496 δέ
405 471 465 504 τις
495 450 732 502 ἀνθύπατος
759 448 915 506 ἐκράτει
943 455 1023 492 τῶν
1053 449 1157 492 ὅλων
1181 446 1408 504 ταγμάτων,
1444 445 1580 503 ὥσπερ

94 524 191 569 ὅέπὶ
206 526 287 566 τῶν
306 521 415 564 κάτω
429 519 602 578 χρόνων,
637 523 702 563 καὶ
723 520 797 570 ἕως
812 520 1110 568 Ἰουστινιανοῦ,
1144 517 1364 573 μάγιστρος
1384 516 1578 569 ἐπέμπετο

123 597 208 642 τοῖς
227 589 425 647 τάγμασιν
445 591 628 647 ἔξαρχος.
696 590 762 631 καὶ
782 587 940 644 μάρτυς
961 586 982 629 ὃ
1006 589 1048 630 ἐν
1067 586 1233 642 Σμύρνῃ
1254 587 1428 639 κείμενος
1447 582 1579 639 τάφος

123 661 310 702 Ποπλίου
341 659 448 708 τινὸς
478 656 738 713 ἀνθυπάτου,
781 655 950 714 γράφων
979 655 1107 706 οὕτως
1142 653 1357 703 ι(Πόπλιος
1387 651 1577 695 ἀνθύπα-

124 745 193 778 τος
225 726 361 784 ἅρχων
391 728 543 778 Ἰωνίας
574 728 757 783 Φρυγίας
789 726 985 775 Αἰολίδος
1018 725 1208 779 ΖΙΤῘηονίας
1239 724 1404 772 Λυδίας
1431 719 1577 776 Ἕλλη-

121 794 295 839 σπόντου
334 797 504 846 Μυσίας
549 797 745 846 Βιθυνίας
788 794 974 851 Ταρσίας
1014 794 1221 842 Γαλατίας
1259 794 1575 844 ΒἸαρυανὸυνῶν

67 863 284 909 1οΠὄντου
317 865 612 922 Παφλαγονίας
645 865 940 913 Καππαδοκίας
967 867 1115 919 μικρᾶς
1141 863 1207 903 καὶ
1238 859 1414 916 μεγάλης
1438 859 1573 902 ’Ῑσαυ-
1594 863 1624 897 Ρ
1643 865 1668 900 4

120 935 212 991 ρίας
235 950 277 976 τε
305 935 372 975 καὶ
401 934 639 983 Λυκαονίας
649 965 661 984 ,
705 935 770 975 καὶ
799 933 917 988 μέχρι
945 935 1026 974 τῶν
1054 929 1174 988 ὁρίων
1204 933 1279 972 τοῦ
1313 928 1479 986 Ταύρου
1509 930 1578 970 καὶ

117 1006 191 1056 τῆς
220 1007 371 1060 μικρᾶς
397 1002 652 1059 Ἀρμενίας.”
723 1000 812 1044 ἰδοὺ
847 999 951 1057 ἀρχὴ
986 998 1074 1050 ἑνὸς
1105 995 1357 1041 ἀνθυπάτου.
1426 997 1576 1052 ἐγένετο

116 1071 163 1113 δὲ
180 1071 223 1112 ἐν
239 1077 323 1121 τοῖς
345 1068 455 1113 κάτω
474 1069 636 1126 χρόνοις
658 1069 780 1120 ἄλλος
810 1087 872 1119 τις
899 1066 1176 1126 στρατηλάτης
1193 1067 1266 1121 τὴν
1289 1066 1404 1117 ἀξίαν
1430 1068 1575 1122 πατρί-

108 1155 223 1190 κιος,
263 1138 442 1194 τοῦνομα
454 1138 681 1196 Ἰορδάνης,
718 1134 767 1181 οὗ
795 1135 901 1187 τινός
927 1139 1002 1180 εἶσι
1029 1137 1078 1179 τὰ
1104 1136 1262 1192 ἀργυρᾶ
1287 1133 1502 1190 μινσούρια
1521 1134 1572 1176 τὰ

62 1206 357 1264 15οἷνάγλυφα,
410 1206 511 1262 ἅπερ
542 1215 665 1250 κεῖται
693 1207 734 1249 ἓν
761 1211 819 1264 τῷ
843 1210 1043 1263 βασιλικῷ
1073 1205 1311 1261 βεστιαρίῳ,
1346 1203 1571 1260 ἐπιγραφὴν

112 1273 253 1329 ἔχοντα
283 1273 441 1319 τοιάνδε
479 1274 721 1331 “Ἰορδάνου
756 1273 1034 1332 στρατηλάτου
1067 1279 1139 1329 τῆς
1169 1273 1367 1326 ἀνατολῆς
1396 1274 1462 1313 καὶ
1488 1276 1568 1314 τιῦν

111 1346 262 1386 λοιπῶν
284 1345 416 1387 ἐθνῶν
442 1348 522 1387 τῶν
546 1342 625 1386 ὖπό
646 1343 719 1399 τὴν
736 1343 887 1400 μικρὰν
907 1342 1088 1386 Ἀσίαν.”
1160 1343 1227 1384 καὶ
1250 1335 1366 1391 οὗτος
1387 1341 1464 1397 γὰρ
1487 1339 1568 1395 μό-

109 1428 258 1469 ναρχος
286 1408 336 1467 ἦν
354 1417 427 1464 τῆς
454 1413 579 1468 αὐτῆς
607 1413 825 1467 ἀνατολῆς,
873 1411 988 1467 ἤνθει
1012 1412 1055 1454 δὲ
1077 1412 1143 1454 καὶ
1168 1411 1366 1464 εὐδοκίμει
1392 1411 1455 1451 ἐπὶ
1486 1413 1566 1452 τῶν

107 1477 270 1538 ἦμερῶν
296 1482 509 1538 Ἀρκαδιόυ
537 1486 607 1525 τοῦ
637 1482 849 1535 βασιλέως.
918 1479 974 1531 ὥς
1002 1475 1072 1523 οὖν
1106 1481 1366 1536 προείπομεν,
1421 1477 1467 1521 τὸ
1495 1483 1566 1520 νῦν

52 1547 354 1592 20Ἀνατολικόν
368 1549 613 1604 καλούμενον
632 1551 743 1605 θὲμα
763 1548 842 1592 ὕπὸ
861 1550 972 1592 πέντε
995 1551 1127 1592 ἐθνῶν
1144 1554 1407 1599 κατοικεῖται,
1445 1550 1562 1604 Φρυ-

105 1622 187 1672 γῶν
209 1617 440 1662 Λυκαόνων
465 1618 658 1677 Ἰσαύρων
684 1616 932 1676 Παμφύλων
959 1619 1160 1661 Πισιδῶν.
1225 1617 1319 1660 κατ’
1350 1616 1470 1667 ἔθνος
1490 1611 1561 1658 οὖν

193 1737 218 1771 2
237 1735 300 1771 καὶ
325 1733 607 1780 ἑκατονταρχίας
630 1735 693 1772 καὶ
714 1737 1047 1781 πεντηκονταρχίας
1069 1737 1138 1772 add
1161 1735 1192 1770 A
1327 1735 1351 1771 7
1372 1733 1559 1769 πουπλίου

193 1782 257 1816 AV
282 1788 319 1818 et
338 1795 417 1817 mox
439 1782 622 1823 πούπλιος
690 1784 712 1818 9
734 1783 987 1828 μαριανδινῶν
1010 1783 1040 1817 C
1112 1781 1155 1818 14
1177 1778 1273 1825 οἷργά
1297 1780 1327 1816 Α
1398 1782 1439 1816 15
1463 1777 1559 1814 οἶνοί-

191 1828 315 1871 γλυφα
339 1829 369 1862 C
503 1832 644 1862 κεῖνται
661 1830 692 1864 C
829 1829 864 1874 β.
890 1828 953 1863 καὶ
976 1825 1186 1874 ἐπιγραφὴν
1208 1828 1237 1862 C
1353 1829 1396 1863 16
1420 1824 1502 1871 ἔχον
1526 1827 1558 1860 V

194 1873 237 1908 18
259 1873 325 1918 τῆς
346 1872 531 1918 ἀνατολῆς
551 1871 666 1919 ἤγουν
686 1874 818 1920 μικρᾶς
838 1873 951 1916 Ἀσίας
977 1876 1008 1907 V

186 1971 310 2009 Habes
339 1975 460 2019 itaque
487 1975 601 2010 thema
634 1975 864 2011 Anatolicum.
910 1981 1016 2022 atque
1045 1975 1146 2010 initio
1179 1974 1317 2020 quidem
1348 1987 1404 2010 res
1434 1975 1484 2010 ita
1516 1987 1556 2011 se

99 2029 167 2052 non
188 2019 318 2064 habuit,
341 2021 405 2055 sed
427 2033 549 2065 agmen
571 2022 719 2056 militare
741 2023 964 2058 dividebatur
982 2023 1018 2061 in
1035 2023 1286 2067 praefecturas,
1308 2033 1450 2066 quarum
1466 2021 1556 2057 aliae

98 2063 202 2109 mille,
229 2066 318 2100 aliae
341 2067 562 2111 quingenti-⁶3,
588 2068 678 2102 aliae
701 2075 857 2114 centum,
883 2069 973 2103 aliae
998 2080 1083 2102 vero
1107 2067 1359 2112 quinquaginta
1381 2067 1555 2113 capitibus

101 2113 318 2147 constabant.
366 2123 453 2147 unus
483 2125 568 2147 vero
600 2115 739 2159 quidam
768 2115 952 2161 proconsul
982 2120 1146 2159 praeerat
1169 2114 1324 2147 omnibus
1348 2114 1554 2158 agminibus,

96 2158 377 2201 quemadmodum
413 2159 666 2204 posterioribus
699 2161 939 2207 temporibus,
973 2160 1075 2195 etiam
1108 2161 1152 2194 ad
1182 2159 1411 2194 Iustinianum
1442 2171 1554 2206 usque

95 2201 296 2238 mittebatur
318 2204 483 2249 magister
504 2206 676 2250 agminum
700 2208 913 2253 praefectus.
961 2208 1058 2241 cuius
1091 2206 1144 2240 rei
1176 2206 1278 2240 fidem
1310 2206 1398 2240 facit
1429 2218 1554 2240 monu-

94 2253 242 2283 mentum
266 2250 358 2294 quod
383 2251 554 2294 Smyrnae
579 2252 727 2298 positum
751 2254 806 2288 est
828 2253 950 2287 Publio
975 2253 1108 2287 cuidam
1135 2252 1353 2299 proconsuli,
1386 2263 1460 2286 cum
1485 2253 1552 2286 hac

93 2291 321 2339 inscriptione
370 2293 543 2331 “Publius
587 2310 725 2344 procos.
769 2301 969 2344 praefectus
1014 2299 1134 2333 Ioniae
1179 2298 1355 2342 Phrygiae
1394 2298 1550 2332 Aeolidis

91 2337 254 2374 Meoniae
305 2341 443 2386 Lydiae
491 2343 711 2389 Hellesponti
759 2345 899 2390 Mysiae
953 2344 1139 2388 Bithyniae
1194 2345 1344 2378 Tarsiae
1388 2344 1551 2379 Galatiae

91 2382 394 2430 Mariandynorum
442 2388 545 2423 Ponti
584 2390 842 2436 Paphlagoniae
883 2391 1127 2436 Cappadociae
1161 2390 1302 2425 minoris
1338 2396 1374 2425 et
1406 2391 1548 2426 maioris

89 2429 245 2466 Isauriae
261 2438 298 2467 et
314 2433 528 2479 Lycaoniae,
556 2441 591 2470 et
613 2448 723 2482 usque
747 2439 791 2472 ad
815 2442 948 2472 montes
972 2437 1083 2471 Tauri
1108 2443 1143 2471 et
1166 2437 1307 2470 minoris
1326 2435 1548 2472 Armeniae.”

89 2473 196 2511 habes
222 2478 476 2522 praefecturam
498 2481 599 2515 unius
622 2483 850 2527 proconsulis·
897 2484 964 2517 fuit
986 2490 1098 2518 autem
1129 2482 1382 2528 posterioribus
1408 2490 1547 2529 tempo-

87 2520 184 2575 ribus
208 2523 295 2558 alius
319 2524 455 2569 quidam
479 2527 549 2562 dux
572 2529 765 2573 agminum,
800 2529 972 2574 dignitate
995 2529 1174 2575 patricius,
1207 2529 1344 2563 nomine
1367 2530 1545 2576 Iordanes,

87 2576 186 2601 cuius
208 2575 290 2604 sunt
313 2570 411 2604 albae
432 2571 548 2606 lances
572 2575 776 2620 sculptiles,
814 2587 905 2620 quae
931 2576 967 2610 in
992 2578 1090 2622 regio
1114 2579 1282 2614 vestiario
1307 2587 1546 2626 asservantur,

86 2613 250 2666 cum-hac
269 2615 496 2671 inscriptione
517 2615 682 2654 “Iordani
705 2622 875 2665 praefecti
899 2623 1068 2666 agminum
1093 2624 1251 2659 Orientis
1279 2632 1315 2660 et
1333 2627 1545 2672 reliquarum

83 2666 238 2702 gentium
260 2664 364 2696 Asxae
388 2663 566 2699 minoris.”
590 2673 667 2700 erat
690 2668 778 2701 enim
805 2667 860 2701 hic
883 2670 1069 2704 monarcha
1090 2670 1202 2716 ipsius
1227 2672 1397 2707 Orientis.
1422 2675 1544 2709 floruit·

84 2710 196 2739 autem
240 2712 276 2741 et
316 2708 441 2743 claruit
470 2711 684 2756 temporibus
716 2713 858 2748 Arcadii
895 2715 1130 2759 imperatoris.
1177 2718 1393 2753 Anatolicum
1434 2720 1544 2764 igitur

83 2748 197 2784 thema
217 2762 239 2806 a
261 2753 430 2798 quinque,
466 2756 516 2790 uti
539 2758 711 2802 diximus,
745 2759 908 2803 gentibus
931 2761 1115 2806 incolitur,
1151 2763 1352 2809 Phrygibus
1377 2765 1543 2802 videlicet

82 2793 303 2839 Lycaombus
336 2800 465 2836 Isauris
498 2803 711 2849 Pamphyliis
735 2810 770 2840 et
792 2806 934 2844 Pisidis.
983 2807 1140 2854 singulae
1160 2816 1274 2845 autem
1298 2818 1419 2857 gentes
1443 2823 1542 2854 sumn
