1780 3132
282 170 374 214 250
539 176 887 218 CONSTANTlNl
926 176 1393 220 PORPHYROGENITI

279 273 567 325 συμμαχίας;”
593 272 631 313 οἷ
649 274 695 313 δὲ
720 268 831 313 εἶπον
857 275 912 328 τῷ
934 276 1099 325 βασιλεῖ
1123 270 1187 314 ὅτι
1215 274 1341 330 ἡμεῖς,
1359 278 1543 332 δέσποτα,
1564 274 1684 321 nider

277 334 415 388 ἕτερον
443 338 642 390 θέλομεν,
678 338 717 377 εἰ
741 335 798 389 μη“
828 338 873 377 τί
895 352 939 389 γε
968 340 1084 378 τοῦτο
1122 337 1247 390 μόνον
1273 342 1486 394 αἰτοῦμεν,
1515 344 1581 397 ἐφ’
1609 337 1685 398 ᾧτε

277 399 410 449 δεξιάς
446 402 684 453 ἐλευθερίας
724 402 795 440 καί
833 402 1015 449 οἶτελείας
1052 404 1343 454 παρασχέσθαι
1381 404 1476 457 ἡμῖν
1503 406 1580 447 ὑπὸ
1610 408 1686 447 τοῦ

277 461 451 514 κράτους
479 463 607 513 ὑμῶν.
683 463 706 503 o‘
736 466 780 505 δὲ
807 465 1003 516 βασιλεὺς
1027 467 1212 517 α’σμένως
1243 464 1458 520 ὑποκύψας
1488 472 1539 525 τῇ
1567 469 1684 524 αἰτή..

275 542 339 567 σει
369 527 503 566 αὖτῶν
529 528 726 580 α’φθόνως
753 531 957 582 παρέσχεν
986 530 1122 577 αὐτοῖς
1151 529 1225 578 τὰς
1257 533 1451 580 τοιαύτας
1478 535 1550 586 τῆς
1572 535 1715 574 ἕλευ-5

274 591 417 642 θερίας
444 589 516 630 καί
539 591 718 640 ἀτελείας
758 591 902 646 δεξιάς,
932 593 1173 642 ἀποστείλας
1200 594 1349 644 αὐτούς
1379 596 1485 646 μετὰ
1512 599 1583 638 καί
1607 595 1685 638 δαί-

273 669 358 706 ρων
387 656 586 695 πλείστων
621 654 722 696 κατὰ
751 655 823 710 τήν
854 659 1126 709 Χερσωνιτῶν
1167 658 1223 705 αἷς
1249 660 1437 711 γνησίους
1464 655 1582 708 ὄντας
1607 660 1688 702 αὕ-

272 717 369 764 τούς
395 715 600 771 ὑπηκόους
627 721 696 773 τῆς
725 717 942 771 Ῥωμαίων
979 722 1206 773 βασιλείας.
1265 721 1287 762 ὅ
1313 723 1358 763 δὲ
1385 722 1585 772 Κώνστας
1608 738 1685 776 με-

271 780 404 833 γάλως
431 785 503 823 καί
541 783 667 831 αὐτὸς
702 782 947 837 ὖποδεχθείς
975 784 1086 838 παρὰ
1120 788 1192 826 τοῦ
1217 788 1416 838 βασιλέως
1447 790 1686 842 Διοκλητια-

271 847 345 886 νοῦ
371 845 429 893 αἱς
459 846 656 899 ἀνδρείως
693 848 1026 900 παραταξάμενος
1067 848 1169 890 κατὰ
1199 848 1266 890 τὸν
1298 850 1376 890 τῶν
1403 849 1683 904 Σαυρομάτων
1697 861 1738 893 10

272 907 450 962 πόλεμον
467 909 538 951 καί
554 910 784 965 περιφανής
802 911 874 952 καί
900 910 1057 962 ἔνδοξος
1072 912 1294 967 γενόμενος,
1321 917 1410 965 μετ’
1438 916 1571 967 ὀλίγον
1592 917 1680 957 τινὰ

269 971 420 1026 χρόνον
447 977 518 1027 τῆς
542 973 761 1033 εΡωμαίων
802 976 1003 1029 ἀνεδέχθη
1030 978 1267 1029 βασιλείας,
1294 981 1590 1033 Διοκλητιανοῢ
1617 981 1688 1021 ἐπὶ

268 1036 344 1091 την
373 1036 651 1092 Νικομήδειαν
677 1037 1006 1091 ὲπαναγαγόντος.

377 1101 557 1144 Κώνστα
603 1105 648 1144 δὲ
692 1101 1008 1158 τελευτήσαντος
1054 1107 1098 1146 ἐν
1129 1103 1268 1161 Ῥώμῃ
1296 1106 1536 1159 ἐβασίλευσε
1565 1111 1683 1150 Κων-

267 1172 476 1216 σταντΐνος
514 1166 537 1206 ὁ
565 1166 655 1214 υἱὸς
685 1168 815 1208 αὐτοῦ
829 1185 839 1195 ·
912 1169 982 1209 καί
1009 1171 1230 1222 ἐρχομένου
1273 1170 1403 1212 αὐτοῦ
1428 1170 1499 1212 ἐπὶ
1521 1170 1566 1212 τὸ
1596 1175 1762 1214 Bv-15·

269 1230 427 1280 ζαντιον
459 1230 732 1279 α’ντιστάσεως
752 1231 863 1287 αὐτῷ
888 1229 965 1272 ὑπό
992 1247 1111 1274 τινων
1139 1235 1183 1274 ἑν
1211 1237 1261 1289 τῇ
1274 1237 1431 1290 ..κυθία
1457 1237 1682 1292 γενομένης,

265 1295 506 1349 ὑπεμνήσθη
552 1295 594 1337 τὸ
635 1295 714 1336 ὑπὸ
752 1299 825 1336 τοῦ
851 1297 1007 1350 πατρὸς
1053 1296 1179 1337 αὐτοῦ
1208 1298 1388 1340 Κώνστα
1414 1300 1561 1351 λεχθὲν
1590 1299 1687 1354 περὶ

263 1362 332 1413 τῆς
358 1360 437 1400 τῶν
456 1362 728 1411 Χερσωι·ιταῖν
756 1362 918 1409 εὐνοίας
935 1376 977 1401 τε
1006 1361 1077 1403 καί
1097 1363 1348 1415 συμμαχίας,
1375 1363 1448 1402 καί
1474 1362 1684 1404 ἀπέστειλε

262 1426 363 1466 κατὰ
393 1423 464 1478 τὴν
491 1426 570 1466 τῶν
599 1427 870 1478 Χερσωνιτῶν
897 1428 1087 1479 πρέσβεις
1130 1428 1194 1480 ἐφ’
1217 1421 1291 1482 ᾧτε
1320 1428 1455 1468 ἐλθεῖν
1479 1429 1582 1468 κατὰ
1611 1425 1683 1480 τήν

263 1491 344 1530 τῶν
372 1491 546 1530 ,Σκυθῶν
581 1490 724 1541 χώραν
764 1490 835 1530 καί
871 1489 1149 1542 μαχήσασθαι
1176 1496 1260 1537 τοῖς
1289 1490 1580 1545 α’νθεστηκόσιν
1605 1490 1681 1532 αὖ-
1693 1494 1738 1528 20

262 1555 334 1609 τῷ.
387 1555 792 1608 στεφανηφοροῦντος
820 1554 865 1593 δὲ
893 1553 981 1594 τότε
1007 1555 1079 1593 καί
1105 1553 1382 1607 πρωτεύοντος
1407 1556 1480 1607 τῆς
1508 1557 1682 1609 Χερσω..

264 1619 383 1659 ναῶν
411 1620 631 1671 Διογένους
669 1620 744 1658 τοῦ
773 1620 1011 1672 Διογένους,
1047 1618 1085 1659 οἱ
1114 1621 1372 1672 Χερσωνΐται
1398 1617 1471 1672 τὴν
1498 1622 1683 1661 κέλευσιν

265 1682 453 1734 ἀσμένως
481 1683 847 1736 πειθαρχήσαντες,
874 1683 983 1738 πάσῃ
1003 1684 1161 1738 σπουδῇ
1183 1683 1553 1732 κατασκευάσαντες
1570 1683 1621 1724 τά
1639 1699 1681 1725 τε

265 1745 464 1798 πολεμικὰ
515 1743 684 1801 ἅρματα
729 1749 800 1788 καί
838 1745 910 1794 τὰς
949 1749 1283 1801 χειροβολίστρας
1325 1747 1682 1800 καταλαμβάνουσι

366 1879 383 1910 1
409 1876 521 1925 ἡμεῖς]
544 1877 663 1916 οὐδεὶς
685 1879 722 1911 Μ
840 1879 882 1913 12
905 1878 1125 1923 ἄνεδείχθηὲ

269 1989 323 2021 bis
347 1994 386 2021 et
411 1989 542 2022 civitati
566 1994 700 2022 vestrae
726 1989 803 2021 dem
819 2000 882 2033 pro
902 1989 962 2021 tali
986 1989 1231 2022 benevolentia
1255 1993 1291 2020 et
1306 1988 1439 2020 auxilio
1451 1985 1496 2020 ?”
1518 1987 1572 2020 illi
1599 1997 1682 2020 vero

268 2035 470 2079 imperatori
499 2035 756 2079 responderunt
775 2034 889 2067 “nihil
917 2035 1013 2067 aliud
1029 2061 1038 2075 ‚
1068 2035 1221 2074 domine,
1250 2035 1398 2078 petimus
1423 2033 1492 2066 nisi
1514 2038 1554 2066 ut
1579 2032 1682 2066 liberi

269 2091 309 2112 ac
335 2081 507 2113 immunes
530 2082 635 2113 simus
659 2093 678 2113 a
702 2079 867 2114 tribut0.”
914 2082 1100 2124 imperator
1117 2086 1231 2112 autem
1257 2091 1361 2123 quam
1384 2078 1540 2111 libenter
1563 2089 1682 2111 eorum

270 2126 432 2169 petitioni
470 2126 709 2159 obsecundans
753 2127 883 2159 liberos
906 2138 944 2158 ac
969 2127 1139 2158 immunes
1173 2137 1192 2157 a
1218 2125 1350 2158 tributo
1376 2125 1469 2164 fecit,
1492 2125 1684 2168 multisque

269 2177 450 2216 praeterea
472 2173 675 2205 muneribus
700 2173 944 2205 cohonestatos
969 2172 1014 2204 ad
1038 2171 1260 2205 Chersonitas
1283 2171 1424 2209 remisit,
1449 2170 1559 2203 veluti
1584 2181 1684 2203 veros

269 2229 310 2249 ac
335 2218 456 2250 fideles
479 2219 619 2263 imperii
647 2219 791 2251 Romani
815 2218 982 2251 subditos.
1030 2223 1066 2250 at
1090 2218 1259 2250 Constans
1286 2216 1467 2260 magnifice
1492 2217 1568 2260 ipse
1594 2226 1685 2259 quo-

270 2274 340 2308 que
365 2264 408 2295 ab
433 2265 642 2307 imperatore
669 2265 889 2297 Diocletiano
918 2269 1095 2307 exceptus,
1123 2263 1232 2295 veluti
1261 2274 1295 2295 re
1319 2267 1439 2295 contra
1462 2261 1683 2294 Sauromatas

269 2310 448 2352 praeclare
472 2315 567 2353 gesta
595 2316 630 2343 et
658 2311 804 2343 illustris
841 2311 1024 2353 clarusque
1051 2309 1172 2349 factus,
1204 2309 1308 2352 paulo
1334 2313 1416 2352 post
1440 2308 1477 2340 in
1501 2307 1685 2351 imperium

268 2356 463 2387 Romanum
487 2357 663 2395 successit,
691 2357 912 2388 Diocletiano
936 2355 1175 2388 Nicomediam
1199 2354 1397 2387 secedente.

363 2401 551 2434 Constante
584 2407 701 2435 autem
729 2408 863 2435 mortuo
889 2402 1077 2445 imperator
1099 2400 1167 2432 fuit
1197 2401 1290 2432 filius
1318 2400 1391 2432 eius
1418 2397 1682 2431 Constantinus.

269 2447 332 2490 qui
357 2457 435 2479 cum
456 2448 658 2489 Byzantium
687 2449 839 2480 venisset
853 2448 1126 2491 Scytharumque
1143 2447 1308 2478 nonnulli
1335 2444 1558 2484 rebellarent,
1585 2453 1684 2475 revo-

268 2492 354 2524 catis
379 2493 414 2524 in
439 2494 638 2526 memoriam
662 2505 753 2538 quae
780 2506 799 2525 a
824 2499 921 2537 patre
944 2493 1132 2526 Constante
1158 2491 1347 2524 audivisset
1370 2490 1414 2523 de
1437 2488 1684 2522 benevolentia

269 2542 306 2569 et
330 2538 462 2570 auxilio
487 2539 781 2578 ammonitarum,
806 2540 940 2582 legatos
966 2539 1036 2571 illis
1060 2539 1167 2577 misit,
1194 2538 1376 2582 postulans
1400 2541 1439 2568 ut
1465 2539 1584 2567 contra
1598 2534 1683 2575 Scy-

268 2582 347 2615 thas
375 2595 466 2616 arma
493 2591 659 2629 caperent
694 2598 733 2617 ac
765 2585 993 2617 rebellatores
1027 2584 1263 2627 subiugat-ent.
1311 2584 1473 2627 princeps
1504 2584 1619 2612 autem
1643 2590 1684 2611 ac

267 2635 442 2673 proteuon
468 2629 749 2663 Chersonitarum
783 2637 867 2663 tunc
891 2631 1059 2674 temporis
1095 2635 1168 2663 erat
1193 2630 1365 2672 Diogenes
1391 2625 1556 2670 Diogenis
1579 2625 1684 2663 filius,

269 2680 306 2707 et
329 2675 481 2709 libenter
506 2676 672 2710 mandato
689 2676 916 2710 Chersonitae
942 2675 1149 2709 obedientes
1174 2675 1268 2708 omni
1292 2673 1407 2707 studio
1429 2670 1587 2706 curribus
1603 2669 1683 2703 hel-
