1780 3132
296 131 390 180 486
815 140 1160 179 WssssELiNGn

292 245 420 300 βάκης
455 249 491 286 1(
494 244 612 298 αρίας
637 260 674 300 Ρ.
692 249 770 288 581
803 249 1023 288 subscribit.
1077 261 1156 288 non
1187 249 1382 289 diffitebor
1408 262 1492 289 eum
1521 247 1693 298 Σαλμά-

291 316 362 353 κης
389 316 426 354 Ρ.
443 307 522 342 667
565 302 804 354 ιιιιιιοιιΡιιι-ἰς
844 302 946 353 quod
982 314 1064 340 cum
1105 314 1155 340 ex
1198 301 1321 353 priori
1358 304 1542 345 facillime
1579 305 1689 344 nasci

292 369 408 407 posse
437 359 611 404 constet,
639 356 736 393 nihil
764 356 941 403 nocebit;
991 360 1179 407 tantoque
1205 356 1343 401 minus
1371 357 1461 408 quia
1489 357 1688 397 Salhacen

290 415 403 448 vetus
439 410 652 469 interpres
677 409 818 448 ibidem
859 410 924 458 leg
907 386 967 447 rit
1036 410 1168 461 itaque
1211 409 1346 448 eadem
1375 411 1468 449 urbs
1495 411 1688 451 Heraclea

284 457 438 510 Ἀλβά·
429 475 499 505 ιος
531 459 705 511 Ἀλβιὶκη
744 467 784 501 et
810 462 921 510 Σαλβ
904 460 997 513 cinq
1025 463 1130 502 dicta
1159 462 1315 502 videtur
1340 463 1390 503 ab
1421 463 1579 508 Albaco
1597 465 1688 503 Pto-

290 516 429 555 lemaei
459 515 544 554 sive
572 521 703 555 monte
732 529 800 555 seu
826 516 1011 555 flumine.
1041 528 1166 568 neque
1194 516 1293 555 enim
1321 519 1466 556 temere
1483 517 1687 557 finiverim.

292 581 365 608 nec
392 581 620 620 quemquam
649 570 866 609 morabitur
880 569 1045 608 sibilans
1064 571 1182 609 litera
1199 570 1308 610 urbis
1335 571 1555 623 cognomini
1565 570 1687 610 modo

289 635 468 662 connexa
493 624 608 662 modo
637 624 882 669 detruncata,
910 624 943 661 si
971 624 1190 663 meminerit
1219 635 1319 676 quae
1346 625 1398 664 ad
1421 625 1564 664 Anton.
1593 625 1684 669 ltin.

286 689 324 729 p.
344 681 424 715 206
451 681 490 715 et
518 679 597 716 479
632 678 831 728 disputata
858 678 1026 716 fuerunt.

390 744 481 791 396,
513 743 551 780 5.
621 736 769 790 Τιέβαι]
808 741 865 780 sic
902 740 1027 781 codex
1067 741 1340 793 Lugdunensis
1382 745 1422 781 et
1448 741 1684 792 Stephanus.

285 794 455 834 Basilius
489 794 632 842 Ταβῶν
663 800 724 834 est
747 795 974 834 inNicaeno
1002 796 1171 834 secundo
1200 809 1238 848 p.
1259 797 1325 836 52.
1378 808 1516 835 numos
1549 795 1687 846 Γαβη-

287 861 368 887 νων
393 848 504 888 dabit
529 849 645 888 Thes.
671 849 822 888 Britan
850 853 942 888 tom.
969 852 995 887 2
1020 862 1058 900 Ρ.
1078 851 1172 888 150.

394 911 501 953 Ibid.
551 906 844 961 Ἀπολλωνιὰς]
873 913 991 952 ciedo
1019 926 1097 952 non
1114 913 1234 953 aliam
1263 925 1349 952 esse
1377 925 1426 953 ac
1438 912 1687 973 Apolloniam

283 964 334 1005 ad
365 966 619 1017 Lambanum,
653 963 928 1011 Ἀπολλωιιάς
956 963 1055 1029 πρὸς
1081 963 1309 1019 Λαμβάιῳ,
1338 979 1411 1018 pro
1439 979 1515 1019 quo
1546 963 1689 1014 Ἀλβά-

285 1031 342 1055 νυ
372 1021 524 1060 malim:
556 1024 662 1059 certe
692 1016 872 1073 Ἀλβάνω
902 1024 961 1059 est
989 1021 1030 1060 in
1057 1033 1115 1060 ms
1130 1020 1387 1069 Coisfiniano,
1414 1020 1454 1059 in
1482 1032 1558 1072 quo
1586 1019 1620 1058 si
1650 1023 1690 1058 et

284 1056 556 1136 Ᾰησλὶωιιὰς
596 1074 764 1121 inesset,
803 1075 905 1126 quod
951 1074 1045 1114 mihi
1084 1073 1327 1113 verissimum
1368 1075 1547 1123 videtur,
1589 1073 1689 1112 bene

283 1127 415 1167 omnia
450 1127 653 1167 haber-ent
720 1127 974 1177 Tynchanius
1010 1125 1165 1172 πόλεως
1198 1124 1518 1171 Ἀπολλωνιάδος
1545 1125 1688 1166 Cariae
1742 1129 1744 1132 ’

283 1181 513 1243 provinciae
542 1186 602 1220 est
641 1182 681 1221 in
711 1181 1022 1222 Chalcedonensi
1049 1194 1156 1221 conc.
1184 1195 1222 1232 Ρ.
1242 1185 1335 1222 667.
1407 1179 1686 1231 Sebastopolin

282 1236 321 1274 in
349 1235 491 1286 Caria,
516 1236 592 1275 nisi
618 1237 768 1286 fallor,
800 1235 1063 1288 Theophanes
1092 1235 1315 1288 Chronogr.
1337 1248 1375 1287 Ρ.
1392 1237 1474 1275 305
1499 1234 1551 1275 ad
1577 1243 1687 1274 mare

282 1289 414 1330 habet.

387 1352 495 1394 Ibid.
524 1358 562 1393 6.
620 1346 774 1404 Ἴασος]
810 1354 868 1394 sic
897 1358 936 1394 et
965 1354 1268 1403 Archestratus‚
1297 1352 1402 1415 quod
1429 1349 1686 1392 liolsteinium

281 1419 361 1446 non
392 1407 508 1459 fugit,
534 1408 639 1459 apud
671 1408 912 1447 Athenaeum
931 1407 1192 1459 Deipnosoph.
1217 1411 1244 1446 :3
1270 1411 1345 1447 2ε3
1377 1399 1425 1456 ἢν
1453 1405 1498 1444 δέ
1523 1405 1609 1444 ποτ’
1630 1403 1687 1449 εἷς

269 1452 406 1498 Ἴασον
433 1460 591 1509 Καρῶν
617 1457 734 1498 πόὶιν
761 1460 1011 1512 εἰσαφίκηαι.
1067 1460 1190 1500 ceteri
1204 1453 1365 1498 Ἴασσον
1381 1460 1544 1510 malunt,
1570 1471 1686 1511 quam

281 1514 322 1553 in
350 1515 480 1554 insula
508 1515 678 1554 eiusdem
705 1515 872 1555 nominis
898 1516 1065 1566 positam
1097 1515 1268 1554 ostendit
1284 1514 1431 1554 Strabo
1458 1516 1510 1552 14
1535 1526 1573 1565 p.
1589 1515 1683 1552 658.

279 1568 478 1607 Diodorus
506 1572 558 1608 13
582 1582 624 1620 Ρ
639 1573 721 1608 223
760 1564 897 1606 Θάσον
933 1569 1001 1618 τῆς
1030 1567 1192 1615 Καρίας
1220 1569 1359 1618 habet,
1389 1579 1504 1619 quam
1533 1567 1684 1607 Palme-

279 1623 364 1660 rius
390 1615 528 1659 Ἴασον
553 1623 661 1671 facit,
689 1622 887 1673 probabili
917 1623 1160 1661 coniectura:
1188 1623 1408 1674 Xenophon
1433 1625 1563 1661 tamen
1590 1632 1683 1659 ean-

279 1676 367 1714 dem
394 1687 477 1714 rem
512 1676 738 1715 describens
783 1677 830 1716 Η.
860 1677 909 1715 G.
939 1680 964 1715 2
995 1689 1032 1726 Ρ.
1049 1679 1130 1714 355
1161 1675 1335 1716 Cedreas
1375 1676 1426 1715 ad
1457 1674 1686 1714 Cen-ameum

279 1729 404 1768 sinum
431 1742 456 1768 a
482 1730 539 1777 Ι.)
543 1730 691 1768 sandro
719 1733 930 1781 occupatas
957 1731 1152 1770 adfirmat

386 1792 492 1833 Ibid.
554 1787 731 1841 Ἕρεζος]
775 1795 947 1834 Notitiae
989 1795 1280 1834 ecclesiasticae
1311 1785 1454 1842 ’Έριζα
1502 1794 1686 1847 probant,

277 1848 380 1886 unde
408 1847 551 1898 Papias
579 1844 743 1895 Ἑριζων
771 1849 810 1887 in
840 1849 1077 1889 Chalcedon.
1102 1862 1141 1900 Ρ
1157 1853 1249 1888 399
1316 1848 1406 1887 vide
1434 1847 1505 1888 Ch.
1534 1848 1684 1889 Cellar.

278 1901 327 1941 (ι.
360 1901 408 1941 A.
437 1905 464 1940 3
495 1905 519 1940 4
545 1915 581 1953 Ρ.
600 1905 690 1940 164.
756 1902 1067 1954 Marcianupolis
1113 1915 1189 1955 quo
1227 1902 1319 1941 olim
1365 1902 1521 1942 nomine
1554 1903 1686 1951 fuerit,

277 1969 362 1994 (ιιιιι
390 1956 559 1994 nondum
586 1956 680 1995 mihi
723 1969 796 2006 pro
827 1962 1024 2008 comperto
1051 1956 1114 2005 sit,
1161 1957 1210 1995 de
1237 1957 1315 1995 situ
1345 1956 1543 2008 quidpiam
1570 1956 1686 1997 finire

277 2010 409 2048 nolim.
479 2009 579 2048 idem
621 2011 670 2048 de
698 2010 1016 2062 Anastasiopoli‚
1046 2011 1154 2049 cuius
1183 2010 1335 2062 aliqua,
1364 2014 1406 2049 ut
1436 2022 1458 2048 e
1485 2009 1631 2050 Carolo
1657 2023 1684 2050 a

277 2064 319 2102 S.
364 2064 503 2102 Paullo
544 2064 718 2111 videbis,
758 2064 798 2103 in
841 2065 1095 2104 conciliorum
1134 2064 1245 2103 Actis
1282 2064 1470 2104 memoria
1511 2068 1596 2113 est,
1624 2064 1685 2104 di-

274 2122 377 2156 ctum
405 2122 502 2156 esto.

379 2179 486 2222 Ibid.
503 2185 542 2221 7.
597 2178 716 2229 χώρα
734 2179 995 2231 uomendum]
1028 2182 1146 2221 credo
1166 2182 1367 2232 regionem
1386 2181 1563 2220 indicari
1581 2192 1686 2232 quae

274 2234 463 2286 principis
501 2236 739 2298 patrimoni-0
781 2241 869 2274 erat
911 2236 1150 2275 ‹ontributa.
1215 2235 1525 2275 commodissime
1551 2238 1683 2274 autem

272 2287 573 2340 Anastasiopoli
610 2290 812 2342 iungitur,
841 2289 1031 2341 siquidem
1071 2290 1128 2329 rei
1165 2294 1304 2329 auctor
1331 2288 1559 2353 perhibetur
1584 2288 1682 2340 lmp.

268 2342 503 2381 Anastasius
538 2343 580 2382 in
621 2337 1470 2406 Gloss.Nomic.11at9tpcov1d).ta‚ooa
1514 2337 1683 2385 ἕκαστος

263 2394 460 2455 βασιλεὺς
488 2390 619 2450 ἐαυτῷ
646 2396 792 2437 κτᾶται
821 2393 901 2433 ἀπὸ
931 2394 1004 2434 τοῦ
1030 2395 1230 2444 βασιλέως
1255 2374 1546 2436 Ἀναστασίου.
1602 2393 1682 2432 av’-

266 2444 330 2492 τὸς
357 2443 437 2511 γάρ
478 2448 589 2487 ἑστιν
627 2447 648 2486 ὁ
681 2446 858 2498 ἐξευρών
901 2463 970 2487 και
1010 2446 1084 2500 τὴν
1122 2448 1397 2514 προσηγορίαν
1430 2446 1581 2500 ταύτην
1611 2461 1681 2486 και

269 2497 344 2550 τήν
371 2496 506 2552 ἀρχὴν
536 2502 611 2540 τοῦ
637 2501 810 2554 κόμητος
840 2501 913 2541 τοῦ
943 2502 1227 2566 narpcpcthbm
1282 2515 1382 2555 quae
1398 2506 1529 2543 tamen
1555 2513 1608 2542 an
1638 2502 1680 2541 in

269 2555 446 2594 omnibus
487 2556 612 2595 bonae
653 2558 743 2596 fidei
769 2558 864 2604 sint,
896 2557 980 2597 sine
1012 2557 1178 2596 crimine
1204 2556 1377 2597 dubitari
1404 2559 1558 2608 potest:
1586 2567 1680 2594 nam

269 2621 356 2649 cum
381 2609 510 2649 coloni
539 2611 838 2662 patrimoniales
879 2612 945 2652 diu
971 2615 1067 2652 ante
1094 2610 1350 2652 Anastasium
1376 2611 1671 2663 imperatorem,
