<?xml version="1.0" encoding="UTF-8"?>
<!DOCTYPE html PUBLIC "-//W3C//DTD XHTML 1.0 Transitional//EN"
    "http://www.w3.org/TR/xhtml1/DTD/xhtml1-transitional.dtd">
<html xmlns="http://www.w3.org/1999/xhtml" xml:lang="en" lang="en">
 <head>
  <title>
</title>
<meta http-equiv="Content-Type" content="text/html;charset=utf-8" />
  <meta name='ocr-system' content='tesseract 3.04.00' />
  <meta name='ocr-capabilities' content='ocr_page ocr_carea ocr_par ocr_line ocrx_word'/>
</head>
<body>
  <div class='ocr_page' id='page_1' title='image "./corpusscriptorum09niebuoft_0356.png"; bbox 0 0 1780 3132; ppageno 0'>
   <div class='ocr_carea' id='block_1_1' title="bbox 331 160 1428 211">
    <p class='ocr_par' dir='ltr' id='par_1_1' title="bbox 331 160 1428 211">
     <span class='ocr_line' id='line_1_1' title="bbox 331 160 1428 211; baseline 0.002 -2"><span class='ocrx_word' id='word_1_1' title='bbox 331 160 424 209; x_wconf 76' lang='grc'><strong>346</strong></span> <span class='ocrx_word' id='word_1_2' title='bbox 634 166 887 209; x_wconf 76' lang='lat' dir='ltr'><strong>BANDURu</strong></span> <span class='ocrx_word' id='word_1_3' title='bbox 938 167 1428 211; x_wconf 68' lang='lat' dir='ltr'><strong>ANJMADvERSmNEs</strong></span> 
     </span>
    </p>
   </div>
   <div class='ocr_carea' id='block_1_2' title="bbox 325 278 1730 385">
    <p class='ocr_par' dir='ltr' id='par_1_2' title="bbox 325 278 1730 385">
     <span class='ocr_line' id='line_1_2' title="bbox 325 278 1730 331; baseline 0.003 -12"><span class='ocrx_word' id='word_1_4' title='bbox 325 280 368 319; x_wconf 91' lang='lat' dir='ltr'><strong>in</strong></span> <span class='ocrx_word' id='word_1_5' title='bbox 398 278 566 319; x_wconf 88' lang='lat' dir='ltr'><strong>ecclesia</strong></span> <span class='ocrx_word' id='word_1_6' title='bbox 591 278 655 318; x_wconf 90' lang='lat' dir='ltr'><strong>dei</strong></span> <span class='ocrx_word' id='word_1_7' title='bbox 684 278 868 331; x_wconf 84' lang='lat' dir='ltr'><strong>genitrici</strong></span> <span class='ocrx_word' id='word_1_8' title='bbox 896 291 1024 330; x_wconf 86' lang='lat' dir='ltr'><strong>sacra,</strong></span> <span class='ocrx_word' id='word_1_9' title='bbox 1060 291 1160 331; x_wconf 86' lang='lat' dir='ltr'><strong>quae</strong></span> <span class='ocrx_word' id='word_1_10' title='bbox 1188 281 1296 331; x_wconf 89' lang='lat' dir='ltr'><strong>prius</strong></span> <span class='ocrx_word' id='word_1_11' title='bbox 1326 283 1458 322; x_wconf 84' lang='lat' dir='ltr'><strong>fuerat</strong></span> <span class='ocrx_word' id='word_1_12' title='bbox 1483 281 1589 321; x_wconf 87' lang='lat' dir='ltr'><strong>Iovis</strong></span> <span class='ocrx_word' id='word_1_13' title='bbox 1619 282 1730 323; x_wconf 88' lang='lat' dir='ltr'><strong>delu-</strong></span> 
     </span>
     <span class='ocr_line' id='line_1_3' title="bbox 325 332 1564 385; baseline -0.001 -12"><span class='ocrx_word' id='word_1_14' title='bbox 325 334 449 382; x_wconf 82' lang='lat' dir='ltr'><strong>brum,</strong></span> <span class='ocrx_word' id='word_1_15' title='bbox 475 332 661 385; x_wconf 87' lang='lat' dir='ltr'><strong>reposita,</strong></span> <span class='ocrx_word' id='word_1_16' title='bbox 691 337 734 371; x_wconf 88' lang='lat' dir='ltr'><strong>ut</strong></span> <span class='ocrx_word' id='word_1_17' title='bbox 761 332 883 372; x_wconf 84' lang='lat' dir='ltr'><strong>tradit</strong></span> <span class='ocrx_word' id='word_1_18' title='bbox 908 333 1091 372; x_wconf 87' lang='lat' dir='ltr'><strong>laudatus</strong></span> <span class='ocrx_word' id='word_1_19' title='bbox 1121 334 1416 374; x_wconf 76' lang='lat' dir='ltr'><strong>archidiaconus</strong></span> <span class='ocrx_word' id='word_1_20' title='bbox 1443 347 1476 375; x_wconf 92' lang='lat' dir='ltr'><strong>c.</strong></span> <span class='ocrx_word' id='word_1_21' title='bbox 1499 339 1564 374; x_wconf 79' lang='lat'><strong>12.</strong></span> 
     </span>
    </p>
   </div>
   <div class='ocr_carea' id='block_1_3' title="bbox 315 391 1731 930">
    <p class='ocr_par' dir='ltr' id='par_1_3' title="bbox 315 391 1731 930">
     <span class='ocr_line' id='line_1_4' title="bbox 433 391 1726 447; baseline 0.007 -16"><span class='ocrx_word' id='word_1_22' title='bbox 433 400 523 446; x_wconf 80' lang='lat'>138,</span> <span class='ocrx_word' id='word_1_23' title='bbox 550 399 587 435; x_wconf 84' lang='grc'><strong>4.</strong></span> <span class='ocrx_word' id='word_1_24' title='bbox 642 391 684 432; x_wconf 82' lang='grc' dir='ltr'><strong>τὸ</strong></span> <span class='ocrx_word' id='word_1_25' title='bbox 713 398 848 444; x_wconf 81' lang='grc' dir='ltr'><em>τεῖχος</em></span> <span class='ocrx_word' id='word_1_26' title='bbox 875 394 947 433; x_wconf 78' lang='grc' dir='ltr'><strong>τοῦ</strong></span> <span class='ocrx_word' id='word_1_27' title='bbox 974 393 1158 434; x_wconf 81' lang='grc' dir='ltr'><em>τοιούτου</em></span> <span class='ocrx_word' id='word_1_28' title='bbox 1186 394 1381 447; x_wconf 73' lang='grc' dir='ltr'><strong><em>κάπρου]</em></strong></span> <span class='ocrx_word' id='word_1_29' title='bbox 1427 399 1565 439; x_wconf 88' lang='lat' dir='ltr'><strong>horum</strong></span> <span class='ocrx_word' id='word_1_30' title='bbox 1595 404 1726 440; x_wconf 81' lang='lat' dir='ltr'><strong>autem</strong></span> 
     </span>
     <span class='ocr_line' id='line_1_5' title="bbox 325 450 1726 503; baseline 0.004 -14"><span class='ocrx_word' id='word_1_31' title='bbox 325 462 535 498; x_wconf 88' lang='lat' dir='ltr'><strong>murorum,</strong></span> <span class='ocrx_word' id='word_1_32' title='bbox 564 450 692 502; x_wconf 90' lang='lat' dir='ltr'><strong>inquit</strong></span> <span class='ocrx_word' id='word_1_33' title='bbox 710 450 851 489; x_wconf 86' lang='lat' dir='ltr'><strong>Lucius</strong></span> <span class='ocrx_word' id='word_1_34' title='bbox 872 463 904 489; x_wconf 91' lang='lat' dir='ltr'><strong>c.</strong></span> <span class='ocrx_word' id='word_1_35' title='bbox 922 454 985 499; x_wconf 87' lang='lat'><strong>10,</strong></span> <span class='ocrx_word' id='word_1_36' title='bbox 1013 463 1107 501; x_wconf 86' lang='lat' dir='ltr'><strong>pars</strong></span> <span class='ocrx_word' id='word_1_37' title='bbox 1133 451 1260 490; x_wconf 88' lang='lat' dir='ltr'><strong>maior</strong></span> <span class='ocrx_word' id='word_1_38' title='bbox 1287 451 1446 503; x_wconf 85' lang='lat' dir='ltr'><strong>integra</strong></span> <span class='ocrx_word' id='word_1_39' title='bbox 1475 458 1615 493; x_wconf 84' lang='lat' dir='ltr'>extans</span> <span class='ocrx_word' id='word_1_40' title='bbox 1643 466 1726 494; x_wconf 90' lang='lat' dir='ltr'><strong>ma-</strong></span> 
     </span>
     <span class='ocr_line' id='line_1_6' title="bbox 329 504 1731 558; baseline 0.003 -16"><span class='ocrx_word' id='word_1_41' title='bbox 329 504 593 554; x_wconf 84' lang='lat' dir='ltr'><strong>gnificentiam</strong></span> <span class='ocrx_word' id='word_1_42' title='bbox 643 504 860 542; x_wconf 84' lang='lat' dir='ltr'>Romanam</span> <span class='ocrx_word' id='word_1_43' title='bbox 898 508 1090 552; x_wconf 83' lang='lat' dir='ltr'><strong>testatur3</strong></span> <span class='ocrx_word' id='word_1_44' title='bbox 1134 517 1185 544; x_wconf 86' lang='lat' dir='ltr'><strong>ex</strong></span> <span class='ocrx_word' id='word_1_45' title='bbox 1227 505 1439 557; x_wconf 82' lang='lat' dir='ltr'><strong>iisdemque</strong></span> <span class='ocrx_word' id='word_1_46' title='bbox 1478 508 1731 558; x_wconf 83' lang='lat' dir='ltr'><strong>cognoscitur</strong></span> 
     </span>
     <span class='ocr_line' id='line_1_7' title="bbox 322 557 1729 610; baseline 0.003 -15"><span class='ocrx_word' id='word_1_47' title='bbox 322 569 439 609; x_wconf 86' lang='lat' dir='ltr'><strong>quam</strong></span> <span class='ocrx_word' id='word_1_48' title='bbox 485 557 602 596; x_wconf 80' lang='lat' dir='ltr'><strong>facile</strong></span> <span class='ocrx_word' id='word_1_49' title='bbox 633 569 658 596; x_wconf 85' lang='lat' dir='ltr'><strong>a</strong></span> <span class='ocrx_word' id='word_1_50' title='bbox 698 557 833 597; x_wconf 87' lang='lat' dir='ltr'><strong>Slavis</strong></span> <span class='ocrx_word' id='word_1_51' title='bbox 870 557 1191 597; x_wconf 86' lang='lat' dir='ltr'><strong>Salonitanorum</strong></span> <span class='ocrx_word' id='word_1_52' title='bbox 1229 559 1422 610; x_wconf 81' lang='lat' dir='ltr'><strong>reliquiae</strong></span> <span class='ocrx_word' id='word_1_53' title='bbox 1450 571 1494 598; x_wconf 89' lang='lat' dir='ltr'><strong>se</strong></span> <span class='ocrx_word' id='word_1_54' title='bbox 1521 561 1729 600; x_wconf 82' lang='lat' dir='ltr'><strong>defendere</strong></span> 
     </span>
     <span class='ocr_line' id='line_1_8' title="bbox 322 610 1726 663; baseline 0.003 -14"><span class='ocrx_word' id='word_1_55' title='bbox 322 615 494 661; x_wconf 84' lang='lat' dir='ltr'><strong>possent.</strong></span> <span class='ocrx_word' id='word_1_56' title='bbox 567 610 676 650; x_wconf 90' lang='lat' dir='ltr'><strong>urbis</strong></span> <span class='ocrx_word' id='word_1_57' title='bbox 719 623 814 649; x_wconf 89' lang='lat' dir='ltr'><strong>vero</strong></span> <span class='ocrx_word' id='word_1_58' title='bbox 843 611 1093 662; x_wconf 86' lang='lat' dir='ltr'><strong>Spalatensis</strong></span> <span class='ocrx_word' id='word_1_59' title='bbox 1121 612 1421 663; x_wconf 84' lang='lat' dir='ltr'><strong>descriptionem</strong></span> <span class='ocrx_word' id='word_1_60' title='bbox 1447 613 1621 652; x_wconf 86' lang='lat' dir='ltr'><strong>exhihuit</strong></span> <span class='ocrx_word' id='word_1_61' title='bbox 1648 615 1726 654; x_wconf 88' lang='lat' dir='ltr'><strong>lac.</strong></span> 
     </span>
     <span class='ocr_line' id='line_1_9' title="bbox 321 664 1728 718; baseline 0.003 -16"><span class='ocrx_word' id='word_1_62' title='bbox 321 664 494 715; x_wconf 90' lang='lat' dir='ltr'><strong>Sponius</strong></span> <span class='ocrx_word' id='word_1_63' title='bbox 511 664 554 704; x_wconf 91' lang='lat' dir='ltr'><strong>in</strong></span> <span class='ocrx_word' id='word_1_64' title='bbox 582 677 652 704; x_wconf 93' lang='lat' dir='ltr'><strong>suo</strong></span> <span class='ocrx_word' id='word_1_65' title='bbox 680 665 902 704; x_wconf 85' lang='lat' dir='ltr'><strong>Itinerario.</strong></span> <span class='ocrx_word' id='word_1_66' title='bbox 930 666 1140 704; x_wconf 89' lang='lat' dir='ltr'><strong>nonnullas</strong></span> <span class='ocrx_word' id='word_1_67' title='bbox 1167 665 1259 705; x_wconf 72' lang='lat' dir='ltr'><strong>irem</strong></span> <span class='ocrx_word' id='word_1_68' title='bbox 1285 666 1558 718; x_wconf 84' lang='lat' dir='ltr'><strong>inscriptiones</strong></span> <span class='ocrx_word' id='word_1_69' title='bbox 1573 666 1728 718; x_wconf 83' lang='lat' dir='ltr'><strong>Spalati</strong></span> 
     </span>
     <span class='ocr_line' id='line_1_10' title="bbox 318 719 1728 771; baseline 0.003 -15"><span class='ocrx_word' id='word_1_70' title='bbox 318 722 499 768; x_wconf 87' lang='lat' dir='ltr'><strong>repertas</strong></span> <span class='ocrx_word' id='word_1_71' title='bbox 529 720 683 770; x_wconf 82' lang='lat' dir='ltr'><strong>profert</strong></span> <span class='ocrx_word' id='word_1_72' title='bbox 709 719 810 757; x_wconf 90' lang='lat' dir='ltr'><strong>idem</strong></span> <span class='ocrx_word' id='word_1_73' title='bbox 826 723 853 757; x_wconf 89' lang='lat' dir='ltr'><strong>t.</strong></span> <span class='ocrx_word' id='word_1_74' title='bbox 869 722 896 758; x_wconf 87' lang='lat'>3</span> <span class='ocrx_word' id='word_1_75' title='bbox 924 731 962 769; x_wconf 81' lang='lat' dir='ltr'><strong>p.</strong></span> <span class='ocrx_word' id='word_1_76' title='bbox 979 723 1031 758; x_wconf 69' lang='lat'><strong>79</strong></span> <span class='ocrx_word' id='word_1_77' title='bbox 1046 724 1084 757; x_wconf 87' lang='lat' dir='ltr'><strong>et</strong></span> <span class='ocrx_word' id='word_1_78' title='bbox 1095 731 1203 771; x_wconf 89' lang='lat' dir='ltr'><strong>seqq.</strong></span> <span class='ocrx_word' id='word_1_79' title='bbox 1260 720 1330 758; x_wconf 86' lang='lat' dir='ltr'><strong>sed</strong></span> <span class='ocrx_word' id='word_1_80' title='bbox 1355 720 1451 759; x_wconf 91' lang='lat' dir='ltr'><strong>illae</strong></span> <span class='ocrx_word' id='word_1_81' title='bbox 1476 720 1525 760; x_wconf 85' lang='lat' dir='ltr'><strong>ad</strong></span> <span class='ocrx_word' id='word_1_82' title='bbox 1539 719 1728 760; x_wconf 87' lang='lat' dir='ltr'><strong>Salonam</strong></span> 
     </span>
     <span class='ocr_line' id='line_1_11' title="bbox 315 772 1725 825; baseline 0.002 -15"><span class='ocrx_word' id='word_1_83' title='bbox 315 772 448 822; x_wconf 84' lang='lat' dir='ltr'><strong>potius</strong></span> <span class='ocrx_word' id='word_1_84' title='bbox 477 783 593 824; x_wconf 81' lang='lat' dir='ltr'><strong>quam</strong></span> <span class='ocrx_word' id='word_1_85' title='bbox 625 773 675 812; x_wconf 88' lang='lat' dir='ltr'><strong>ad</strong></span> <span class='ocrx_word' id='word_1_86' title='bbox 700 772 911 822; x_wconf 84' lang='lat' dir='ltr'><strong>Spalatum</strong></span> <span class='ocrx_word' id='word_1_87' title='bbox 938 772 1149 823; x_wconf 89' lang='lat' dir='ltr'><strong>pertinent.</strong></span> <span class='ocrx_word' id='word_1_88' title='bbox 1217 777 1386 812; x_wconf 86' lang='lat' dir='ltr'><strong>ceterum</strong></span> <span class='ocrx_word' id='word_1_89' title='bbox 1417 773 1483 825; x_wconf 89' lang='lat' dir='ltr'><strong>qui</strong></span> <span class='ocrx_word' id='word_1_90' title='bbox 1512 785 1578 812; x_wconf 90' lang='lat' dir='ltr'><strong>res</strong></span> <span class='ocrx_word' id='word_1_91' title='bbox 1607 773 1725 813; x_wconf 86' lang='lat' dir='ltr'><strong>Salo-</strong></span> 
     </span>
     <span class='ocr_line' id='line_1_12' title="bbox 317 826 1726 878; baseline 0.002 -14"><span class='ocrx_word' id='word_1_92' title='bbox 317 826 478 865; x_wconf 85' lang='lat' dir='ltr'><strong>nitanas</strong></span> <span class='ocrx_word' id='word_1_93' title='bbox 504 838 552 865; x_wconf 89' lang='lat' dir='ltr'><strong>ac</strong></span> <span class='ocrx_word' id='word_1_94' title='bbox 578 826 838 876; x_wconf 88' lang='lat' dir='ltr'><strong>Spalatenses</strong></span> <span class='ocrx_word' id='word_1_95' title='bbox 868 826 1089 865; x_wconf 84' lang='lat' dir='ltr'><strong>accuratius</strong></span> <span class='ocrx_word' id='word_1_96' title='bbox 1117 827 1269 865; x_wconf 85' lang='lat' dir='ltr'><strong>discere</strong></span> <span class='ocrx_word' id='word_1_97' title='bbox 1296 827 1412 878; x_wconf 90' lang='lat' dir='ltr'><strong>cupit,</strong></span> <span class='ocrx_word' id='word_1_98' title='bbox 1441 827 1621 867; x_wconf 81' lang='lat' dir='ltr'><strong>consulat</strong></span> <span class='ocrx_word' id='word_1_99' title='bbox 1648 828 1726 867; x_wconf 85' lang='lat' dir='ltr'><strong>Lu-</strong></span> 
     </span>
     <span class='ocr_line' id='line_1_13' title="bbox 319 879 1312 930; baseline 0.002 -13"><span class='ocrx_word' id='word_1_100' title='bbox 319 879 370 918; x_wconf 90' lang='lat' dir='ltr'><strong>cii</strong></span> <span class='ocrx_word' id='word_1_101' title='bbox 401 879 705 919; x_wconf 88' lang='lat' dir='ltr'><strong>eruditissimum</strong></span> <span class='ocrx_word' id='word_1_102' title='bbox 733 891 830 930; x_wconf 90' lang='lat' dir='ltr'><strong>opus</strong></span> <span class='ocrx_word' id='word_1_103' title='bbox 858 880 907 918; x_wconf 90' lang='lat' dir='ltr'><strong>de</strong></span> <span class='ocrx_word' id='word_1_104' title='bbox 943 891 978 918; x_wconf 91' lang='lat' dir='ltr'><strong>r.</strong></span> <span class='ocrx_word' id='word_1_105' title='bbox 1007 881 1134 919; x_wconf 86' lang='lat' dir='ltr'><strong>Dalm.</strong></span> <span class='ocrx_word' id='word_1_106' title='bbox 1169 892 1216 918; x_wconf 89' lang='lat' dir='ltr'><strong>ac</strong></span> <span class='ocrx_word' id='word_1_107' title='bbox 1245 879 1312 920; x_wconf 81' lang='lat' dir='ltr'><strong>Cr.</strong></span> 
     </span>
    </p>
   </div>
   <div class='ocr_carea' id='block_1_4' title="bbox 313 939 1724 1089">
    <p class='ocr_par' dir='ltr' id='par_1_4' title="bbox 313 939 1724 1089">
     <span class='ocr_line' id='line_1_14' title="bbox 419 939 1724 996; baseline -0.002 -13"><span class='ocrx_word' id='word_1_108' title='bbox 419 941 524 983; x_wconf 78' lang='lat' dir='ltr'><strong>lbid.</strong></span> <span class='ocrx_word' id='word_1_109' title='bbox 555 946 592 982; x_wconf 89' lang='grc'><strong>4.</strong></span> <span class='ocrx_word' id='word_1_110' title='bbox 649 939 827 993; x_wconf 76' lang='grc' dir='ltr'><em>βήσαλον</em></span> <span class='ocrx_word' id='word_1_111' title='bbox 856 942 983 983; x_wconf 84' lang='lat' dir='ltr'><strong>later·</strong></span> <span class='ocrx_word' id='word_1_112' title='bbox 1050 944 1142 983; x_wconf 87' lang='lat' dir='ltr'><strong>vide</strong></span> <span class='ocrx_word' id='word_1_113' title='bbox 1173 944 1386 984; x_wconf 89' lang='lat' dir='ltr'><strong>Comment.</strong></span> <span class='ocrx_word' id='word_1_114' title='bbox 1413 944 1454 983; x_wconf 92' lang='lat' dir='ltr'><strong>in</strong></span> <span class='ocrx_word' id='word_1_115' title='bbox 1482 943 1614 996; x_wconf 85' lang='lat' dir='ltr'><strong>Antiq.</strong></span> <span class='ocrx_word' id='word_1_116' title='bbox 1647 944 1724 984; x_wconf 68' lang='grc' dir='ltr'><strong>(ΣΡ.</strong></span> 
     </span>
     <span class='ocr_line' id='line_1_15' title="bbox 313 995 1722 1089; baseline -0.001 -53"><span class='ocrx_word' id='word_1_117' title='bbox 313 998 474 1089; x_wconf 54' lang='lat' dir='ltr'>i412206.</span> <span class='ocrx_word' id='word_1_118' title='bbox 542 997 635 1049; x_wconf 87' lang='lat' dir='ltr'><strong>quid</strong></span> <span class='ocrx_word' id='word_1_119' title='bbox 676 1008 772 1036; x_wconf 88' lang='lat' dir='ltr'><strong>vero</strong></span> <span class='ocrx_word' id='word_1_120' title='bbox 825 995 1077 1049; x_wconf 76' lang='grc' dir='ltr'><em>ἐγχώρηγος,</em></span> <span class='ocrx_word' id='word_1_121' title='bbox 1122 998 1212 1037; x_wconf 89' lang='lat' dir='ltr'><strong>vide</strong></span> <span class='ocrx_word' id='word_1_122' title='bbox 1260 998 1470 1038; x_wconf 87' lang='lat' dir='ltr'><strong>eorundem</strong></span> <span class='ocrx_word' id='word_1_123' title='bbox 1509 997 1722 1038; x_wconf 84' lang='lat' dir='ltr'><strong>Comment.</strong></span> 
     </span>
    </p>
   </div>
   <div class='ocr_carea' id='block_1_5' title="bbox 308 1123 1763 1340">
    <p class='ocr_par' dir='ltr' id='par_1_5' title="bbox 308 1123 1763 1340">
     <span class='ocr_line' id='line_1_16' title="bbox 417 1123 1763 1176; baseline 0.005 -15"><span class='ocrx_word' id='word_1_124' title='bbox 417 1123 525 1166; x_wconf 78' lang='lat' dir='ltr'><strong>Ibid,</strong></span> <span class='ocrx_word' id='word_1_125' title='bbox 554 1129 619 1166; x_wconf 84' lang='lat'><strong>10,</strong></span> <span class='ocrx_word' id='word_1_126' title='bbox 678 1125 893 1176; x_wconf 79' lang='grc' dir='ltr'><strong><em>κοσμίτης,</em></strong></span> <span class='ocrx_word' id='word_1_127' title='bbox 925 1126 1038 1165; x_wconf 88' lang='lat' dir='ltr'><strong>iuxta</strong></span> <span class='ocrx_word' id='word_1_128' title='bbox 1066 1125 1240 1166; x_wconf 87' lang='lat' dir='ltr'><strong>Goarum</strong></span> <span class='ocrx_word' id='word_1_129' title='bbox 1272 1127 1323 1166; x_wconf 87' lang='lat' dir='ltr'><strong>ad</strong></span> <span class='ocrx_word' id='word_1_130' title='bbox 1354 1126 1574 1167; x_wconf 78' lang='lat' dir='ltr'><strong>cedrenum</strong></span> <span class='ocrx_word' id='word_1_131' title='bbox 1602 1131 1641 1166; x_wconf 89' lang='lat' dir='ltr'><strong>et</strong></span> <span class='ocrx_word' id='word_1_132' title='bbox 1672 1126 1726 1166; x_wconf 85' lang='lat' dir='ltr'><strong>ad</strong></span> <span class='ocrx_word' id='word_1_133' title='bbox 1760 1165 1763 1168; x_wconf 81' lang='lat'>.</span> 
     </span>
     <span class='ocr_line' id='line_1_17' title="bbox 312 1178 1727 1232; baseline 0.001 -14"><span class='ocrx_word' id='word_1_134' title='bbox 312 1178 493 1218; x_wconf 81' lang='lat' dir='ltr'><strong>Eucholo</strong></span> <span class='ocrx_word' id='word_1_135' title='bbox 525 1180 615 1228; x_wconf 89' lang='lat' dir='ltr'><strong>ium,</strong></span> <span class='ocrx_word' id='word_1_136' title='bbox 648 1180 873 1220; x_wconf 87' lang='lat' dir='ltr'><strong>architectis</strong></span> <span class='ocrx_word' id='word_1_137' title='bbox 904 1184 964 1218; x_wconf 91' lang='lat' dir='ltr'><strong>est</strong></span> <span class='ocrx_word' id='word_1_138' title='bbox 983 1183 1074 1219; x_wconf 86' lang='lat' dir='ltr'><strong>tota</strong></span> <span class='ocrx_word' id='word_1_139' title='bbox 1101 1192 1124 1218; x_wconf 83' lang='lat' dir='ltr'><strong>e</strong></span> <span class='ocrx_word' id='word_1_140' title='bbox 1156 1179 1290 1220; x_wconf 74' lang='lat' dir='ltr'><strong>istelii</strong></span> <span class='ocrx_word' id='word_1_141' title='bbox 1318 1191 1542 1232; x_wconf 72' lang='lat' dir='ltr'><strong>compayes</strong></span> <span class='ocrx_word' id='word_1_142' title='bbox 1568 1192 1624 1221; x_wconf 69' lang='grc' dir='ltr'><strong>επ</strong></span> <span class='ocrx_word' id='word_1_143' title='bbox 1655 1191 1727 1220; x_wconf 85' lang='lat' dir='ltr'><strong>co-</strong></span> 
     </span>
     <span class='ocr_line' id='line_1_18' title="bbox 308 1231 1724 1286; baseline 0.001 -14"><span class='ocrx_word' id='word_1_144' title='bbox 308 1232 456 1273; x_wconf 73' lang='lat' dir='ltr'><strong>ronide</strong></span> <span class='ocrx_word' id='word_1_145' title='bbox 517 1233 674 1286; x_wconf 78' lang='lat' dir='ltr'><strong>ephoro</strong></span> <span class='ocrx_word' id='word_1_146' title='bbox 705 1237 748 1274; x_wconf 83' lang='lat' dir='ltr'><strong>et</strong></span> <span class='ocrx_word' id='word_1_147' title='bbox 772 1235 813 1273; x_wconf 77' lang='lat' dir='ltr'><strong>ei</strong></span> <span class='ocrx_word' id='word_1_148' title='bbox 839 1231 1034 1273; x_wconf 76' lang='lat' dir='ltr'><strong>subiecta</strong></span> <span class='ocrx_word' id='word_1_149' title='bbox 1049 1237 1119 1273; x_wconf 85' lang='lat' dir='ltr'><strong>tra</strong></span> <span class='ocrx_word' id='word_1_150' title='bbox 1147 1246 1171 1273; x_wconf 88' lang='lat' dir='ltr'><strong>e</strong></span> <span class='ocrx_word' id='word_1_151' title='bbox 1199 1237 1504 1286; x_wconf 65' lang='lat' dir='ltr'><strong>coagmentata,</strong></span> <span class='ocrx_word' id='word_1_152' title='bbox 1531 1234 1590 1273; x_wconf 87' lang='lat' dir='ltr'><strong>sic</strong></span> <span class='ocrx_word' id='word_1_153' title='bbox 1616 1234 1724 1273; x_wconf 84' lang='lat' dir='ltr'><strong>dicta</strong></span> 
     </span>
     <span class='ocr_line' id='line_1_19' title="bbox 310 1287 1699 1340; baseline -0.001 -14"><span class='ocrx_word' id='word_1_154' title='bbox 310 1288 413 1339; x_wconf 89' lang='lat' dir='ltr'><strong>quod</strong></span> <span class='ocrx_word' id='word_1_155' title='bbox 443 1288 712 1327; x_wconf 85' lang='lat' dir='ltr'><strong>columnarum</strong></span> <span class='ocrx_word' id='word_1_156' title='bbox 739 1287 957 1327; x_wconf 87' lang='lat' dir='ltr'><strong>aedificium</strong></span> <span class='ocrx_word' id='word_1_157' title='bbox 986 1289 1139 1335; x_wconf 82' lang='grc' dir='ltr'><strong>κοσμεῖ.</strong></span> <span class='ocrx_word' id='word_1_158' title='bbox 1194 1288 1285 1327; x_wconf 90' lang='lat' dir='ltr'><strong>vide</strong></span> <span class='ocrx_word' id='word_1_159' title='bbox 1311 1287 1507 1340; x_wconf 84' lang='lat' dir='ltr'><strong>Ducangii</strong></span> <span class='ocrx_word' id='word_1_160' title='bbox 1534 1287 1598 1327; x_wconf 83' lang='lat' dir='ltr'><strong>Gi.</strong></span> <span class='ocrx_word' id='word_1_161' title='bbox 1628 1287 1699 1326; x_wconf 84' lang='lat' dir='ltr'><strong>Gr.</strong></span> 
     </span>
    </p>
   </div>
   <div class='ocr_carea' id='block_1_6' title="bbox 303 1349 1723 1942">
    <p class='ocr_par' dir='ltr' id='par_1_6' title="bbox 303 1349 1723 1942">
     <span class='ocr_line' id='line_1_20' title="bbox 412 1349 1719 1403; baseline -0.001 -11"><span class='ocrx_word' id='word_1_162' title='bbox 412 1349 519 1392; x_wconf 78' lang='lat' dir='ltr'><strong>Ibid.</strong></span> <span class='ocrx_word' id='word_1_163' title='bbox 538 1355 601 1392; x_wconf 84' lang='lat'><strong>18.</strong></span> <span class='ocrx_word' id='word_1_164' title='bbox 633 1352 941 1403; x_wconf 86' lang='lat' dir='ltr'><strong>Tetrangurium</strong></span> <span class='ocrx_word' id='word_1_165' title='bbox 961 1355 1000 1390; x_wconf 91' lang='lat' dir='ltr'><strong>et</strong></span> <span class='ocrx_word' id='word_1_166' title='bbox 1017 1352 1284 1403; x_wconf 85' lang='lat' dir='ltr'><strong>Tetranguria</strong></span> <span class='ocrx_word' id='word_1_167' title='bbox 1295 1353 1423 1392; x_wconf 88' lang='lat' dir='ltr'><strong>Plinio</strong></span> <span class='ocrx_word' id='word_1_168' title='bbox 1439 1356 1478 1391; x_wconf 86' lang='lat' dir='ltr'><strong>et</strong></span> <span class='ocrx_word' id='word_1_169' title='bbox 1494 1352 1719 1391; x_wconf 86' lang='lat' dir='ltr'><strong>Ptolemaeo</strong></span> 
     </span>
     <span class='ocr_line' id='line_1_21' title="bbox 310 1403 1722 1458; baseline -0.001 -13"><span class='ocrx_word' id='word_1_170' title='bbox 310 1403 585 1458; x_wconf 63' lang='lat' dir='ltr'><strong>ff&#39;rayurium3</strong></span> <span class='ocrx_word' id='word_1_171' title='bbox 629 1410 669 1444; x_wconf 89' lang='lat' dir='ltr'><strong>et</strong></span> <span class='ocrx_word' id='word_1_172' title='bbox 708 1405 766 1445; x_wconf 91' lang='lat' dir='ltr'><strong>ita</strong></span> <span class='ocrx_word' id='word_1_173' title='bbox 791 1406 907 1444; x_wconf 88' lang='lat' dir='ltr'><strong>hodie</strong></span> <span class='ocrx_word' id='word_1_174' title='bbox 947 1406 1195 1456; x_wconf 57' lang='lat' dir='ltr'><strong>appellatum</strong></span> <span class='ocrx_word' id='word_1_175' title='bbox 1229 1407 1299 1445; x_wconf 90' lang='lat' dir='ltr'><strong>sed</strong></span> <span class='ocrx_word' id='word_1_176' title='bbox 1326 1408 1449 1458; x_wconf 88' lang='lat' dir='ltr'><strong>vulgo</strong></span> <span class='ocrx_word' id='word_1_177' title='bbox 1482 1404 1599 1446; x_wconf 80' lang='lat' dir='ltr'><strong>Trau</strong></span> <span class='ocrx_word' id='word_1_178' title='bbox 1625 1405 1722 1445; x_wconf 85' lang='lat' dir='ltr'><strong>dici-</strong></span> 
     </span>
     <span class='ocr_line' id='line_1_22' title="bbox 306 1459 1722 1511; baseline 0 -13"><span class='ocrx_word' id='word_1_179' title='bbox 306 1463 384 1498; x_wconf 89' lang='lat' dir='ltr'><strong>tur.</strong></span> <span class='ocrx_word' id='word_1_180' title='bbox 440 1459 682 1511; x_wconf 85' lang='lat' dir='ltr'><strong>Tragurium</strong></span> <span class='ocrx_word' id='word_1_181' title='bbox 712 1471 822 1509; x_wconf 89' lang='lat' dir='ltr'><strong>vero,</strong></span> <span class='ocrx_word' id='word_1_182' title='bbox 850 1459 976 1510; x_wconf 89' lang='lat' dir='ltr'><strong>inquit</strong></span> <span class='ocrx_word' id='word_1_183' title='bbox 1016 1459 1182 1509; x_wconf 88' lang='lat' dir='ltr'><strong>Lucius,</strong></span> <span class='ocrx_word' id='word_1_184' title='bbox 1210 1459 1250 1498; x_wconf 93' lang='lat' dir='ltr'><strong>in</strong></span> <span class='ocrx_word' id='word_1_185' title='bbox 1279 1460 1488 1511; x_wconf 83' lang='lat' dir='ltr'><strong>peninsula</strong></span> <span class='ocrx_word' id='word_1_186' title='bbox 1513 1463 1606 1498; x_wconf 91' lang='lat' dir='ltr'><strong>tunc</strong></span> <span class='ocrx_word' id='word_1_187' title='bbox 1634 1459 1722 1498; x_wconf 83' lang='lat' dir='ltr'><strong>exi-</strong></span> 
     </span>
     <span class='ocr_line' id='line_1_23' title="bbox 305 1512 1723 1564; baseline -0.001 -12"><span class='ocrx_word' id='word_1_188' title='bbox 305 1516 415 1552; x_wconf 85' lang='lat' dir='ltr'><strong>stens</strong></span> <span class='ocrx_word' id='word_1_189' title='bbox 441 1514 550 1553; x_wconf 86' lang='lat' dir='ltr'><strong>tenui</strong></span> <span class='ocrx_word' id='word_1_190' title='bbox 578 1513 724 1553; x_wconf 88' lang='lat' dir='ltr'><strong>isthmo</strong></span> <span class='ocrx_word' id='word_1_191' title='bbox 752 1512 971 1552; x_wconf 85' lang='lat' dir='ltr'><strong>continenti</strong></span> <span class='ocrx_word' id='word_1_192' title='bbox 998 1512 1259 1564; x_wconf 83' lang='lat' dir='ltr'><strong>iungebatur:</strong></span> <span class='ocrx_word' id='word_1_193' title='bbox 1290 1514 1380 1552; x_wconf 89' lang='lat' dir='ltr'><strong>ideo</strong></span> <span class='ocrx_word' id='word_1_194' title='bbox 1409 1513 1529 1553; x_wconf 81' lang='lat' dir='ltr'><strong>facile</strong></span> <span class='ocrx_word' id='word_1_195' title='bbox 1555 1525 1580 1552; x_wconf 87' lang='lat' dir='ltr'><strong>a</strong></span> <span class='ocrx_word' id='word_1_196' title='bbox 1608 1518 1723 1564; x_wconf 85' lang='lat' dir='ltr'><strong>parte</strong></span> 
     </span>
     <span class='ocr_line' id='line_1_24' title="bbox 303 1565 1718 1618; baseline -0.001 -12"><span class='ocrx_word' id='word_1_197' title='bbox 303 1566 520 1606; x_wconf 88' lang='lat' dir='ltr'><strong>continenti</strong></span> <span class='ocrx_word' id='word_1_198' title='bbox 558 1567 729 1607; x_wconf 87' lang='lat' dir='ltr'><strong>obversa</strong></span> <span class='ocrx_word' id='word_1_199' title='bbox 761 1566 904 1606; x_wconf 89' lang='lat' dir='ltr'><strong>muniri</strong></span> <span class='ocrx_word' id='word_1_200' title='bbox 932 1566 1078 1618; x_wconf 87' lang='lat' dir='ltr'><strong>potuit,</strong></span> <span class='ocrx_word' id='word_1_201' title='bbox 1108 1570 1148 1605; x_wconf 86' lang='lat' dir='ltr'><strong>et</strong></span> <span class='ocrx_word' id='word_1_202' title='bbox 1175 1579 1226 1606; x_wconf 87' lang='lat' dir='ltr'><strong>ex</strong></span> <span class='ocrx_word' id='word_1_203' title='bbox 1255 1567 1437 1617; x_wconf 83' lang='lat' dir='ltr'><strong>proxima</strong></span> <span class='ocrx_word' id='word_1_204' title='bbox 1463 1567 1604 1616; x_wconf 91' lang='lat' dir='ltr'><strong>insula,</strong></span> <span class='ocrx_word' id='word_1_205' title='bbox 1633 1565 1718 1605; x_wconf 81' lang='lat' dir='ltr'><strong>Boa</strong></span> 
     </span>
     <span class='ocr_line' id='line_1_25' title="bbox 303 1620 1717 1672; baseline -0.001 -13"><span class='ocrx_word' id='word_1_206' title='bbox 303 1620 424 1668; x_wconf 85' lang='lat' dir='ltr'><strong>dicta,</strong></span> <span class='ocrx_word' id='word_1_207' title='bbox 451 1624 606 1672; x_wconf 87' lang='lat' dir='ltr'><strong>portum</strong></span> <span class='ocrx_word' id='word_1_208' title='bbox 625 1621 819 1659; x_wconf 87' lang='lat' dir='ltr'><strong>efficiente</strong></span> <span class='ocrx_word' id='word_1_209' title='bbox 845 1620 997 1672; x_wconf 85' lang='lat' dir='ltr'><strong>ipsique</strong></span> <span class='ocrx_word' id='word_1_210' title='bbox 1017 1621 1343 1671; x_wconf 84' lang='lat' dir='ltr'><strong>supereminente,</strong></span> <span class='ocrx_word' id='word_1_211' title='bbox 1371 1620 1540 1660; x_wconf 84' lang='lat' dir='ltr'><strong>defendi.</strong></span> <span class='ocrx_word' id='word_1_212' title='bbox 1559 1620 1717 1672; x_wconf 89' lang='lat' dir='ltr'><strong>quando</strong></span> 
     </span>
     <span class='ocr_line' id='line_1_26' title="bbox 305 1674 1718 1725; baseline -0.001 -12"><span class='ocrx_word' id='word_1_213' title='bbox 305 1679 436 1714; x_wconf 89' lang='lat' dir='ltr'><strong>autem</strong></span> <span class='ocrx_word' id='word_1_214' title='bbox 466 1674 606 1713; x_wconf 85' lang='lat' dir='ltr'><strong>effosso</strong></span> <span class='ocrx_word' id='word_1_215' title='bbox 633 1674 775 1714; x_wconf 88' lang='lat' dir='ltr'><strong>isthmo</strong></span> <span class='ocrx_word' id='word_1_216' title='bbox 814 1674 855 1713; x_wconf 93' lang='lat' dir='ltr'><strong>in</strong></span> <span class='ocrx_word' id='word_1_217' title='bbox 882 1674 1054 1713; x_wconf 90' lang='lat' dir='ltr'><strong>insulam</strong></span> <span class='ocrx_word' id='word_1_218' title='bbox 1089 1674 1292 1714; x_wconf 84' lang='lat' dir='ltr'><strong>redactum</strong></span> <span class='ocrx_word' id='word_1_219' title='bbox 1318 1675 1439 1713; x_wconf 89' lang='lat' dir='ltr'><strong>fuerit</strong></span> <span class='ocrx_word' id='word_1_220' title='bbox 1464 1674 1718 1725; x_wconf 86' lang='lat' dir='ltr'><strong>Tragurium,</strong></span> 
     </span>
     <span class='ocr_line' id='line_1_27' title="bbox 303 1727 1719 1780; baseline 0 -14"><span class='ocrx_word' id='word_1_221' title='bbox 303 1729 417 1768; x_wconf 87' lang='lat' dir='ltr'><strong>nulla</strong></span> <span class='ocrx_word' id='word_1_222' title='bbox 446 1728 634 1768; x_wconf 89' lang='lat' dir='ltr'><strong>memoria</strong></span> <span class='ocrx_word' id='word_1_223' title='bbox 675 1728 899 1779; x_wconf 87' lang='lat' dir='ltr'><strong>reperitur:</strong></span> <span class='ocrx_word' id='word_1_224' title='bbox 939 1732 1115 1779; x_wconf 89' lang='lat' dir='ltr'><strong>tempore</strong></span> <span class='ocrx_word' id='word_1_225' title='bbox 1150 1731 1303 1778; x_wconf 88' lang='lat' dir='ltr'><strong>tamen,</strong></span> <span class='ocrx_word' id='word_1_226' title='bbox 1335 1739 1413 1780; x_wconf 88' lang='lat' dir='ltr'><strong>quo</strong></span> <span class='ocrx_word' id='word_1_227' title='bbox 1442 1727 1539 1767; x_wconf 83' lang='lat' dir='ltr'><strong>Bela</strong></span> <span class='ocrx_word' id='word_1_228' title='bbox 1562 1728 1616 1767; x_wconf 86' lang='lat' dir='ltr'><strong>lv</strong></span> <span class='ocrx_word' id='word_1_229' title='bbox 1643 1738 1719 1766; x_wconf 84' lang='lat' dir='ltr'><strong>rex</strong></span> 
     </span>
     <span class='ocr_line' id='line_1_28' title="bbox 304 1779 1722 1833; baseline -0.001 -13"><span class='ocrx_word' id='word_1_230' title='bbox 304 1781 509 1833; x_wconf 85' lang='lat' dir='ltr'><strong>Ungariae</strong></span> <span class='ocrx_word' id='word_1_231' title='bbox 546 1794 572 1821; x_wconf 89' lang='lat' dir='ltr'><strong>a</strong></span> <span class='ocrx_word' id='word_1_232' title='bbox 609 1782 797 1822; x_wconf 86' lang='lat' dir='ltr'><strong>Tartaris</strong></span> <span class='ocrx_word' id='word_1_233' title='bbox 835 1783 999 1833; x_wconf 83' lang='lat' dir='ltr'><strong>fugatus</strong></span> <span class='ocrx_word' id='word_1_234' title='bbox 1032 1793 1078 1820; x_wconf 92' lang='lat' dir='ltr'><strong>eo</strong></span> <span class='ocrx_word' id='word_1_235' title='bbox 1112 1785 1355 1831; x_wconf 86' lang='lat' dir='ltr'><strong>secesserat,</strong></span> <span class='ocrx_word' id='word_1_236' title='bbox 1395 1781 1563 1821; x_wconf 88' lang='lat' dir='ltr'><strong>insulam</strong></span> <span class='ocrx_word' id='word_1_237' title='bbox 1599 1779 1722 1820; x_wconf 83' lang='lat' dir='ltr'><strong>fuisse</strong></span> 
     </span>
     <span class='ocr_line' id='line_1_29' title="bbox 304 1834 1720 1887; baseline -0.001 -13"><span class='ocrx_word' id='word_1_238' title='bbox 304 1839 476 1875; x_wconf 84' lang='lat' dir='ltr'><strong>testatur</strong></span> <span class='ocrx_word' id='word_1_239' title='bbox 505 1835 807 1876; x_wconf 83' lang='lat' dir='ltr'><strong>archidiaconus</strong></span> <span class='ocrx_word' id='word_1_240' title='bbox 834 1834 1085 1886; x_wconf 89' lang='lat' dir='ltr'><strong>Spalatensis</strong></span> <span class='ocrx_word' id='word_1_241' title='bbox 1113 1847 1147 1873; x_wconf 87' lang='lat' dir='ltr'><strong>c.</strong></span> <span class='ocrx_word' id='word_1_242' title='bbox 1168 1837 1233 1875; x_wconf 88' lang='grc'><strong>40.</strong></span> <span class='ocrx_word' id='word_1_243' title='bbox 1290 1834 1530 1887; x_wconf 85' lang='lat' dir='ltr'><strong>Tragurium</strong></span> <span class='ocrx_word' id='word_1_244' title='bbox 1557 1835 1612 1874; x_wconf 88' lang='lat' dir='ltr'><strong>lo.</strong></span> <span class='ocrx_word' id='word_1_245' title='bbox 1639 1835 1720 1873; x_wconf 78' lang='lat' dir='ltr'><strong>Lu-</strong></span> 
     </span>
     <span class='ocr_line' id='line_1_30' title="bbox 303 1888 1589 1942; baseline -0.001 -13"><span class='ocrx_word' id='word_1_246' title='bbox 303 1889 355 1929; x_wconf 92' lang='lat' dir='ltr'><strong>cii</strong></span> <span class='ocrx_word' id='word_1_247' title='bbox 383 1890 529 1942; x_wconf 85' lang='lat' dir='ltr'><strong>patria,</strong></span> <span class='ocrx_word' id='word_1_248' title='bbox 558 1901 674 1942; x_wconf 90' lang='lat' dir='ltr'><strong>quam</strong></span> <span class='ocrx_word' id='word_1_249' title='bbox 700 1890 771 1929; x_wconf 90' lang='lat' dir='ltr'><strong>ille</strong></span> <span class='ocrx_word' id='word_1_250' title='bbox 798 1893 838 1927; x_wconf 91' lang='lat' dir='ltr'><strong>et</strong></span> <span class='ocrx_word' id='word_1_251' title='bbox 875 1889 1032 1940; x_wconf 86' lang='lat' dir='ltr'><strong>scriptis</strong></span> <span class='ocrx_word' id='word_1_252' title='bbox 1061 1893 1102 1928; x_wconf 91' lang='lat' dir='ltr'><strong>et</strong></span> <span class='ocrx_word' id='word_1_253' title='bbox 1130 1889 1330 1928; x_wconf 85' lang='lat' dir='ltr'><strong>natalibus</strong></span> <span class='ocrx_word' id='word_1_254' title='bbox 1358 1888 1589 1928; x_wconf 84' lang='lat' dir='ltr'><strong>illustravit.</strong></span> 
     </span>
    </p>
   </div>
   <div class='ocr_carea' id='block_1_7' title="bbox 303 1949 1721 2295">
    <p class='ocr_par' dir='ltr' id='par_1_7' title="bbox 304 1949 1721 2110">
     <span class='ocr_line' id='line_1_31' title="bbox 411 1949 1720 2004; baseline -0.005 -10"><span class='ocrx_word' id='word_1_255' title='bbox 411 1951 520 1994; x_wconf 80' lang='lat' dir='ltr'><strong>Ibid-</strong></span> <span class='ocrx_word' id='word_1_256' title='bbox 548 1958 614 1994; x_wconf 82' lang='lat'><strong>23.</strong></span> <span class='ocrx_word' id='word_1_257' title='bbox 685 1952 956 2001; x_wconf 80' lang='grc' dir='ltr'><strong><em>Λαυρέντιος]</em></strong></span> <span class='ocrx_word' id='word_1_258' title='bbox 996 1951 1187 2004; x_wconf 86' lang='lat' dir='ltr'><strong>reliquiae</strong></span> <span class='ocrx_word' id='word_1_259' title='bbox 1218 1951 1262 1992; x_wconf 90' lang='lat' dir='ltr'><strong>S.</strong></span> <span class='ocrx_word' id='word_1_260' title='bbox 1301 1951 1505 1991; x_wconf 84' lang='lat' dir='ltr'><strong>Laurentii</strong></span> <span class='ocrx_word' id='word_1_261' title='bbox 1532 1949 1720 1999; x_wconf 82' lang='lat' dir='ltr'><strong>martyris</strong></span> 
     </span>
     <span class='ocr_line' id='line_1_32' title="bbox 304 2005 1721 2059; baseline -0.002 -13"><span class='ocrx_word' id='word_1_262' title='bbox 304 2012 494 2059; x_wconf 85' lang='lat' dir='ltr'><strong>perpetuo</strong></span> <span class='ocrx_word' id='word_1_263' title='bbox 539 2007 581 2048; x_wconf 89' lang='lat' dir='ltr'><strong>in</strong></span> <span class='ocrx_word' id='word_1_264' title='bbox 623 2007 722 2047; x_wconf 86' lang='lat' dir='ltr'><strong>urbe</strong></span> <span class='ocrx_word' id='word_1_265' title='bbox 759 2007 884 2046; x_wconf 86' lang='lat' dir='ltr'><strong>Roma</strong></span> <span class='ocrx_word' id='word_1_266' title='bbox 937 2010 1168 2045; x_wconf 88' lang='lat' dir='ltr'><strong>asservatae</strong></span> <span class='ocrx_word' id='word_1_267' title='bbox 1205 2007 1364 2045; x_wconf 81' lang='lat' dir='ltr'><strong>fuerant</strong></span> <span class='ocrx_word' id='word_1_268' title='bbox 1403 2005 1595 2057; x_wconf 86' lang='lat' dir='ltr'><strong>hodieque</strong></span> <span class='ocrx_word' id='word_1_269' title='bbox 1631 2015 1721 2056; x_wconf 87' lang='lat' dir='ltr'><strong>per-</strong></span> 
     </span>
     <span class='ocr_line' id='line_1_33' title="bbox 305 2066 603 2110; baseline 0.003 -10"><span class='ocrx_word' id='word_1_270' title='bbox 305 2066 479 2102; x_wconf 84' lang='lat' dir='ltr'><strong>manent.</strong></span> <span class='ocrx_word' id='word_1_271' title='bbox 600 2108 603 2110; x_wconf 13' lang='grc' dir='ltr'><strong>Α</strong></span> 
     </span>
    </p>

    <p class='ocr_par' dir='ltr' id='par_1_8' title="bbox 303 2131 1719 2295">
     <span class='ocr_line' id='line_1_34' title="bbox 415 2131 1718 2188; baseline -0.005 -11"><span class='ocrx_word' id='word_1_272' title='bbox 415 2140 508 2188; x_wconf 87' lang='grc'><strong>139,</strong></span> <span class='ocrx_word' id='word_1_273' title='bbox 538 2140 577 2177; x_wconf 92' lang='grc'><strong>1.</strong></span> <span class='ocrx_word' id='word_1_274' title='bbox 632 2131 678 2174; x_wconf 81' lang='grc' dir='ltr'><strong>τὸ</strong></span> <span class='ocrx_word' id='word_1_275' title='bbox 708 2132 885 2184; x_wconf 79' lang='grc' dir='ltr'><em>κάστρον</em></span> <span class='ocrx_word' id='word_1_276' title='bbox 915 2133 996 2172; x_wconf 77' lang='grc' dir='ltr'><strong>τῶν</strong></span> <span class='ocrx_word' id='word_1_277' title='bbox 1025 2131 1281 2185; x_wconf 80' lang='grc' dir='ltr'><strong><em>Δεκατέρων]</em></strong></span> <span class='ocrx_word' id='word_1_278' title='bbox 1307 2133 1408 2172; x_wconf 82' lang='lat' dir='ltr'><strong>idem</strong></span> <span class='ocrx_word' id='word_1_279' title='bbox 1435 2131 1718 2184; x_wconf 77' lang='lat' dir='ltr'><strong>porphyroge-</strong></span> 
     </span>
     <span class='ocr_line' id='line_1_35' title="bbox 303 2181 1719 2242; baseline -0.006 -12"><span class='ocrx_word' id='word_1_280' title='bbox 303 2190 411 2230; x_wconf 89' lang='lat' dir='ltr'><strong>nitus</strong></span> <span class='ocrx_word' id='word_1_281' title='bbox 436 2191 556 2242; x_wconf 87' lang='lat' dir='ltr'><strong>paulo</strong></span> <span class='ocrx_word' id='word_1_282' title='bbox 585 2189 764 2242; x_wconf 89' lang='lat' dir='ltr'><strong>superius</strong></span> <span class='ocrx_word' id='word_1_283' title='bbox 791 2189 866 2229; x_wconf 87' lang='lat' dir='ltr'><strong>hoc</strong></span> <span class='ocrx_word' id='word_1_284' title='bbox 893 2188 979 2239; x_wconf 91' lang='lat' dir='ltr'><strong>ipso</strong></span> <span class='ocrx_word' id='word_1_285' title='bbox 1018 2188 1146 2239; x_wconf 89' lang='lat' dir='ltr'><strong>capite</strong></span> <span class='ocrx_word' id='word_1_286' title='bbox 1175 2187 1277 2226; x_wconf 87' lang='lat' dir='ltr'><strong>hanc</strong></span> <span class='ocrx_word' id='word_1_287' title='bbox 1303 2187 1439 2226; x_wconf 90' lang='lat' dir='ltr'><strong>urbem</strong></span> <span class='ocrx_word' id='word_1_288' title='bbox 1468 2183 1514 2223; x_wconf 85' lang='grc' dir='ltr'><strong>τὸ</strong></span> <span class='ocrx_word' id='word_1_289' title='bbox 1545 2181 1719 2234; x_wconf 75' lang='grc' dir='ltr'><em>κάπρον</em></span> 
     </span>
     <span class='ocr_line' id='line_1_36' title="bbox 305 2240 1718 2295; baseline -0.002 -15"><span class='ocrx_word' id='word_1_290' title='bbox 305 2240 357 2280; x_wconf 74' lang='grc' dir='ltr'><strong>τοὶ</strong></span> <span class='ocrx_word' id='word_1_291' title='bbox 388 2243 599 2294; x_wconf 59' lang='lat' dir='ltr'><strong>Andrapa</strong></span> <span class='ocrx_word' id='word_1_292' title='bbox 627 2244 818 2295; x_wconf 88' lang='lat' dir='ltr'><strong>appellat.</strong></span> <span class='ocrx_word' id='word_1_293' title='bbox 875 2243 965 2282; x_wconf 88' lang='lat' dir='ltr'><strong>vide</strong></span> <span class='ocrx_word' id='word_1_294' title='bbox 993 2253 1093 2293; x_wconf 89' lang='lat' dir='ltr'><strong>quae</strong></span> <span class='ocrx_word' id='word_1_295' title='bbox 1123 2241 1176 2281; x_wconf 92' lang='lat' dir='ltr'><strong>ibi</strong></span> <span class='ocrx_word' id='word_1_296' title='bbox 1207 2241 1492 2280; x_wconf 83' lang='lat' dir='ltr'><strong>adnotavimus.</strong></span> <span class='ocrx_word' id='word_1_297' title='bbox 1546 2242 1718 2278; x_wconf 86' lang='lat' dir='ltr'><strong>ceterum</strong></span> 
     </span>
    </p>
   </div>
   <div class='ocr_carea' id='block_1_8' title="bbox 303 2292 1717 2398">
    <p class='ocr_par' dir='ltr' id='par_1_9' title="bbox 303 2292 1717 2398">
     <span class='ocr_line' id='line_1_37' title="bbox 303 2292 1716 2346; baseline -0.004 -10"><span class='ocrx_word' id='word_1_298' title='bbox 303 2297 409 2337; x_wconf 88' lang='lat' dir='ltr'><strong>hanc</strong></span> <span class='ocrx_word' id='word_1_299' title='bbox 439 2299 575 2338; x_wconf 83' lang='lat' dir='ltr'><strong>urbem</strong></span> <span class='ocrx_word' id='word_1_300' title='bbox 602 2296 908 2337; x_wconf 85' lang='lat' dir='ltr'><strong>aliiAscrivium</strong></span> <span class='ocrx_word' id='word_1_301' title='bbox 927 2308 995 2335; x_wconf 89' lang='lat' dir='ltr'><strong>seu</strong></span> <span class='ocrx_word' id='word_1_302' title='bbox 1011 2295 1242 2334; x_wconf 85' lang='lat' dir='ltr'><strong>Ascruviuin</strong></span> <span class='ocrx_word' id='word_1_303' title='bbox 1263 2295 1491 2346; x_wconf 87' lang='lat' dir='ltr'><strong>appellant;</strong></span> <span class='ocrx_word' id='word_1_304' title='bbox 1518 2292 1590 2333; x_wconf 83' lang='lat' dir='ltr'><strong>alii</strong></span> <span class='ocrx_word' id='word_1_305' title='bbox 1620 2303 1716 2331; x_wconf 88' lang='lat' dir='ltr'><strong>vero</strong></span> 
     </span>
     <span class='ocr_line' id='line_1_38' title="bbox 304 2345 1717 2398; baseline -0.004 -9"><span class='ocrx_word' id='word_1_306' title='bbox 304 2364 390 2390; x_wconf 86' lang='lat' dir='ltr'><strong>eain</strong></span> <span class='ocrx_word' id='word_1_307' title='bbox 419 2352 618 2391; x_wconf 86' lang='lat' dir='ltr'><strong>diversam</strong></span> <span class='ocrx_word' id='word_1_308' title='bbox 653 2352 704 2391; x_wconf 87' lang='lat' dir='ltr'><strong>ab</strong></span> <span class='ocrx_word' id='word_1_309' title='bbox 741 2349 922 2389; x_wconf 87' lang='lat' dir='ltr'><strong>Ascrivio</strong></span> <span class='ocrx_word' id='word_1_310' title='bbox 960 2361 1048 2388; x_wconf 90' lang='lat' dir='ltr'><strong>esse</strong></span> <span class='ocrx_word' id='word_1_311' title='bbox 1075 2348 1334 2398; x_wconf 87' lang='lat' dir='ltr'><strong>arbitrantur,</strong></span> <span class='ocrx_word' id='word_1_312' title='bbox 1366 2348 1436 2386; x_wconf 91' lang='lat' dir='ltr'><strong>sed</strong></span> <span class='ocrx_word' id='word_1_313' title='bbox 1463 2346 1514 2387; x_wconf 84' lang='lat' dir='ltr'><strong>ab</strong></span> <span class='ocrx_word' id='word_1_314' title='bbox 1543 2345 1717 2386; x_wconf 81' lang='lat' dir='ltr'><strong>Ascrivii</strong></span> 
     </span>
    </p>
   </div>
   <div class='ocr_carea' id='block_1_9' title="bbox 303 2404 907 2445">
    <p class='ocr_par' dir='ltr' id='par_1_10' title="bbox 303 2404 907 2445">
     <span class='ocr_line' id='line_1_39' title="bbox 303 2404 907 2445; baseline -0.005 -1"><span class='ocrx_word' id='word_1_315' title='bbox 303 2405 431 2445; x_wconf 88' lang='lat' dir='ltr'><strong>ruinis</strong></span> <span class='ocrx_word' id='word_1_316' title='bbox 461 2405 565 2445; x_wconf 85' lang='lat' dir='ltr'><strong>hanc</strong></span> <span class='ocrx_word' id='word_1_317' title='bbox 585 2405 759 2445; x_wconf 88' lang='lat' dir='ltr'><strong>crevisse</strong></span> <span class='ocrx_word' id='word_1_318' title='bbox 786 2404 907 2444; x_wconf 88' lang='lat' dir='ltr'><strong>aiunt.</strong></span> 
     </span>
    </p>
   </div>
   <div class='ocr_carea' id='block_1_10' title="bbox 303 2474 1716 2693">
    <p class='ocr_par' dir='ltr' id='par_1_11' title="bbox 303 2474 1716 2693">
     <span class='ocr_line' id='line_1_40' title="bbox 411 2474 1716 2527; baseline -0.007 -7"><span class='ocrx_word' id='word_1_319' title='bbox 411 2477 519 2520; x_wconf 84' lang='lat' dir='ltr'><strong>Ibid.</strong></span> <span class='ocrx_word' id='word_1_320' title='bbox 550 2483 615 2520; x_wconf 80' lang='lat'><strong>12.</strong></span> <span class='ocrx_word' id='word_1_321' title='bbox 679 2474 771 2527; x_wconf 78' lang='grc' dir='ltr'><strong>Ἰἀμ</strong></span> <span class='ocrx_word' id='word_1_322' title='bbox 808 2474 932 2527; x_wconf 78' lang='grc' dir='ltr'><strong><em>ἔρατ]</em></strong></span> <span class='ocrx_word' id='word_1_323' title='bbox 974 2475 1131 2518; x_wconf 78' lang='lat' dir='ltr'><strong>ludera</strong></span> <span class='ocrx_word' id='word_1_324' title='bbox 1168 2481 1207 2516; x_wconf 88' lang='lat' dir='ltr'><strong>et</strong></span> <span class='ocrx_word' id='word_1_325' title='bbox 1231 2477 1347 2517; x_wconf 89' lang='lat' dir='ltr'><strong>hodie</strong></span> <span class='ocrx_word' id='word_1_326' title='bbox 1374 2474 1507 2517; x_wconf 81' lang='lat' dir='ltr'><strong>Iadra</strong></span> <span class='ocrx_word' id='word_1_327' title='bbox 1549 2474 1644 2514; x_wconf 84' lang='lat' dir='ltr'><strong>urbs</strong></span> <span class='ocrx_word' id='word_1_328' title='bbox 1676 2477 1716 2512; x_wconf 83' lang='lat' dir='ltr'><strong>et</strong></span> 
     </span>
     <span class='ocr_line' id='line_1_41' title="bbox 304 2528 1713 2587; baseline -0.004 -17"><span class='ocrx_word' id='word_1_329' title='bbox 304 2533 462 2573; x_wconf 77' lang='lat' dir='ltr'><strong>colonia</strong></span> <span class='ocrx_word' id='word_1_330' title='bbox 502 2533 796 2585; x_wconf 86' lang='lat' dir='ltr'><strong>antiquissima:</strong></span> <span class='ocrx_word' id='word_1_331' title='bbox 841 2532 954 2572; x_wconf 66' lang='lat'>(3012.</span> <span class='ocrx_word' id='word_1_332' title='bbox 995 2531 1223 2571; x_wconf 84' lang='lat' dir='ltr'>CLAVDIA</span> <span class='ocrx_word' id='word_1_333' title='bbox 1266 2530 1516 2570; x_wconf 87' lang='lat' dir='ltr'><strong>AUGUSTA</strong></span> <span class='ocrx_word' id='word_1_334' title='bbox 1553 2528 1713 2587; x_wconf 54' lang='lat' dir='ltr'>1³31le</span> 
     </span>
     <span class='ocr_line' id='line_1_42' title="bbox 303 2582 1715 2635; baseline -0.004 -10"><span class='ocrx_word' id='word_1_335' title='bbox 303 2587 515 2627; x_wconf 76' lang='lat' dir='ltr'><strong>lADERA.</strong></span> <span class='ocrx_word' id='word_1_336' title='bbox 570 2591 684 2626; x_wconf 88' lang='lat' dir='ltr'><strong>notat</strong></span> <span class='ocrx_word' id='word_1_337' title='bbox 714 2599 765 2626; x_wconf 85' lang='lat' dir='ltr'><strong>ex</strong></span> <span class='ocrx_word' id='word_1_338' title='bbox 795 2599 949 2626; x_wconf 90' lang='lat' dir='ltr'><strong>nummo</strong></span> <span class='ocrx_word' id='word_1_339' title='bbox 980 2585 1136 2625; x_wconf 83' lang='lat' dir='ltr'><strong>Claudii</strong></span> <span class='ocrx_word' id='word_1_340' title='bbox 1165 2586 1365 2635; x_wconf 73' lang='lat' dir='ltr'><strong>bigotius.</strong></span> <span class='ocrx_word' id='word_1_341' title='bbox 1434 2582 1546 2622; x_wconf 81' lang='lat' dir='ltr'><strong>Italis</strong></span> <span class='ocrx_word' id='word_1_342' title='bbox 1572 2582 1715 2620; x_wconf 77' lang='lat' dir='ltr'><strong>dicitur</strong></span> 
     </span>
     <span class='ocr_line' id='line_1_43' title="bbox 304 2635 1714 2693; baseline -0.006 -10"><span class='ocrx_word' id='word_1_343' title='bbox 304 2637 443 2693; x_wconf 83' lang='lat' dir='ltr'><strong>Zara,</strong></span> <span class='ocrx_word' id='word_1_344' title='bbox 469 2641 606 2683; x_wconf 79' lang='lat' dir='ltr'><strong>slavis</strong></span> <span class='ocrx_word' id='word_1_345' title='bbox 643 2652 738 2681; x_wconf 87' lang='lat' dir='ltr'><strong>vero</strong></span> <span class='ocrx_word' id='word_1_346' title='bbox 779 2641 929 2681; x_wconf 83' lang='lat' dir='ltr'><strong>Zadar.</strong></span> <span class='ocrx_word' id='word_1_347' title='bbox 993 2639 1170 2691; x_wconf 87' lang='lat' dir='ltr'><strong>pluribus</strong></span> <span class='ocrx_word' id='word_1_348' title='bbox 1211 2640 1260 2678; x_wconf 89' lang='lat' dir='ltr'><strong>de</strong></span> <span class='ocrx_word' id='word_1_349' title='bbox 1296 2639 1370 2679; x_wconf 85' lang='lat' dir='ltr'><strong>hac</strong></span> <span class='ocrx_word' id='word_1_350' title='bbox 1401 2637 1498 2677; x_wconf 88' lang='lat' dir='ltr'><strong>urbe</strong></span> <span class='ocrx_word' id='word_1_351' title='bbox 1524 2635 1609 2687; x_wconf 85' lang='lat' dir='ltr'><strong>agit</strong></span> <span class='ocrx_word' id='word_1_352' title='bbox 1636 2636 1714 2675; x_wconf 80' lang='lat' dir='ltr'><strong>Lu-</strong></span> 
     </span>
    </p>
   </div>
  </div>
 </body>
</html>
