1780 3132
302 195 356 234 IN
383 190 738 233 CONSTANTlNl
766 191 961 233 PORPH.
983 193 1053 232 DE
1077 183 1563 232 T11EM.L.1.283

123 305 268 360 pellari
310 304 368 345 ait
409 302 607 347 baculum
651 305 832 357 tribuni,
871 318 988 358 quem
1023 305 1154 345 instar
1190 299 1340 355 sceptri
1382 301 1494 355 gerit
1521 304 1563 340 et

122 373 237 415 quem
267 360 361 400 ltali
389 359 588 402 baculum
617 363 835 414 reqiminis
866 364 1039 410 vocant,
1069 373 1095 400 a
1123 362 1277 399 trunco
1302 358 1420 398 forte.
1477 356 1562 397 Leo

120 418 319 457 Tact.14
346 420 398 464 9,
435 420 475 455 et
507 429 559 456 ex
589 429 635 456 eo
669 417 843 457 Glossae
867 415 1054 456 Basilica
1091 417 1220 466 μοῖρα
1251 409 1297 450 δέ
1330 411 1444 450 ἐστιν
1473 404 1564 461 ἦτοι

120 470 317 520 ὐροῦγγος
346 467 389 507 τὸ
423 469 468 509 ἐκ
498 466 713 520 ταγμάτων
741 483 834 520 ητοι
862 467 1028 520 ἀνδρων
1064 468 1145 507 τῶν
1174 466 1404 517 λεγομένων
1431 462 1562 516 κομή-

117 539 196 564 των
221 523 485 574 συγκείμειον
513 525 682 575 πλῆθος.
712 530 751 565 et
768 529 844 566 42:
873 524 1026 575 μοίρας
1055 520 1131 567 τὰς
1162 520 1385 572 λεγομένας
1413 517 1562 572 δρούγ-

116 592 226 642 yqvc·
295 579 339 620 S.
368 581 540 620 loannes
578 579 887 630 chrysostomus
921 579 1049 631 Epist.
1090 580 1164 617 14:
1203 575 1403 643 δροῦγγος
1430 589 1564 626 μονα-

118 630 295 682 ζόντων·
355 629 463 672 οὕτω
499 630 578 686 γάρ
622 633 691 672 δεῖ
710 632 839 673 εἰπεῖν
867 648 935 672 και
974 632 1027 686 τῇ
1053 632 1161 680 λέξει
1197 629 1271 682 τὴν
1296 630 1451 680 μανιάν
1482 629 1562 670 av'-

117 688 202 728 τιὸν
230 686 509 735 ἐνδειξασθαι.
566 703 605 730 v.
634 690 834 742 Ducangii
862 694 1071 741 utrumque
1101 686 1368 727 Glossarium.

228 738 606 794 26,16.Ἱκανατοι
626 745 890 797 scriptoribus
910 743 1147 793 Byzantinis
1166 742 1312 781 milites
1341 740 1480 781 selecti
1508 741 1562 782 ad

116 799 336 839 custodiam
359 798 614 851 imperatoris
631 800 694 839 vel
715 800 858 852 palatii
884 799 1080 839 ‹licuntur-
1109 797 1227 837 huius
1245 797 1357 836 vocis
1385 796 1563 836 meminit

115 852 220 893 idem
235 852 614 916 Porphyrogenitus
638 854 687 894 de
705 854 820 895 Adm.
851 855 943 906 imp.
979 866 1011 894 c.
1027 855 1107 893 50:
1139 851 1211 889 καί
1238 847 1311 888 τὸν
1336 850 1415 899 μὲν
1434 851 1561 900 Παγ-

114 919 346 970 κρατουκαν
373 906 573 957 βασιλεὺς
600 903 794 947 ἱκανάτον
821 908 1017 960 πεποίηκε
1048 921 1115 945 και
1147 901 1251 955 μετὰ
1283 906 1406 943 τοῦτο
1433 919 1561 956 στρα-

113 957 236 1012 τηγὸν
263 961 323 1007 εἰς
351 958 450 1007 τούς
477 963 816 1015 βουκελλαριόυς.
891 967 1105 1016 praeterea
1133 963 1216 1002 Leo
1248 961 1559 1014 grammaticus,

113 1015 289 1067 Symeon
318 1018 543 1070 logotheta,
575 1018 807 1068 Anonymus
822 1018 1151 1068 Combefisianus,
1172 1015 1378 1056 Cedrenus
1409 1016 1561 1069 aliique

114 1083 167 1112 ex
194 1072 457 1125 scriptoribus
486 1072 727 1123 Byzantinis
760 1075 910 1126 passim
941 1073 1056 1113 huius
1084 1072 1194 1112 vocis
1219 1071 1448 1112 meminere.
1488 1071 1561 1111 sed

112 1126 180 1180 qui
206 1127 416 1178 Anonymo
455 1127 746 1168 Combefisiano
784 1142 823 1170 u.
862 1133 916 1169 19
946 1128 1093 1168 dicitur
1132 1139 1275 1178 αρχων
1305 1139 1384 1164 των
1414 1120 1560 1164 ἱκανά-

113 1193 207 1232 των,
241 1182 332 1223 aliis
365 1183 558 1235 peculiari
590 1185 894 1224 nomenclatura
925 1181 1163 1231 δομέστικος
1182 1185 1449 1243 nuncupatur.
1484 1181 1558 1221 Ni-

112 1240 226 1277 cetas
253 1237 466 1290 Paphlago
496 1238 538 1278 in
568 1239 663 1279 Vita
691 1239 843 1302 Ignatii
871 1237 1132 1300 patriarchae
1164 1235 1251 1276 CP:
1294 1232 1481 1298 Νικήταν
1510 1234 1558 1274 δὲ

108 1290 271 1341 πρῶτον
297 1291 376 1340 μὲν
410 1291 583 1354 δεκαετῆ
611 1289 867 1343 τυγχάνοντα
896 1291 976 1331 ταῖν
1004 1290 1232 1354 λεγομένων
1252 1285 1458 1329 ἱκανατων
1482 1289 1558 1329 (50-

107 1343 302 1409 μέστικον
340 1342 452 1398 παρὰ
485 1344 738 1409 Ntnq-‹pd90v
779 1361 882 1400 φασι
911 1361 992 1385 των
1023 1342 1195 1384 πάππου
1227 1345 1557 1398 προβεβλῆσθαι,

108 1399 163 1438 δι’
192 1413 240 1438 ον
268 1399 421 1440 ἐκεῖνον
450 1396 494 1440 τὸ
523 1401 693 1452 πρᾶγμα
723 1402 885 1452 πρῶτον
914 1400 1187 1451 καταστῆσαι.
1245 1413 1297 1442 ex
1316 1401 1456 1453 quibus
1484 1414 1557 1454 po-

106 1456 266 1496 stremis
297 1456 446 1506 verbis,
474 1456 603 1510 inquit
634 1458 868 1521 Ducangius
896 1458 962 1497 vel
991 1458 1247 1497 lcanatorum
1276 1456 1457 1496 scholam
1489 1457 1557 1496 vel

107 1510 345 1563 dignitatem
383 1511 588 1552 domestici
617 1511 698 1550 τῶν
739 1508 942 1550 ἱκανάτων
972 1516 1054 1552 tum
1081 1511 1253 1564 primum
1281 1511 1503 1552 institutam
1530 1524 1557 1552 a

107 1565 336 1619 Nicephoro
376 1565 569 1607 Generali
609 1567 857 1630 imperatore
883 1579 974 1628 pro
1013 1567 1157 1607 Niccta
1200 1579 1252 1608 ex
1280 1567 1368 1608 filia
1394 1571 1554 1619 nepote.

107 1624 148 1660 et
177 1625 286 1662 certe
316 1625 410 1662 ante
438 1621 540 1662 haec
559 1626 742 1685 tempo-ra
769 1617 966 1661 ἱκανοίτου
993 1623 1234 1663 mentionem
1259 1622 1348 1662 fieri
1371 1635 1452 1662 non
1483 1622 1557 1663 ad-

107 1676 326 1728 vertimus,
366 1681 651 1742 praeterquam
685 1677 727 1718 in
767 1677 1013 1727 Synaxariis
1042 1681 1093 1717 17
1121 1677 1242 1718 Febr.
1286 1677 1327 1718 in
1359 1677 1402 1718 S.
1433 1678 1556 1718 Mena

107 1729 381 1772 Callicelada.
414 1744 434 1768 o
462 1730 669 1795 μακάριος
698 1731 851 1783 Μηνᾶς
878 1732 957 1786 μιτῖ
987 1731 1071 1770 τῶν
1096 1745 1258 1770 νυκτων
1286 1727 1456 1777 ἐπιστάς
1484 1730 1556 1770 dv·

108 1785 181 1835 ὸρί
205 1798 284 1824 τινι
313 1781 528 1838 Φιλοβάτῃ
570 1785 773 1839 λεγομένω
814 1785 883 1824 καί
925 1787 975 1838 τῇ
1014 1783 1217 1824 ἱκανάτων
1253 1786 1554 1840 κατειλεγμένα)

107 1838 252 1893 σχολῇ.
309 1852 410 1893 quae
439 1841 598 1894 quidem
627 1843 808 1881 referunt
835 1842 887 1882 ad
917 1846 1099 1895 tempora
1119 1825 1557 1883 (Ϊοη5ῐε1ηῐίιιίΜ.5εἷί

107 1894 208 1935 haec
237 1901 330 1935 sunt
355 1896 560 1936 sublestae
585 1897 691 1937 fidei.
762 1896 1017 1936 continuator
1041 1897 1315 1963 Theophanis
1334 1897 1384 1936 de
1416 1897 1557 1937 eodem

106 1949 150 1990 S.
182 1949 375 2012 Ignatio:
406 1964 474 1988 και
503 1945 703 2013 Νικὴτας,
733 1946 775 1996 ὃς
806 1947 1008 2000 πρότερον
1045 1950 1122 2000 μὲν
1151 1954 1250 1995 παῖς
1280 1964 1338 1989 ων
1351 1947 1442 2014 τήν
1473 1949 1558 1990 τῶν

104 1999 311 2043 ἱκανάτων
341 2003 498 2043 διεῖπεν
527 2001 697 2073 ἀρχὴν
705 2002 776 2043 οἵτε
805 2002 854 2056 δὴ
896 2005 1035 2056 φίλιος
1066 2008 1150 2052 τοῖς
1178 2000 1456 2054 στρατιώταις
1485 2003 1558 2045 καὶ
1626 2055 1629 2059 ,

105 2058 150 2097 ὲν
178 2056 372 2112 ὑπαίθρῳ
403 2056 620 2110 διάγουσιν
657 2054 768 2099 εἶναι’
791 2073 833 2098 τε
874 2060 1023 2099 θέλων.
1098 2061 1203 2101 unde
1234 2062 1433 2102 coniicere
1460 2062 1558 2102 licet

105 2114 292 2155 icanatos
321 2114 468 2155 milites
498 2115 625 2156 fuisse
655 2128 707 2157 ex
735 2115 920 2168 palatina
948 2115 1110 2164 militia,
1155 2116 1223 2169 qui
1256 2117 1328 2156 sub
1357 2117 1425 2157 dio
1457 2129 1555 2170 age-

104 2168 216 2219 bant,
244 2173 388 2210 contra
409 2182 538 2233 quam
567 2171 833 2211 excubitores.
892 2171 1213 2232 protospatharii
1242 2176 1376 2212 autem
1404 2185 1454 2212 ac
1482 2173 1555 2212 do-

103 2201 259 2264 mestici
289 2237 372 2262 των
404 2220 615 2263 ἱκανάτων
642 2227 789 2265 mentio
818 2227 970 2266 occurit
1004 2226 1046 2265 in
1075 2226 1135 2275 Sy
1138 2226 1244 2266 nodo
1269 2230 1297 2268 8
1324 2227 1438 2290 Cpol.
1462 2227 1553 2268 Act.

105 2283 153 2319 1·
194 2279 358 2320 Orestes
399 2277 778 2332 πρωτοσπαθάριος
820 2278 894 2318 καί
933 2279 1174 2330 δομέστικος
1212 2280 1293 2320 τῶν
1326 2277 1554 2324 ἱκανάτων.

104 2333 176 2373 sed
205 2334 458 2388 v.1)ucang.
491 2335 661 2376 G1.Gr.
959 2358 973 2366 κ

214 2386 324 2430 Ibid.
357 2392 423 2430 17.
481 2387 597 2435 Quod
632 2390 697 2431 hic
735 2394 881 2431 narrat
909 2389 1198 2432 Constantinus
1237 2391 1288 2431 de
1318 2392 1553 2445 optimatum

103 2442 291 2494 themate,
323 2443 630 2497 intelligendum
659 2458 747 2486 eum
773 2446 885 2499 loqui
913 2446 964 2485 de
991 2446 1224 2499 optimatum
1251 2447 1428 2488 themate
1455 2459 1554 2501 quo-

101 2499 221 2538 modo
251 2510 327 2539 sua
355 2503 491 2539 aetate
518 2505 630 2550 erat3
661 2501 810 2554 quippe
832 2501 1036 2554 prioribus
1068 2503 1215 2542 seculis
1243 2502 1285 2543 in
1314 2502 1447 2556 pretio
1478 2503 1556 2543 fuit

102 2553 339 2605 optimatum
365 2554 521 2595 militia.

213 2611 280 2659 27,
308 2612 348 2649 6.
405 2609 666 2662 Helenopolis
687 2610 903 2661 Bithyniae
930 2615 992 2651 est
1021 2612 1120 2652 urbs
1150 2612 1204 2653 ad
1233 2612 1450 2654 Dracontis
1481 2614 1555 2652 fiu-

103 2661 160 2702 vii
189 2663 347 2725 ostium3
376 2664 418 2704 in
447 2665 743 2706 Nicomediensi
774 2666 874 2716 sinu,
903 2667 1133 2730 Drepanum
1154 2668 1250 2708 olim
1279 2668 1400 2718 dicta,
1430 2672 1470 2707 et
1501 2668 1551 2707 ab

103 2716 258 2760 Helena
295 2718 549 2763 Constantini
590 2722 730 2774 magni
760 2726 909 2774 matre,
939 2734 1057 2777 quam
1099 2723 1140 2764 in
1182 2736 1231 2765 ea
1262 2727 1401 2765 natam
1430 2724 1554 2764 fuisse
