1780 3132
884 192 1532 205 *aff-m-M—-Q———a—o———W

192 710 538 776 ERUD
581 710 793 771 ΙΤΟ
874 707 1458 771 LECTORI

407 863 767 913 ANSELMUS
827 861 1239 912 BANDURms.

105 1078 193 1140 De
222 1094 480 1137 Constantini
507 1095 847 1149 Porphyrogeniti
876 1095 1066 1149 operibus
1104 1107 1131 1136 a
1158 1095 1275 1136 nobis
1303 1094 1421 1136 editis
1450 1096 1551 1138 satis

103 1161 230 1206 multa
260 1163 430 1203 diximus
457 1163 497 1202 in
516 1163 797 1203 Praefatione:
828 1166 1016 1215 quantum
1044 1172 1142 1200 vcro
1170 1161 1379 1202 literarum
1405 1162 1550 1203 studiis

101 1220 208 1260 idem
245 1217 466 1270 imperator
493 1218 655 1268 faverit,
686 1222 726 1257 et
754 1229 870 1257 nemo
900 1217 1078 1270 ignorat,
1108 1219 1148 1255 et
1176 1228 1250 1256 nos
1278 1216 1394 1257 initio
1422 1217 1554 1258 anim-

101 1273 384 1316 adversionum
436 1273 631 1312 nonnulla
669 1272 905 1312 tradidimus
943 1269 1007 1321 θ’).
1080 1275 1208 1311 restat
1236 1275 1280 1310 ut
1319 1271 1383 1311 hic
1426 1284 1549 1325 qnae-

103 1329 198 1370 dam
230 1327 411 1368 breviter
439 1327 489 1367 ad
520 1326 891 1366 animadversiones
923 1337 1166 1366 moneamus.
1225 1330 1265 1365 et
1292 1326 1449 1379 quidem
1479 1339 1552 1368 va-

102 1383 188 1424 rias
216 1382 421 1429 lectiones,
454 1392 556 1434 quae
582 1382 732 1434 passim
759 1381 801 1421 in
829 1381 939 1421 hisce
967 1380 1117 1420 nostris
1135 1380 1552 1422 animadversionibus

103 1441 346 1487 occurrunt,
391 1436 482 1476 ideo
511 1437 769 1489 apposuimus
798 1440 841 1475 ut
871 1436 1065 1475 lectiones
1112 1435 1208 1475 illas
1239 1448 1341 1488 quae
1373 1437 1551 1477 auctoris

98 1505 257 1534 sensum
298 1492 508 1532 immutare
551 1503 669 1543 posse
706 1490 972 1541 videbantur,
1003 1490 1175 1530 aliorum
1203 1490 1375 1544 ingeniis
1403 1491 1548 1532 diiudi-

98 1548 250 1588 candas
288 1547 547 1588 exhiberem:
590 1559 682 1586 nam
713 1558 815 1599 quae
854 1545 975 1598 parvi
1006 1545 1194 1585 momenti
1224 1550 1328 1596 sunt,
1357 1558 1406 1587 ea
1433 1548 1548 1587 nulla

98 1603 287 1656 apposita
331 1601 620 1651 adnotatione,
651 1602 717 1641 vel
756 1601 861 1654 quod
902 1601 961 1641 ita
990 1600 1031 1640 in
1060 1613 1142 1640 mss
1174 1601 1336 1654 Regiis,
1368 1613 1467 1654 quos
1501 1602 1544 1642 in

96 1657 350 1711 praefatione
377 1656 557 1705 citamus,
582 1657 798 1710 legebatur
829 1656 895 1695 vel
923 1656 1028 1708 quod
1059 1655 1118 1696 ita
1146 1655 1230 1709 legi
1260 1656 1445 1706 debebat,
1475 1669 1545 1696 ve-

97 1713 173 1753 luti
203 1712 427 1753 scribarum
452 1711 609 1759 menda,
643 1712 711 1765 qui
741 1711 1015 1763 diphthongos
1060 1715 1099 1750 et
1130 1711 1293 1754 vocales
1323 1712 1422 1751 mire
1451 1724 1547 1751 con-

97 1767 266 1808 fundere
296 1767 440 1815 solent,
464 1766 721 1819 castigamus.
777 1766 870 1806 loca
899 1765 1016 1805 varia
1032 1765 1300 1815 Constantini,
1329 1766 1546 1819 praecipue

100 1834 153 1863 ex
182 1821 298 1863 libris
327 1821 378 1860 de
405 1821 688 1871 Thematibus‚
718 1833 817 1874 quos
858 1832 909 1861 cx
948 1820 1135 1872 operibus
1166 1824 1347 1860 veterum
1374 1822 1547 1873 scripto-

94 1888 183 1917 rum
223 1880 264 1916 et
300 1875 539 1928 praesertim
567 1875 766 1927 Stephani
802 1874 991 1924 Byzantii
1023 1875 1364 1925 concinnaverat,
1401 1882 1540 1916 aucto-

98 1932 222 1972 ritate
263 1930 359 1971 item
397 1935 575 1970 veterum
614 1930 853 1982 scriptorum
901 1934 941 1969 et
978 1929 1172 1981 imprimis
1215 1930 1546 1983 geographorum

95 1986 248 2039 passim
278 1985 533 2026 emendamus
564 1989 603 2025 et
630 1985 892 2025 illustramus.
950 1985 1149 2024 Hieroclis
1177 1990 1310 2025 autem
1338 1986 1544 2035 Synecde-

93 2054 201 2082 mum
235 2053 336 2094 opus
381 2041 431 2080 de
476 2040 698 2093 provinciis
728 2052 777 2080 ac
817 2038 983 2079 urbibus
1020 2039 1189 2091 imperio
1219 2041 1419 2081 Orientali
1447 2041 1543 2081 olim

94 2096 309 2147 subiectis,
348 2107 372 2136 a
413 2096 611 2148 scriptore
649 2099 790 2134 nostro
826 2094 1015 2144 citatum,
1052 2099 1092 2134 et
1131 2106 1183 2135 ex
1221 2107 1298 2148 quo
1330 2096 1458 2137 multa
1489 2096 1541 2137 ad

94 2151 273 2199 verbum,
303 2153 347 2190 ut
375 2150 512 2199 aiunt,
543 2150 758 2202 exscripsit
785 2149 890 2189 idem
920 2149 1308 2203 porphyrogenitus,
1336 2151 1540 2203 integrum

92 2210 186 2259 post
210 2206 338 2247 libros
367 2206 417 2245 de
445 2205 707 2246 Thematibus
737 2204 827 2245 ideo
870 2203 1077 2254 edidimus,
1104 2209 1148 2244 ut
1174 2205 1295 2245 facile
1327 2210 1540 2259 utrumque

93 2272 194 2313 opus
221 2260 398 2301 conferri
425 2265 572 2312 posset.
615 2260 759 2300 librum
790 2271 887 2299 vero
918 2260 968 2298 de
997 2259 1318 2300 administrando
1347 2261 1539 2313 imperio,

92 2315 159 2368 qui
198 2315 304 2368 quod
337 2315 463 2355 multa
492 2315 696 2355 contineat
735 2315 829 2355 aliis
866 2314 1068 2354 historicis
1106 2327 1155 2354 ac
1197 2316 1446 2368 geographis
1472 2317 1540 2356 vel

90 2370 235 2422 ignota
261 2370 328 2410 vel
353 2370 404 2410 ab
431 2369 489 2409 eis
515 2370 674 2410 silentio
703 2369 1004 2422 praetermissa,
1049 2368 1305 2410 difficillimus
1332 2371 1540 2411 intellectu

91 2425 264 2476 videtur,
297 2436 374 2477 quo
403 2424 600 2476 potuimus
620 2425 738 2464 modo
772 2425 980 2464 illustrare
1011 2424 1145 2464 conati
1170 2437 1317 2477 sumus,
1349 2437 1537 2478 praeser-

90 2479 162 2520 tim
186 2491 235 2520 ea
264 2491 367 2533 quae
394 2479 444 2519 de
472 2479 678 2520 Dalmatia
705 2479 855 2520 scribit.

183 2609 215 2656 ⁴¹)
240 2620 299 2642 eas
333 2606 655 2644 animadversiones
694 2608 800 2643 homo
826 2610 1022 2655 Ragusinus
1047 2610 1280 2655 popularibus
1302 2612 1373 2646 suis
1398 2612 1539 2647 videtur

89 2655 288 2701 scripsisse3
314 2668 403 2701 quos
428 2668 507 2690 cum
534 2657 623 2691 forte
649 2657 750 2689 libris
772 2668 894 2701 parum
920 2658 1110 2691 instructos
1135 2658 1304 2699 novisset,
1328 2671 1402 2693 non
1430 2661 1537 2694 dubi-

87 2703 178 2735 tavit
198 2703 472 2744 transscribere,
502 2714 594 2749 quae
635 2703 678 2736 ab
708 2704 788 2736 aliis
815 2704 949 2736 dudum
976 2704 1120 2737 inventa
1151 2710 1186 2738 et
1218 2705 1346 2738 tradita
1370 2717 1435 2741 nec
1465 2715 1537 2740 uun

90 2747 136 2793 (a.
164 2749 269 2795 1711)
294 2761 385 2783 nova
412 2756 541 2791 essent,
561 2756 596 2784 et
622 2762 715 2784 nunc
740 2751 888 2784 resecari
915 2750 1116 2784 debuerint.
1167 2752 1194 2784 1.
1218 2753 1254 2785 B.

219 2824 340 2858 Conn-
368 2824 496 2870 Porph.
1297 2824 1338 2859 18
