1780 3132
291 198 363 238 DE
400 195 848 239 ADMlNlSTRANDO
888 197 1108 236 lMPEmo
1147 194 1264 237 CAP.
1309 196 1379 240 43.
1517 187 1607 235 189

167 297 225 344 εἰς
262 293 336 349 τήν
378 297 459 336 τῶν
497 297 721 349 πατρικίων
754 293 890 349 τιμήν.
955 296 1209 346 προετείνετο
1248 293 1294 334 δὲ
1329 293 1612 345 δικαιολογίας

167 363 238 404 ἐπὶ
265 362 420 417 ccii-1017
446 362 665 415 βαρβάρου
694 360 813 418 οἴκῳ·
870 363 941 401 καί
963 358 1146 409 α’κοιὶσας
1173 357 1239 400 ὅτι
1259 359 1506 414 προάστειον
1533 361 1610 397 λα..

166 425 254 480 βων
281 425 304 468 o‘
330 430 444 475 θεῖος
476 427 607 468 αὐτοῦ
637 429 681 468 ἑν
709 429 758 483 τῇ
781 427 997 481 Κελτζηνῇ
1029 425 1105 479 τήν
1131 424 1281 467 τούτου
1311 422 1612 478 παρεχώρησεν

167 494 372 548 ἐξουσίαν,
402 490 515 545 ἔλεγε
546 491 603 546 μή
633 494 841 535 δύνασθαι
863 491 937 533 τὸν
959 494 1074 532 θεῖον
1102 491 1232 532 αὐτοῦ
1260 491 1331 532 ἐπὶ
1358 492 1410 546 τῇ
1437 489 1613 544 πατρικῇ

133 560 419 615 5κληρονομιζι
456 558 591 599 αὐτοῦ’
631 563 842 600 ποιεῖσθαι
892 556 1168 613 α’νταλλαγήν,
1210 558 1284 599 καί
1323 558 1440 611 η”ξιόυ
1487 551 1613 608 ἢτὸν

168 619 278 664 οἶκον
314 627 458 676 λαβεῖν
510 619 533 678 ἢ
581 622 628 665 τὸ
670 623 934 677 προάστειον·
1011 623 1050 665 εἰ
1087 625 1132 665 δὲ
1172 621 1254 678 μή,
1292 625 1365 663 καί
1391 620 1612 677 α’μφότερα

166 690 428 745 προσεχώρει
454 693 510 747 τῷ
538 694 710 743 βασιλεῖ
730 688 834 744 πρὸς
862 690 907 731 τό
938 688 995 744 μή
1040 689 1150 742 ἔχειν
1183 688 1292 730 αὐτὰ
1322 688 1416 733 τοὺς
1444 689 1612 737 {gadga-

169 772 278 811 φους
308 756 456 798 αὐτοῦ.
513 756 660 797 τούτου
702 755 835 797 ἕνεκεν
865 756 884 797 ὁ
911 754 1131 811 βασιλεύς,
1164 756 1256 796 ε’πεί
1282 754 1353 795 καί
1382 753 1403 794 ὁ
1431 756 1564 806 γέρων
1589 750 1612 791 ὅ

174 823 411 877 Ταρωνίτης
438 819 659 875 ἐτυῖχανεν
682 822 920 875 ἀποθανών,
949 822 1172 875 ἀνελάβετο
1199 820 1245 862 τὸ
1269 820 1517 874 προάστειον
1541 817 1614 859 καί

114 898 156 933 10
171 888 270 930 οὐδὲ
296 886 368 930 τὸν
414 883 522 929 οἶκον
565 888 816 943 α’ντέδωκεν,
847 889 939 930 ἐπεὶ
963 891 1070 944 μηδὲ
1104 888 1440 942 χρυσοβοὺλλιον,
1469 883 1613 932 καθώς

169 955 364 1007 α’νωτέρω
390 954 647 1009 προείρηται,
677 954 751 996 ἐπί
771 971 850 996 τινι
867 954 1026 996 τούτων
1057 955 1239 1009 ἐξετέθη.
1267 952 1368 1005 μετα
1401 953 1445 993 δὲ
1478 954 1614 992 ταῦτα

167 1022 338 1074 εἰσῆλθε
367 1019 472 1074 πρὸς
501 1018 577 1073 τήν
604 1018 910 1073 βασιλεύουσαν
942 1019 1234 1075 Παγκράτειος
1270 1021 1422 1068 ἐκεῖνος
1450 1017 1470 1060 ὃ
1497 1019 1614 1072 πρῶ..

167 1101 235 1135 τος
263 1084 355 1135 υἱὸς
380 1088 457 1127 τοῦ
485 1088 716 1141 μαγίστρου
746 1090 902 1128 ἐκείνου
933 1089 1205 1141 Κρικορικίου
1254 1088 1328 1127 τοῦ
1360 1089 1614 1139 Ταρωνίτου,

169 1154 242 1193 καί
269 1149 561 1207 προεβιβάσθη
602 1151 714 1208 παρὰ
757 1156 833 1194 τοῦ
869 1156 1074 1207 βασιλέως
1111 1155 1170 1201 εἰς
1197 1151 1244 1194 τὸ
1274 1155 1354 1194 τῶν
1383 1153 1613 1206 πατρικίων

115 1229 157 1263 15
171 1219 369 1269 ἄξι’ωμα,«
401 1217 475 1259 καί
511 1221 648 1273 γέγονε
673 1218 745 1261 καί
769 1219 999 1275 στρατηγὸς
1030 1221 1103 1262 τοῦ
1138 1218 1299 1273 Ταρσόν.
1353 1217 1536 1274 ᾐτήσατο
1567 1218 1613 1258 δὲ

167 1290 343 1336 γυναῖκα
381 1287 523 1337 λαβεῖν
562 1284 642 1326 α’πὸ
675 1288 754 1327 τῶν
791 1289 1018 1339 βασιλικῶν
1046 1287 1308 1340 συγγενίδων,
1338 1286 1410 1326 καί
1438 1285 1617 1326 δέδωκεν

171 1349 283 1406 αὐτῷ
311 1346 332 1391 ὅ
357 1350 554 1403 βασιλεὺς
596 1349 673 1405 τήν
719 1354 794 1393 τοῦ
830 1354 1062 1407 μαγίστρου
1095 1352 1397 1406 Θεοφυλάκτου
1428 1348 1616 1405 ἀδελφήν

170 1417 229 1464 εἰς
255 1422 445 1470 γυναῖκα.
520 1420 593 1459 καί
619 1417 724 1471 μετὰ
770 1418 840 1460 τὸν
870 1418 1004 1473 γάμον
1034 1419 1240 1473 διαθήκας
1270 1420 1445 1472 ἐξέθετο,
1478 1416 1520 1458 ἐν
1549 1411 1616 1465 αἷς

171 1482 320 1536 ἐδήλου
363 1480 425 1524 ὅτι
456 1483 530 1525 ἐάν
566 1500 638 1536 μοι
676 1488 872 1538 γένωνται
911 1486 1058 1534 παῖδες
1101 1483 1182 1526 α’πό
1213 1487 1286 1539 τῆς
1318 1484 1512 1537 τοιαύτης
1538 1498 1612 1537 γυ-

111 1560 157 1595 20
170 1549 321 1604 ναικός,
351 1551 419 1591 ἵνα
449 1549 579 1602 ἔχωσι
605 1549 679 1604 τὴν
709 1550 877 1592 ἅπασάν
916 1567 999 1604 μου
1025 1550 1172 1607 χώραν
1199 1553 1258 1600 εἷς
1285 1553 1436 1606 κλῆρον
1463 1564 1614 1604 προγο-

168 1615 291 1657 νικόν.
368 1617 443 1656 καί
479 1615 550 1657 ε’πί
586 1618 718 1674 τούτῳ
758 1617 940 1673 ᾐτήσατο
978 1618 1156 1670 βασιλέα
1202 1620 1378 1670 δοθῆναι
1420 1617 1533 1672 αὐτῷ
1563 1615 1610 1657 τὸ

168 1679 413 1736 προάστειον
439 1683 515 1723 τοῦ
543 1684 738 1736 Γρηγορᾶ
765 1683 869 1737 πρὸς
893 1682 937 1725 τὸ
968 1686 1011 1726 ἑν
1038 1684 1151 1742 αὐτῷ
1188 1683 1261 1739 τήν
1289 1685 1514 1737 πατρικιάν
1540 1682 1615 1738 τήν

169 1746 318 1790 τούτου
347 1754 521 1802 γυναῖκα
549 1751 833 1800 καθέζεσθαι·
900 1750 1004 1803 μετὰ
1033 1752 1079 1792 δὲ
1108 1749 1183 1805 τήν
1210 1751 1403 1805 τοιαύτης
1431 1750 1614 1802 α’ποβίω-

269 1894 311 1928 14
337 1897 389 1935 εις
411 1897 475 1931 τοῦ
500 1899 695 1944 πατρικίου
721 1897 758 1930 Μ
835 1896 876 1931 19
899 1901 981 1944 μοι]
1008 1895 1058 1944 μή
1088 1897 1125 1931 Μ
1220 1898 1266 1931 22
1292 1889 1389 1942 πρὸς
1412 1892 1464 1943 τὸ]
1491 1897 1552 1930 καὶ
1577 1894 1614 1929 Μ

171 2007 430 2053 praetendebat
465 2014 584 2043 autem
619 2011 673 2044 ius
707 2010 746 2043 in
781 2010 924 2043 domum
957 2009 1118 2051 barbari,
1156 2011 1435 2055 intelligensque
1467 2015 1621 2052 accepto·

172 2055 375 2089 suburbano
400 2057 438 2088 in
462 2057 630 2090 Celtzene
666 2063 830 2103 patruum
860 2069 960 2091 suum
994 2057 1083 2090 hanc
1109 2057 1309 2096 tradidisse,
1337 2063 1519 2102 paternum
1549 2057 1613 2090 he-

173 2102 361 2136 reditatem
387 2115 484 2137 suam
515 2110 717 2149 permutare
742 2116 821 2138 eum
848 2106 1008 2150 potuisse
1032 2104 1194 2148 negabat,
1215 2104 1434 2150 volebatque
1459 2109 1520 2137 aut
1547 2104 1614 2137 do-

171 2161 266 2183 mum
292 2151 451 2195 accipere
485 2157 548 2185 aut
572 2152 826 2194 suburbanum,
860 2153 927 2184 nisi
952 2157 1103 2196 utraque
1133 2152 1336 2196 imperatori
1364 2151 1543 2191 cederent,
1568 2162 1612 2184 ne

173 2207 216 2230 ea
239 2197 422 2241 patrueles
447 2199 558 2243 ipsius
590 2198 806 2232 obtinerent.
856 2200 978 2244 itaque
1009 2204 1045 2232 et
1075 2197 1313 2232 suburbanum
1337 2199 1527 2244 imperator
1555 2209 1614 2231 ac-

173 2245 280 2288 cepit,
304 2245 436 2290 quippe
463 2252 600 2279 mortuo
628 2247 697 2279 iam
725 2258 808 2280 sene
833 2246 1006 2279 Taronite
1022 2271 1030 2285 ,
1055 2257 1174 2290 neque
1199 2246 1339 2279 domum
1364 2258 1428 2291 pro
1452 2257 1495 2279 eo
1520 2247 1615 2278 vica-

174 2291 260 2323 riam
287 2291 408 2330 dedit,
444 2303 521 2325 cum
553 2293 652 2326 nulla
690 2305 797 2338 super
824 2294 884 2333 iis,
917 2299 956 2325 ut
990 2292 1126 2326 dictum
1151 2298 1205 2326 est
1229 2304 1353 2338 supra,
1379 2304 1484 2325 aurea
1512 2292 1614 2325 hulla

173 2338 335 2371 confecta
361 2344 466 2373 esset.
514 2346 640 2385 postea
664 2352 748 2374 vero
776 2342 813 2373 in
842 2340 963 2373 urbem
992 2341 1119 2383 regiam
1148 2341 1248 2374 venit
1271 2340 1474 2373 Pancratius
1501 2340 1616 2373 maxi-

172 2396 251 2417 mus
276 2384 429 2418 filiorum
465 2388 618 2430 magistri
652 2387 749 2420 iilius
785 2387 966 2420 Cricoricii
1003 2387 1219 2428 Taronitae‚
1248 2393 1462 2433 evectusque
1491 2392 1544 2420 est
1569 2387 1614 2419 ab

175 2432 391 2476 imperatore
427 2432 473 2465 ad
505 2434 735 2479 patriciorum
771 2434 997 2478 dignitatem,
1027 2439 1237 2479 creatusque
1271 2439 1413 2478 praetor
1444 2434 1614 2475 Taronis3

175 2489 327 2522 cumque
352 2490 495 2512 uxorem
531 2481 638 2513 etiam
670 2487 818 2526 cuperet
850 2493 894 2514 ex
916 2481 1087 2525 sanguine
1122 2481 1298 2526 imperiali
1324 2482 1506 2526 accipere,
1532 2481 1615 2514 data

175 2525 208 2558 ei
234 2536 335 2559 soror
357 2532 411 2560 est
433 2526 694 2571 Theophylacti
719 2529 899 2573 magistri3
925 2533 961 2561 et
982 2529 1229 2561 consummatis
1255 2529 1392 2573 nuptiis
1419 2533 1616 2561 testamen-

174 2577 249 2604 tum
279 2572 376 2613 feeit,
403 2573 440 2606 in
465 2584 536 2619 quo
560 2574 718 2608 instituit
741 2581 782 2609 ut
807 2576 835 2608 si
862 2575 966 2608 liberi
992 2586 1034 2607 ex
1061 2586 1102 2608 eo
1127 2575 1352 2608 matrimonio
1375 2580 1617 2614 nascerentur,

175 2620 372 2653 universam
397 2620 509 2663 ipsius
537 2622 715 2665 regionem
744 2623 781 2655 in
808 2621 1042 2655 hereditatem
1066 2627 1248 2666 paternam
1273 2622 1470 2665 haberent3
1500 2632 1616 2667 eoque

175 2667 319 2698 nomine
349 2668 454 2710 petiit
482 2666 526 2700 ab
562 2669 776 2714 imperatore
814 2669 889 2702 dari
916 2669 982 2702 sibi
1018 2668 1260 2703 suburbanum
1288 2671 1489 2714 Gregorae,
1515 2675 1554 2702 ut
1579 2669 1616 2702 in

176 2724 218 2744 eo
244 2713 390 2757 patricia
417 2714 494 2746 eius
518 2726 607 2747 uxor
632 2722 926 2756 commorareturf
942 2727 1013 2761 qua
1037 2716 1355 2750 defuncta.iternn1
1381 2717 1424 2749 ad
1452 2716 1618 2749 maiesta-

175 2764 245 2792 tem
274 2771 372 2793 suam
398 2760 540 2795 rediret.
571 2766 608 2795 et
623 2762 707 2796 huie
732 2774 876 2810 quoque
902 2763 1068 2809 petitioni
1084 2765 1277 2809 imperator
1294 2765 1433 2805 anuuit,
1457 2764 1617 2808 ingenti-
