<?xml version="1.0" encoding="UTF-8"?>
<!DOCTYPE html PUBLIC "-//W3C//DTD XHTML 1.0 Transitional//EN"
    "http://www.w3.org/TR/xhtml1/DTD/xhtml1-transitional.dtd">
<html xmlns="http://www.w3.org/1999/xhtml" xml:lang="en" lang="en">
 <head>
  <title>
</title>
<meta http-equiv="Content-Type" content="text/html;charset=utf-8" />
  <meta name='ocr-system' content='tesseract 3.04.00' />
  <meta name='ocr-capabilities' content='ocr_page ocr_carea ocr_par ocr_line ocrx_word'/>
</head>
<body>
  <div class='ocr_page' id='page_1' title='image "./corpusscriptorum09niebuoft_0435.png"; bbox 0 0 1780 3132; ppageno 0'>
   <div class='ocr_carea' id='block_1_1' title="bbox 355 105 1540 158">
    <p class='ocr_par' dir='ltr' id='par_1_1' title="bbox 355 105 1540 158">
     <span class='ocr_line' id='line_1_1' title="bbox 355 105 1540 158; baseline -0.002 -1"><span class='ocrx_word' id='word_1_1' title='bbox 355 116 410 157; x_wconf 77' lang='lat' dir='ltr'><strong>m</strong></span> <span class='ocrx_word' id='word_1_2' title='bbox 451 114 815 158; x_wconf 75' lang='lat' dir='ltr'>SYNECDEMUM</span> <span class='ocrx_word' id='word_1_3' title='bbox 857 113 1296 158; x_wconf 72' lang='lat' dir='ltr'><strong>COMMEN&#39;rAmns.</strong></span> <span class='ocrx_word' id='word_1_4' title='bbox 1444 105 1540 155; x_wconf 75' lang='lat'><strong>425</strong></span> 
     </span>
    </p>
   </div>
   <div class='ocr_carea' id='block_1_2' title="bbox 110 222 1540 433">
    <p class='ocr_par' dir='ltr' id='par_1_2' title="bbox 110 222 1540 433">
     <span class='ocr_line' id='line_1_2' title="bbox 115 222 1537 276; baseline -0.002 -6"><span class='ocrx_word' id='word_1_5' title='bbox 115 227 227 270; x_wconf 74' lang='lat' dir='ltr'><strong>vocis</strong></span> <span class='ocrx_word' id='word_1_6' title='bbox 251 239 416 268; x_wconf 88' lang='lat' dir='ltr'><strong>numero</strong></span> <span class='ocrx_word' id='word_1_7' title='bbox 452 229 670 269; x_wconf 84' lang='lat' dir='ltr'><strong>variantes.</strong></span> <span class='ocrx_word' id='word_1_8' title='bbox 730 229 955 269; x_wconf 80' lang='lat' dir='ltr'><strong>Pausaniae</strong></span> <span class='ocrx_word' id='word_1_9' title='bbox 986 222 1272 276; x_wconf 82' lang='grc' dir='ltr'><strong><em>Κυπαρισσιάι</em></strong></span> <span class='ocrx_word' id='word_1_10' title='bbox 1302 225 1473 266; x_wconf 86' lang='lat' dir='ltr'><strong>Messen.</strong></span> <span class='ocrx_word' id='word_1_11' title='bbox 1504 239 1537 267; x_wconf 92' lang='lat' dir='ltr'><strong>c.</strong></span> 
     </span>
     <span class='ocr_line' id='line_1_3' title="bbox 110 281 1540 336; baseline -0.002 -13"><span class='ocrx_word' id='word_1_12' title='bbox 110 287 178 335; x_wconf 76' lang='lat'><strong>36,</strong></span> <span class='ocrx_word' id='word_1_13' title='bbox 205 282 398 325; x_wconf 74' lang='lat' dir='ltr'><strong>Straboni</strong></span> <span class='ocrx_word' id='word_1_14' title='bbox 422 287 450 324; x_wconf 88' lang='grc'>8</span> <span class='ocrx_word' id='word_1_15' title='bbox 479 297 516 335; x_wconf 86' lang='lat' dir='ltr'><strong>p.</strong></span> <span class='ocrx_word' id='word_1_16' title='bbox 537 288 616 325; x_wconf 81' lang='grc'><strong>361</strong></span> <span class='ocrx_word' id='word_1_17' title='bbox 645 283 930 330; x_wconf 73' lang='grc' dir='ltr'><strong><em>Κυπαρισσιά.</em></strong></span> <span class='ocrx_word' id='word_1_18' title='bbox 988 283 1174 336; x_wconf 88' lang='lat' dir='ltr'><strong>oppidum</strong></span> <span class='ocrx_word' id='word_1_19' title='bbox 1204 286 1293 322; x_wconf 87' lang='lat' dir='ltr'><strong>erat</strong></span> <span class='ocrx_word' id='word_1_20' title='bbox 1321 281 1540 321; x_wconf 82' lang='lat' dir='ltr'><strong>Messenio-</strong></span> 
     </span>
     <span class='ocr_line' id='line_1_4' title="bbox 111 335 1533 433; baseline -0.001 -55"><span class='ocrx_word' id='word_1_21' title='bbox 111 338 602 433; x_wconf 48' lang='lat' dir='ltr'><strong>{lpsigainogltlgggsitfinibuffi</strong></span> <span class='ocrx_word' id='word_1_22' title='bbox 633 341 685 379; x_wconf 88' lang='lat'><strong>15</strong></span> <span class='ocrx_word' id='word_1_23' title='bbox 700 339 754 379; x_wconf 90' lang='grc' dir='ltr'><strong>Μ.</strong></span> <span class='ocrx_word' id='word_1_24' title='bbox 774 338 816 378; x_wconf 89' lang='lat' dir='ltr'><strong>P.</strong></span> <span class='ocrx_word' id='word_1_25' title='bbox 848 351 873 379; x_wconf 90' lang='lat' dir='ltr'><strong>a</strong></span> <span class='ocrx_word' id='word_1_26' title='bbox 901 339 1012 389; x_wconf 83' lang='lat' dir='ltr'><strong>Pylo,</strong></span> <span class='ocrx_word' id='word_1_27' title='bbox 1044 342 1087 378; x_wconf 91' lang='lat' dir='ltr'><strong>ut</strong></span> <span class='ocrx_word' id='word_1_28' title='bbox 1115 337 1286 387; x_wconf 88' lang='lat' dir='ltr'><strong>Tabula,</strong></span> <span class='ocrx_word' id='word_1_29' title='bbox 1317 336 1380 376; x_wconf 85' lang='lat' dir='ltr'><strong>cui</strong></span> <span class='ocrx_word' id='word_1_30' title='bbox 1399 335 1533 389; x_wconf 85' lang='lat' dir='ltr'><strong>Cypa-</strong></span> 
     </span>
    </p>
   </div>
   <div class='ocr_carea' id='block_1_3' title="bbox 102 457 1571 1284">
    <p class='ocr_par' dir='ltr' id='par_1_3' title="bbox 102 457 1571 1284">
     <span class='ocr_line' id='line_1_5' title="bbox 215 457 1539 516; baseline -0.002 -12"><span class='ocrx_word' id='word_1_31' title='bbox 215 467 310 514; x_wconf 80' lang='grc'><strong>392,</strong></span> <span class='ocrx_word' id='word_1_32' title='bbox 324 468 390 505; x_wconf 84' lang='grc'><strong>16.</strong></span> <span class='ocrx_word' id='word_1_33' title='bbox 410 457 545 512; x_wconf 82' lang='grc' dir='ltr'><strong><em>Ἦλις]</em></strong></span> <span class='ocrx_word' id='word_1_34' title='bbox 568 463 663 504; x_wconf 90' lang='lat' dir='ltr'><strong>novi</strong></span> <span class='ocrx_word' id='word_1_35' title='bbox 680 464 890 503; x_wconf 84' lang='lat' dir='ltr'><strong>Elidenses</strong></span> <span class='ocrx_word' id='word_1_36' title='bbox 913 468 952 503; x_wconf 85' lang='lat' dir='ltr'><strong>ct</strong></span> <span class='ocrx_word' id='word_1_37' title='bbox 970 463 1136 503; x_wconf 83' lang='lat' dir='ltr'><strong>Aetolos</strong></span> <span class='ocrx_word' id='word_1_38' title='bbox 1160 462 1400 516; x_wconf 80' lang='lat' dir='ltr'><strong>cognatione</strong></span> <span class='ocrx_word' id='word_1_39' title='bbox 1416 461 1539 502; x_wconf 88' lang='lat' dir='ltr'><strong>fuisse</strong></span> 
     </span>
     <span class='ocr_line' id='line_1_6' title="bbox 112 517 1539 570; baseline -0.002 -11"><span class='ocrx_word' id='word_1_40' title='bbox 112 517 166 559; x_wconf 80' lang='lat' dir='ltr'><strong>ob</strong></span> <span class='ocrx_word' id='word_1_41' title='bbox 195 519 368 569; x_wconf 83' lang='lat' dir='ltr'><strong>Oxylnm</strong></span> <span class='ocrx_word' id='word_1_42' title='bbox 395 519 573 568; x_wconf 86' lang='lat' dir='ltr'><strong>iunctos,</strong></span> <span class='ocrx_word' id='word_1_43' title='bbox 611 519 681 558; x_wconf 90' lang='lat' dir='ltr'><strong>sed</strong></span> <span class='ocrx_word' id='word_1_44' title='bbox 709 531 844 558; x_wconf 88' lang='lat' dir='ltr'><strong>eorum</strong></span> <span class='ocrx_word' id='word_1_45' title='bbox 883 519 1019 558; x_wconf 85' lang='lat' dir='ltr'><strong>urbem</strong></span> <span class='ocrx_word' id='word_1_46' title='bbox 1047 517 1231 558; x_wconf 75' lang='lat' dir='ltr'><strong>Aetoliae</strong></span> <span class='ocrx_word' id='word_1_47' title='bbox 1259 522 1446 570; x_wconf 77' lang='lat' dir='ltr'><strong>tanqua-m</strong></span> <span class='ocrx_word' id='word_1_48' title='bbox 1472 530 1539 557; x_wconf 85' lang='lat' dir='ltr'><strong>ca-</strong></span> 
     </span>
     <span class='ocr_line' id='line_1_7' title="bbox 109 572 1539 626; baseline -0.003 -12"><span class='ocrx_word' id='word_1_49' title='bbox 109 577 182 626; x_wconf 85' lang='lat' dir='ltr'><strong>put</strong></span> <span class='ocrx_word' id='word_1_50' title='bbox 200 574 332 614; x_wconf 81' lang='lat' dir='ltr'><strong>fuisse</strong></span> <span class='ocrx_word' id='word_1_51' title='bbox 372 573 597 626; x_wconf 78' lang='lat' dir='ltr'><strong>impositam</strong></span> <span class='ocrx_word' id='word_1_52' title='bbox 623 573 839 613; x_wconf 85' lang='lat' dir='ltr'><strong>difficulter</strong></span> <span class='ocrx_word' id='word_1_53' title='bbox 876 573 970 613; x_wconf 83' lang='lat' dir='ltr'><strong>mihi</strong></span> <span class='ocrx_word' id='word_1_54' title='bbox 1006 572 1239 625; x_wconf 82' lang='lat' dir='ltr'><strong>persuaderi</strong></span> <span class='ocrx_word' id='word_1_55' title='bbox 1268 573 1412 624; x_wconf 88' lang='lat' dir='ltr'><strong>patior.</strong></span> <span class='ocrx_word' id='word_1_56' title='bbox 1469 572 1539 611; x_wconf 85' lang='lat' dir='ltr'><strong>de-</strong></span> 
     </span>
     <span class='ocr_line' id='line_1_8' title="bbox 111 627 1540 682; baseline -0.001 -14"><span class='ocrx_word' id='word_1_57' title='bbox 111 632 228 678; x_wconf 84' lang='lat' dir='ltr'><strong>sunt,</strong></span> <span class='ocrx_word' id='word_1_58' title='bbox 256 629 400 682; x_wconf 85' lang='lat' dir='ltr'><strong>quibus</strong></span> <span class='ocrx_word' id='word_1_59' title='bbox 433 640 481 668; x_wconf 87' lang='lat' dir='ltr'><strong>ea</strong></span> <span class='ocrx_word' id='word_1_60' title='bbox 511 628 693 680; x_wconf 83' lang='lat' dir='ltr'><strong>dignitas</strong></span> <span class='ocrx_word' id='word_1_61' title='bbox 729 629 818 668; x_wconf 90' lang='lat' dir='ltr'><strong>urbi</strong></span> <span class='ocrx_word' id='word_1_62' title='bbox 854 629 1043 678; x_wconf 82' lang='lat' dir='ltr'><strong>firmetur,</strong></span> <span class='ocrx_word' id='word_1_63' title='bbox 1079 632 1341 680; x_wconf 84' lang='lat' dir='ltr'><strong>argumenta3</strong></span> <span class='ocrx_word' id='word_1_64' title='bbox 1378 627 1540 680; x_wconf 87' lang='lat' dir='ltr'><strong>longius</strong></span> 
     </span>
     <span class='ocr_line' id='line_1_9' title="bbox 113 681 1538 736; baseline -0.001 -13"><span class='ocrx_word' id='word_1_65' title='bbox 113 687 327 736; x_wconf 83' lang='lat' dir='ltr'><strong>praeterea</strong></span> <span class='ocrx_word' id='word_1_66' title='bbox 352 683 404 723; x_wconf 84' lang='lat' dir='ltr'><strong>ab</strong></span> <span class='ocrx_word' id='word_1_67' title='bbox 433 683 594 723; x_wconf 83' lang='lat' dir='ltr'><strong>Aetolia</strong></span> <span class='ocrx_word' id='word_1_68' title='bbox 623 688 713 723; x_wconf 89' lang='lat' dir='ltr'><strong>erat</strong></span> <span class='ocrx_word' id='word_1_69' title='bbox 739 683 948 736; x_wconf 83' lang='lat' dir='ltr'><strong>disparata</strong></span> <span class='ocrx_word' id='word_1_70' title='bbox 977 695 1093 736; x_wconf 85' lang='lat' dir='ltr'><strong>quam</strong></span> <span class='ocrx_word' id='word_1_71' title='bbox 1122 687 1165 722; x_wconf 90' lang='lat' dir='ltr'><strong>ut</strong></span> <span class='ocrx_word' id='word_1_72' title='bbox 1192 682 1277 722; x_wconf 87' lang='lat' dir='ltr'><strong>eius</strong></span> <span class='ocrx_word' id='word_1_73' title='bbox 1308 681 1431 722; x_wconf 83' lang='lat' dir='ltr'><strong>fuisse</strong></span> <span class='ocrx_word' id='word_1_74' title='bbox 1458 694 1538 722; x_wconf 89' lang='lat' dir='ltr'><strong>me·-</strong></span> 
     </span>
     <span class='ocr_line' id='line_1_10' title="bbox 112 737 1536 790; baseline 0.001 -13"><span class='ocrx_word' id='word_1_75' title='bbox 112 738 290 790; x_wconf 85' lang='lat' dir='ltr'><strong>tropolin</strong></span> <span class='ocrx_word' id='word_1_76' title='bbox 319 737 476 790; x_wconf 85' lang='lat' dir='ltr'><strong>opinari</strong></span> <span class='ocrx_word' id='word_1_77' title='bbox 515 738 658 789; x_wconf 86' lang='lat' dir='ltr'><strong>possis.</strong></span> <span class='ocrx_word' id='word_1_78' title='bbox 727 743 822 789; x_wconf 90' lang='lat' dir='ltr'><strong>puto</strong></span> <span class='ocrx_word' id='word_1_79' title='bbox 866 739 1035 778; x_wconf 74' lang='lat' dir='ltr'><strong>deiicere</strong></span> <span class='ocrx_word' id='word_1_80' title='bbox 1065 738 1129 777; x_wconf 84' lang='lat' dir='ltr'><strong>hic</strong></span> <span class='ocrx_word' id='word_1_81' title='bbox 1158 737 1304 777; x_wconf 85' lang='lat' dir='ltr'><strong>Patras</strong></span> <span class='ocrx_word' id='word_1_82' title='bbox 1322 768 1332 787; x_wconf 96' lang='lat'>‚</span> <span class='ocrx_word' id='word_1_83' title='bbox 1364 737 1536 778; x_wconf 87' lang='lat' dir='ltr'><strong>nobilem</strong></span> 
     </span>
     <span class='ocr_line' id='line_1_11' title="bbox 109 792 1536 844; baseline 0 -12"><span class='ocrx_word' id='word_1_84' title='bbox 109 792 274 844; x_wconf 77' lang='lat' dir='ltr'><strong>urbem,</strong></span> <span class='ocrx_word' id='word_1_85' title='bbox 301 797 444 833; x_wconf 87' lang='lat' dir='ltr'><strong>contra</strong></span> <span class='ocrx_word' id='word_1_86' title='bbox 471 792 671 833; x_wconf 83' lang='lat' dir='ltr'><strong>Aetoliam</strong></span> <span class='ocrx_word' id='word_1_87' title='bbox 701 793 894 844; x_wconf 85' lang='lat' dir='ltr'><strong>positam:</strong></span> <span class='ocrx_word' id='word_1_88' title='bbox 936 805 1023 833; x_wconf 88' lang='lat' dir='ltr'><strong>eam</strong></span> <span class='ocrx_word' id='word_1_89' title='bbox 1063 792 1302 844; x_wconf 87' lang='lat' dir='ltr'><strong>metropolin</strong></span> <span class='ocrx_word' id='word_1_90' title='bbox 1331 792 1455 831; x_wconf 86' lang='lat' dir='ltr'><strong>fuisse</strong></span> <span class='ocrx_word' id='word_1_91' title='bbox 1485 805 1536 832; x_wconf 84' lang='lat' dir='ltr'><strong>ex</strong></span> 
     </span>
     <span class='ocr_line' id='line_1_12' title="bbox 108 846 1538 900; baseline 0.001 -14"><span class='ocrx_word' id='word_1_92' title='bbox 108 846 283 899; x_wconf 81' lang='lat' dir='ltr'><strong>epistola</strong></span> <span class='ocrx_word' id='word_1_93' title='bbox 326 847 472 888; x_wconf 79' lang='lat' dir='ltr'><strong>Leonis</strong></span> <span class='ocrx_word' id='word_1_94' title='bbox 509 848 766 899; x_wconf 77' lang='lat' dir='ltr'><strong>imperatoris</strong></span> <span class='ocrx_word' id='word_1_95' title='bbox 811 847 1026 900; x_wconf 86' lang='lat' dir='ltr'><strong>additoque</strong></span> <span class='ocrx_word' id='word_1_96' title='bbox 1067 847 1129 888; x_wconf 87' lang='lat' dir='ltr'><strong>iili</strong></span> <span class='ocrx_word' id='word_1_97' title='bbox 1172 847 1362 898; x_wconf 80' lang='lat' dir='ltr'><strong>catalogo</strong></span> <span class='ocrx_word' id='word_1_98' title='bbox 1403 851 1483 886; x_wconf 88' lang='lat' dir='ltr'><strong>tom</strong></span> <span class='ocrx_word' id='word_1_99' title='bbox 1508 851 1538 887; x_wconf 80' lang='lat'>9</span> 
     </span>
     <span class='ocr_line' id='line_1_13' title="bbox 107 900 1538 954; baseline -0.001 -12"><span class='ocrx_word' id='word_1_100' title='bbox 107 900 261 942; x_wconf 83' lang='lat' dir='ltr'><strong>eoncil.</strong></span> <span class='ocrx_word' id='word_1_101' title='bbox 291 901 443 942; x_wconf 84' lang='lat' dir='ltr'><strong>Labbei</strong></span> <span class='ocrx_word' id='word_1_102' title='bbox 468 915 506 954; x_wconf 93' lang='lat' dir='ltr'><strong>p.</strong></span> <span class='ocrx_word' id='word_1_103' title='bbox 534 905 615 942; x_wconf 78' lang='grc'><strong>267</strong></span> <span class='ocrx_word' id='word_1_104' title='bbox 645 902 747 943; x_wconf 89' lang='lat' dir='ltr'><strong>citra</strong></span> <span class='ocrx_word' id='word_1_105' title='bbox 775 903 933 942; x_wconf 86' lang='lat' dir='ltr'><strong>dubium</strong></span> <span class='ocrx_word' id='word_1_106' title='bbox 962 907 1034 943; x_wconf 86' lang='lat' dir='ltr'><strong>est.</strong></span> <span class='ocrx_word' id='word_1_107' title='bbox 1090 901 1211 942; x_wconf 86' lang='lat' dir='ltr'><strong>habet</strong></span> <span class='ocrx_word' id='word_1_108' title='bbox 1239 901 1403 941; x_wconf 88' lang='lat' dir='ltr'><strong>eandem</strong></span> <span class='ocrx_word' id='word_1_109' title='bbox 1430 902 1538 941; x_wconf 82' lang='lat' dir='ltr'><strong>inter</strong></span> 
     </span>
     <span class='ocr_line' id='line_1_14' title="bbox 110 956 1535 1009; baseline 0 -12"><span class='ocrx_word' id='word_1_110' title='bbox 110 957 354 1009; x_wconf 79' lang='lat' dir='ltr'><strong>metropoles</strong></span> <span class='ocrx_word' id='word_1_111' title='bbox 383 969 434 998; x_wconf 88' lang='lat' dir='ltr'><strong>ex</strong></span> <span class='ocrx_word' id='word_1_112' title='bbox 459 957 645 997; x_wconf 84' lang='lat' dir='ltr'><strong>Hierocle</strong></span> <span class='ocrx_word' id='word_1_113' title='bbox 672 956 958 998; x_wconf 81' lang='lat' dir='ltr'><strong>Constantinus</strong></span> <span class='ocrx_word' id='word_1_114' title='bbox 987 958 1016 998; x_wconf 90' lang='lat' dir='ltr'><strong>l.</strong></span> <span class='ocrx_word' id='word_1_115' title='bbox 1036 960 1062 996; x_wconf 88' lang='grc'><strong>2</strong></span> <span class='ocrx_word' id='word_1_116' title='bbox 1089 957 1227 997; x_wconf 86' lang='lat' dir='ltr'><strong>Them.</strong></span> <span class='ocrx_word' id='word_1_117' title='bbox 1249 961 1290 996; x_wconf 89' lang='grc'><strong>6.</strong></span> <span class='ocrx_word' id='word_1_118' title='bbox 1348 969 1422 996; x_wconf 89' lang='lat' dir='ltr'><strong>nec</strong></span> <span class='ocrx_word' id='word_1_119' title='bbox 1450 969 1535 997; x_wconf 87' lang='lat' dir='ltr'><strong>mo-</strong></span> 
     </span>
     <span class='ocr_line' id='line_1_15' title="bbox 111 1010 1534 1064; baseline 0 -12"><span class='ocrx_word' id='word_1_120' title='bbox 111 1010 199 1052; x_wconf 84' lang='lat' dir='ltr'><strong>rari</strong></span> <span class='ocrx_word' id='word_1_121' title='bbox 229 1023 461 1064; x_wconf 80' lang='lat' dir='ltr'><strong>quemqnam</strong></span> <span class='ocrx_word' id='word_1_122' title='bbox 488 1012 588 1052; x_wconf 90' lang='lat' dir='ltr'><strong>situs</strong></span> <span class='ocrx_word' id='word_1_123' title='bbox 616 1013 728 1053; x_wconf 87' lang='lat' dir='ltr'><strong>urbis</strong></span> <span class='ocrx_word' id='word_1_124' title='bbox 759 1017 878 1052; x_wconf 85' lang='lat' dir='ltr'><strong>extra</strong></span> <span class='ocrx_word' id='word_1_125' title='bbox 891 1012 1089 1052; x_wconf 81' lang='lat' dir='ltr'><strong>Aetoliam</strong></span> <span class='ocrx_word' id='word_1_126' title='bbox 1115 1012 1249 1051; x_wconf 85' lang='lat' dir='ltr'><strong>debet:</strong></span> <span class='ocrx_word' id='word_1_127' title='bbox 1278 1023 1405 1063; x_wconf 89' lang='lat' dir='ltr'><strong>neque</strong></span> <span class='ocrx_word' id='word_1_128' title='bbox 1431 1012 1534 1052; x_wconf 87' lang='lat' dir='ltr'><strong>enim</strong></span> 
     </span>
     <span class='ocr_line' id='line_1_16' title="bbox 104 1066 1533 1119; baseline 0.001 -14"><span class='ocrx_word' id='word_1_129' title='bbox 104 1066 232 1119; x_wconf 81' lang='lat' dir='ltr'><strong>longo</strong></span> <span class='ocrx_word' id='word_1_130' title='bbox 261 1067 431 1107; x_wconf 85' lang='lat' dir='ltr'><strong>traiectu</strong></span> <span class='ocrx_word' id='word_1_131' title='bbox 451 1067 543 1107; x_wconf 90' lang='lat' dir='ltr'><strong>inde</strong></span> <span class='ocrx_word' id='word_1_132' title='bbox 564 1067 782 1107; x_wconf 84' lang='lat' dir='ltr'><strong>dissociata</strong></span> <span class='ocrx_word' id='word_1_133' title='bbox 804 1068 900 1116; x_wconf 84' lang='lat' dir='ltr'><strong>fuit3</strong></span> <span class='ocrx_word' id='word_1_134' title='bbox 931 1072 972 1106; x_wconf 92' lang='lat' dir='ltr'><strong>et</strong></span> <span class='ocrx_word' id='word_1_135' title='bbox 1002 1071 1212 1119; x_wconf 87' lang='lat' dir='ltr'><strong>praeterea</strong></span> <span class='ocrx_word' id='word_1_136' title='bbox 1241 1067 1367 1105; x_wconf 87' lang='lat' dir='ltr'><strong>multa</strong></span> <span class='ocrx_word' id='word_1_137' title='bbox 1393 1066 1533 1119; x_wconf 84' lang='lat' dir='ltr'><strong>Augu-</strong></span> 
     </span>
     <span class='ocr_line' id='line_1_17' title="bbox 105 1120 1534 1174; baseline 0 -14"><span class='ocrx_word' id='word_1_138' title='bbox 105 1124 192 1160; x_wconf 87' lang='lat' dir='ltr'><strong>stus</strong></span> <span class='ocrx_word' id='word_1_139' title='bbox 219 1120 439 1173; x_wconf 86' lang='lat' dir='ltr'><strong>imperator</strong></span> <span class='ocrx_word' id='word_1_140' title='bbox 464 1134 516 1162; x_wconf 88' lang='lat' dir='ltr'><strong>ex</strong></span> <span class='ocrx_word' id='word_1_141' title='bbox 533 1122 717 1174; x_wconf 84' lang='lat' dir='ltr'><strong>opposita</strong></span> <span class='ocrx_word' id='word_1_142' title='bbox 743 1122 972 1161; x_wconf 80' lang='lat' dir='ltr'><strong>continente</strong></span> <span class='ocrx_word' id='word_1_143' title='bbox 1001 1121 1147 1174; x_wconf 87' lang='lat' dir='ltr'><strong>oppida</strong></span> <span class='ocrx_word' id='word_1_144' title='bbox 1167 1122 1301 1160; x_wconf 86' lang='lat' dir='ltr'><strong>Patris</strong></span> <span class='ocrx_word' id='word_1_145' title='bbox 1329 1122 1534 1161; x_wconf 85' lang='lat' dir='ltr'><strong>condona-</strong></span> 
     </span>
     <span class='ocr_line' id='line_1_18' title="bbox 103 1175 1531 1229; baseline 0.001 -15"><span class='ocrx_word' id='word_1_146' title='bbox 103 1175 176 1225; x_wconf 86' lang='lat' dir='ltr'><strong>vit,</strong></span> <span class='ocrx_word' id='word_1_147' title='bbox 203 1175 255 1215; x_wconf 89' lang='lat' dir='ltr'><strong>de</strong></span> <span class='ocrx_word' id='word_1_148' title='bbox 281 1176 422 1229; x_wconf 80' lang='lat' dir='ltr'><strong>quibus</strong></span> <span class='ocrx_word' id='word_1_149' title='bbox 437 1177 657 1218; x_wconf 80' lang='lat' dir='ltr'><strong>Pausanias</strong></span> <span class='ocrx_word' id='word_1_150' title='bbox 687 1180 739 1216; x_wconf 89' lang='grc'><strong>10</strong></span> <span class='ocrx_word' id='word_1_151' title='bbox 758 1180 823 1217; x_wconf 83' lang='grc'><strong>38.</strong></span> <span class='ocrx_word' id='word_1_152' title='bbox 881 1177 974 1216; x_wconf 90' lang='lat' dir='ltr'><strong>vide</strong></span> <span class='ocrx_word' id='word_1_153' title='bbox 1004 1188 1158 1229; x_wconf 88' lang='lat' dir='ltr'><strong>qnoque</strong></span> <span class='ocrx_word' id='word_1_154' title='bbox 1186 1180 1212 1215; x_wconf 76' lang='lat'><strong>7</strong></span> <span class='ocrx_word' id='word_1_155' title='bbox 1232 1179 1284 1216; x_wconf 82' lang='lat'><strong>18</strong></span> <span class='ocrx_word' id='word_1_156' title='bbox 1313 1180 1354 1215; x_wconf 88' lang='lat' dir='ltr'><strong>et</strong></span> <span class='ocrx_word' id='word_1_157' title='bbox 1383 1176 1531 1216; x_wconf 83' lang='lat' dir='ltr'><strong>Ezech.</strong></span> 
     </span>
     <span class='ocr_line' id='line_1_19' title="bbox 102 1229 1571 1284; baseline 0.001 -14"><span class='ocrx_word' id='word_1_158' title='bbox 102 1229 414 1283; x_wconf 84' lang='lat' dir='ltr'><strong>Sphanhemium</strong></span> <span class='ocrx_word' id='word_1_159' title='bbox 442 1231 601 1272; x_wconf 82' lang='lat' dir='ltr'><strong>dissert.</strong></span> <span class='ocrx_word' id='word_1_160' title='bbox 631 1235 681 1271; x_wconf 92' lang='lat'><strong>11</strong></span> <span class='ocrx_word' id='word_1_161' title='bbox 710 1232 759 1270; x_wconf 88' lang='lat' dir='ltr'><strong>de</strong></span> <span class='ocrx_word' id='word_1_162' title='bbox 788 1243 861 1271; x_wconf 87' lang='lat' dir='ltr'><strong>usn</strong></span> <span class='ocrx_word' id='word_1_163' title='bbox 892 1237 931 1271; x_wconf 90' lang='lat' dir='ltr'><strong>et</strong></span> <span class='ocrx_word' id='word_1_164' title='bbox 958 1236 1106 1284; x_wconf 88' lang='lat' dir='ltr'><strong>praest.</strong></span> <span class='ocrx_word' id='word_1_165' title='bbox 1139 1231 1317 1271; x_wconf 86' lang='lat' dir='ltr'><strong>numism.</strong></span> <span class='ocrx_word' id='word_1_166' title='bbox 1343 1245 1381 1283; x_wconf 89' lang='lat' dir='ltr'><strong>p.</strong></span> <span class='ocrx_word' id='word_1_167' title='bbox 1411 1234 1506 1273; x_wconf 84' lang='grc'><strong>324.</strong></span> <span class='ocrx_word' id='word_1_168' title='bbox 1561 1238 1571 1245; x_wconf 86' lang='grc'><em>·</em></span> 
     </span>
    </p>
   </div>
   <div class='ocr_carea' id='block_1_4' title="bbox 90 1298 1533 2387">
    <p class='ocr_par' dir='ltr' id='par_1_4' title="bbox 90 1298 1533 2387">
     <span class='ocr_line' id='line_1_20' title="bbox 212 1298 1533 1354; baseline -0.001 -12"><span class='ocrx_word' id='word_1_169' title='bbox 212 1298 324 1342; x_wconf 77' lang='grc' dir='ltr'><strong><em>Ιῠὶᾱ.</em></strong></span> <span class='ocrx_word' id='word_1_170' title='bbox 357 1305 422 1342; x_wconf 81' lang='grc'><strong>17.</strong></span> <span class='ocrx_word' id='word_1_171' title='bbox 478 1300 600 1352; x_wconf 76' lang='grc' dir='ltr'><strong><em>νῆσος</em></strong></span> <span class='ocrx_word' id='word_1_172' title='bbox 627 1298 870 1354; x_wconf 78' lang='grc' dir='ltr'><em>Πάνορμος]</em></span> <span class='ocrx_word' id='word_1_173' title='bbox 900 1302 1007 1342; x_wconf 90' lang='lat' dir='ltr'><strong>haud</strong></span> <span class='ocrx_word' id='word_1_174' title='bbox 1028 1314 1168 1354; x_wconf 83' lang='lat' dir='ltr'><strong>parum</strong></span> <span class='ocrx_word' id='word_1_175' title='bbox 1196 1302 1405 1342; x_wconf 88' lang='lat' dir='ltr'><strong>molestiae</strong></span> <span class='ocrx_word' id='word_1_176' title='bbox 1433 1302 1533 1342; x_wconf 89' lang='lat' dir='ltr'><strong>hacc</strong></span> 
     </span>
     <span class='ocr_line' id='line_1_21' title="bbox 102 1353 1530 1410; baseline 0.001 -15"><span class='ocrx_word' id='word_1_177' title='bbox 102 1353 198 1395; x_wconf 83' lang='lat' dir='ltr'><strong>mihi</strong></span> <span class='ocrx_word' id='word_1_178' title='bbox 222 1355 355 1396; x_wconf 89' lang='lat' dir='ltr'><strong>insula</strong></span> <span class='ocrx_word' id='word_1_179' title='bbox 396 1356 617 1409; x_wconf 83' lang='lat' dir='ltr'><strong>adspersit,</strong></span> <span class='ocrx_word' id='word_1_180' title='bbox 645 1369 775 1409; x_wconf 87' lang='lat' dir='ltr'><strong>neque</strong></span> <span class='ocrx_word' id='word_1_181' title='bbox 817 1356 1007 1397; x_wconf 85' lang='lat' dir='ltr'><strong>hactenus</strong></span> <span class='ocrx_word' id='word_1_182' title='bbox 1051 1369 1137 1396; x_wconf 87' lang='lat' dir='ltr'><strong>eam</strong></span> <span class='ocrx_word' id='word_1_183' title='bbox 1165 1356 1366 1408; x_wconf 80' lang='lat' dir='ltr'><strong>deponere</strong></span> <span class='ocrx_word' id='word_1_184' title='bbox 1391 1357 1530 1410; x_wconf 87' lang='lat' dir='ltr'><strong>potui:</strong></span> 
     </span>
     <span class='ocr_line' id='line_1_22' title="bbox 101 1411 1529 1463; baseline 0.001 -13"><span class='ocrx_word' id='word_1_185' title='bbox 101 1413 256 1451; x_wconf 84' lang='lat' dir='ltr'><strong>tantum</strong></span> <span class='ocrx_word' id='word_1_186' title='bbox 285 1423 388 1463; x_wconf 83' lang='lat' dir='ltr'><strong>quae</strong></span> <span class='ocrx_word' id='word_1_187' title='bbox 415 1411 457 1451; x_wconf 92' lang='lat' dir='ltr'><strong>in</strong></span> <span class='ocrx_word' id='word_1_188' title='bbox 484 1415 654 1451; x_wconf 87' lang='lat' dir='ltr'><strong>mentem</strong></span> <span class='ocrx_word' id='word_1_189' title='bbox 683 1411 878 1461; x_wconf 88' lang='lat' dir='ltr'><strong>venerint,</strong></span> <span class='ocrx_word' id='word_1_190' title='bbox 907 1412 1144 1452; x_wconf 85' lang='lat' dir='ltr'><strong>adscribam.</strong></span> <span class='ocrx_word' id='word_1_191' title='bbox 1201 1413 1438 1451; x_wconf 88' lang='lat' dir='ltr'><strong>Panormum</strong></span> <span class='ocrx_word' id='word_1_192' title='bbox 1465 1412 1529 1452; x_wconf 90' lang='lat' dir='ltr'><strong>in·</strong></span> 
     </span>
     <span class='ocr_line' id='line_1_23' title="bbox 99 1464 1529 1519; baseline 0.002 -16"><span class='ocrx_word' id='word_1_193' title='bbox 99 1464 228 1505; x_wconf 88' lang='lat' dir='ltr'><strong>sulam</strong></span> <span class='ocrx_word' id='word_1_194' title='bbox 257 1469 415 1505; x_wconf 86' lang='lat' dir='ltr'><strong>veteres</strong></span> <span class='ocrx_word' id='word_1_195' title='bbox 445 1465 591 1506; x_wconf 90' lang='lat' dir='ltr'><strong>circum</strong></span> <span class='ocrx_word' id='word_1_196' title='bbox 610 1466 926 1519; x_wconf 87' lang='lat' dir='ltr'><strong>Peloponnesum</strong></span> <span class='ocrx_word' id='word_1_197' title='bbox 945 1467 1161 1519; x_wconf 85' lang='lat' dir='ltr'><strong>ignorant:</strong></span> <span class='ocrx_word' id='word_1_198' title='bbox 1192 1466 1314 1506; x_wconf 87' lang='lat' dir='ltr'><strong>habet</strong></span> <span class='ocrx_word' id='word_1_199' title='bbox 1342 1466 1426 1506; x_wconf 83' lang='lat' dir='ltr'><strong>eius</strong></span> <span class='ocrx_word' id='word_1_200' title='bbox 1458 1479 1529 1506; x_wconf 89' lang='lat' dir='ltr'><strong>no-</strong></span> 
     </span>
     <span class='ocr_line' id='line_1_24' title="bbox 97 1518 1530 1574; baseline 0.001 -15"><span class='ocrx_word' id='word_1_201' title='bbox 97 1518 216 1560; x_wconf 87' lang='lat' dir='ltr'><strong>minis</strong></span> <span class='ocrx_word' id='word_1_202' title='bbox 242 1524 402 1572; x_wconf 87' lang='lat' dir='ltr'><strong>portum</strong></span> <span class='ocrx_word' id='word_1_203' title='bbox 429 1532 556 1573; x_wconf 86' lang='lat' dir='ltr'><strong>prope</strong></span> <span class='ocrx_word' id='word_1_204' title='bbox 583 1520 727 1562; x_wconf 87' lang='lat' dir='ltr'><strong>Rhium</strong></span> <span class='ocrx_word' id='word_1_205' title='bbox 754 1521 796 1561; x_wconf 91' lang='lat' dir='ltr'><strong>in</strong></span> <span class='ocrx_word' id='word_1_206' title='bbox 830 1520 1026 1574; x_wconf 89' lang='lat' dir='ltr'><strong>Naupacti</strong></span> <span class='ocrx_word' id='word_1_207' title='bbox 1055 1520 1227 1561; x_wconf 88' lang='lat' dir='ltr'><strong>adverso</strong></span> <span class='ocrx_word' id='word_1_208' title='bbox 1254 1521 1373 1561; x_wconf 85' lang='lat' dir='ltr'><strong>litore</strong></span> <span class='ocrx_word' id='word_1_209' title='bbox 1410 1522 1530 1570; x_wconf 84' lang='lat' dir='ltr'><strong>Poly-</strong></span> 
     </span>
     <span class='ocr_line' id='line_1_25' title="bbox 97 1573 1530 1629; baseline 0.001 -15"><span class='ocrx_word' id='word_1_210' title='bbox 97 1573 188 1615; x_wconf 81' lang='lat' dir='ltr'><strong>hius</strong></span> <span class='ocrx_word' id='word_1_211' title='bbox 217 1575 246 1614; x_wconf 82' lang='lat'><strong>5</strong></span> <span class='ocrx_word' id='word_1_212' title='bbox 264 1578 344 1615; x_wconf 90' lang='grc'><strong>102</strong></span> <span class='ocrx_word' id='word_1_213' title='bbox 372 1578 413 1614; x_wconf 94' lang='lat' dir='ltr'><strong>et</strong></span> <span class='ocrx_word' id='word_1_214' title='bbox 428 1575 650 1616; x_wconf 85' lang='lat' dir='ltr'><strong>Pausanias</strong></span> <span class='ocrx_word' id='word_1_215' title='bbox 685 1575 845 1616; x_wconf 88' lang='lat' dir='ltr'><strong>Achaic.</strong></span> <span class='ocrx_word' id='word_1_216' title='bbox 860 1580 926 1627; x_wconf 87' lang='grc'><strong>22,</strong></span> <span class='ocrx_word' id='word_1_217' title='bbox 955 1575 1022 1629; x_wconf 87' lang='lat' dir='ltr'><strong>qui</strong></span> <span class='ocrx_word' id='word_1_218' title='bbox 1052 1576 1188 1629; x_wconf 82' lang='lat' dir='ltr'><strong>utique</strong></span> <span class='ocrx_word' id='word_1_219' title='bbox 1215 1576 1314 1616; x_wconf 90' lang='lat' dir='ltr'><strong>nihil</strong></span> <span class='ocrx_word' id='word_1_220' title='bbox 1343 1576 1396 1616; x_wconf 87' lang='lat' dir='ltr'><strong>ad</strong></span> <span class='ocrx_word' id='word_1_221' title='bbox 1424 1576 1530 1616; x_wconf 85' lang='lat' dir='ltr'><strong>hanc</strong></span> 
     </span>
     <span class='ocr_line' id='line_1_26' title="bbox 98 1626 1531 1683; baseline 0.002 -16"><span class='ocrx_word' id='word_1_222' title='bbox 98 1626 286 1669; x_wconf 86' lang='lat' dir='ltr'><strong>insulam.</strong></span> <span class='ocrx_word' id='word_1_223' title='bbox 342 1629 464 1670; x_wconf 89' lang='lat' dir='ltr'><strong>aliam</strong></span> <span class='ocrx_word' id='word_1_224' title='bbox 491 1630 533 1670; x_wconf 90' lang='lat' dir='ltr'><strong>in</strong></span> <span class='ocrx_word' id='word_1_225' title='bbox 562 1630 828 1682; x_wconf 84' lang='lat' dir='ltr'><strong>Cephallenia</strong></span> <span class='ocrx_word' id='word_1_226' title='bbox 853 1631 967 1671; x_wconf 85' lang='lat' dir='ltr'><strong>novit</strong></span> <span class='ocrx_word' id='word_1_227' title='bbox 990 1631 1268 1671; x_wconf 85' lang='lat' dir='ltr'><strong>Artemidorus</strong></span> <span class='ocrx_word' id='word_1_228' title='bbox 1294 1630 1400 1683; x_wconf 87' lang='lat' dir='ltr'><strong>apud</strong></span> <span class='ocrx_word' id='word_1_229' title='bbox 1430 1631 1531 1670; x_wconf 90' lang='lat' dir='ltr'><strong>Por-</strong></span> 
     </span>
     <span class='ocr_line' id='line_1_27' title="bbox 95 1682 1530 1737; baseline 0 -15"><span class='ocrx_word' id='word_1_230' title='bbox 95 1682 280 1735; x_wconf 77' lang='lat' dir='ltr'><strong>phyrium</strong></span> <span class='ocrx_word' id='word_1_231' title='bbox 312 1683 363 1723; x_wconf 87' lang='lat' dir='ltr'><strong>de</strong></span> <span class='ocrx_word' id='word_1_232' title='bbox 388 1684 662 1736; x_wconf 85' lang='lat' dir='ltr'><strong>Nympharum</strong></span> <span class='ocrx_word' id='word_1_233' title='bbox 690 1690 808 1725; x_wconf 88' lang='lat' dir='ltr'><strong>antro</strong></span> <span class='ocrx_word' id='word_1_234' title='bbox 837 1699 876 1737; x_wconf 89' lang='lat' dir='ltr'><strong>p.</strong></span> <span class='ocrx_word' id='word_1_235' title='bbox 908 1689 989 1726; x_wconf 88' lang='grc'><strong>114</strong></span> <span class='ocrx_word' id='word_1_236' title='bbox 1017 1686 1112 1727; x_wconf 88' lang='lat' dir='ltr'><strong>edit.</strong></span> <span class='ocrx_word' id='word_1_237' title='bbox 1141 1685 1313 1726; x_wconf 85' lang='lat' dir='ltr'><strong>Barnes:</strong></span> <span class='ocrx_word' id='word_1_238' title='bbox 1342 1683 1412 1734; x_wconf 77' lang='grc' dir='ltr'><strong>τῆς</strong></span> <span class='ocrx_word' id='word_1_239' title='bbox 1443 1685 1530 1723; x_wconf 80' lang='grc' dir='ltr'><strong>Κε-</strong></span> 
     </span>
     <span class='ocr_line' id='line_1_28' title="bbox 95 1734 1530 1790; baseline 0.001 -16"><span class='ocrx_word' id='word_1_240' title='bbox 95 1734 326 1789; x_wconf 74' lang='grc' dir='ltr'><strong><em>φαλληνίας</em></strong></span> <span class='ocrx_word' id='word_1_241' title='bbox 363 1734 444 1775; x_wconf 83' lang='grc' dir='ltr'><strong>α’πὸ</strong></span> <span class='ocrx_word' id='word_1_242' title='bbox 490 1734 724 1787; x_wconf 82' lang='grc' dir='ltr'><em>Πανόρμου</em></span> <span class='ocrx_word' id='word_1_243' title='bbox 762 1739 927 1787; x_wconf 81' lang='grc' dir='ltr'><strong><em>λιμένος</em></strong></span> <span class='ocrx_word' id='word_1_244' title='bbox 972 1736 1074 1790; x_wconf 85' lang='grc' dir='ltr'><em>πρὸς</em></span> <span class='ocrx_word' id='word_1_245' title='bbox 1117 1736 1324 1790; x_wconf 73' lang='grc' dir='ltr'><strong><em>ἀνατολὴν</em></strong></span> <span class='ocrx_word' id='word_1_246' title='bbox 1369 1737 1530 1777; x_wconf 80' lang='grc' dir='ltr'><strong><em>δώδεκα</em></strong></span> 
     </span>
     <span class='ocr_line' id='line_1_29' title="bbox 93 1787 1528 1844; baseline 0.004 -16"><span class='ocrx_word' id='word_1_247' title='bbox 93 1787 248 1829; x_wconf 77' lang='grc' dir='ltr'><strong><em>στάδια</em></strong></span> <span class='ocrx_word' id='word_1_248' title='bbox 275 1787 398 1842; x_wconf 84' lang='grc' dir='ltr'><strong><em>νῆσός</em></strong></span> <span class='ocrx_word' id='word_1_249' title='bbox 428 1790 539 1830; x_wconf 80' lang='grc' dir='ltr'><strong><em>ἐστιν</em></strong></span> <span class='ocrx_word' id='word_1_250' title='bbox 565 1790 703 1844; x_wconf 78' lang='grc' dir='ltr'><strong><em>Ἰθάκη</em></strong></span> <span class='ocrx_word' id='word_1_251' title='bbox 732 1791 913 1832; x_wconf 72' lang='grc' dir='ltr'><strong><em>σταδίων</em></strong></span> <span class='ocrx_word' id='word_1_252' title='bbox 931 1790 1175 1844; x_wconf 75' lang='grc' dir='ltr'><strong>ὁγδοήκοντα</strong></span> <span class='ocrx_word' id='word_1_253' title='bbox 1201 1794 1330 1832; x_wconf 82' lang='grc' dir='ltr'><strong><em>πέντε.</em></strong></span> <span class='ocrx_word' id='word_1_254' title='bbox 1387 1798 1427 1834; x_wconf 88' lang='lat' dir='ltr'><strong>et</strong></span> <span class='ocrx_word' id='word_1_255' title='bbox 1443 1794 1528 1834; x_wconf 86' lang='lat' dir='ltr'><strong>An—</strong></span> 
     </span>
     <span class='ocr_line' id='line_1_30' title="bbox 96 1845 1527 1901; baseline 0.001 -16"><span class='ocrx_word' id='word_1_256' title='bbox 96 1845 246 1897; x_wconf 89' lang='lat' dir='ltr'><strong>tipater</strong></span> <span class='ocrx_word' id='word_1_257' title='bbox 272 1845 315 1886; x_wconf 88' lang='lat' dir='ltr'><strong>in</strong></span> <span class='ocrx_word' id='word_1_258' title='bbox 344 1847 633 1900; x_wconf 85' lang='lat' dir='ltr'><strong>epigrammate</strong></span> <span class='ocrx_word' id='word_1_259' title='bbox 663 1848 715 1888; x_wconf 86' lang='lat' dir='ltr'><strong>ab</strong></span> <span class='ocrx_word' id='word_1_260' title='bbox 746 1848 968 1889; x_wconf 86' lang='lat' dir='ltr'><strong>Holsteinio</strong></span> <span class='ocrx_word' id='word_1_261' title='bbox 999 1849 1051 1888; x_wconf 88' lang='lat' dir='ltr'><strong>ad</strong></span> <span class='ocrx_word' id='word_1_262' title='bbox 1074 1848 1270 1901; x_wconf 88' lang='lat' dir='ltr'><strong>Stephani</strong></span> <span class='ocrx_word' id='word_1_263' title='bbox 1302 1845 1527 1899; x_wconf 77' lang='grc' dir='ltr'><em>Πάνορμος</em></span> 
     </span>
     <span class='ocr_line' id='line_1_31' title="bbox 93 1896 1528 1954; baseline 0.001 -15"><span class='ocrx_word' id='word_1_264' title='bbox 93 1899 324 1952; x_wconf 79' lang='lat' dir='ltr'><strong>publicato:</strong></span> <span class='ocrx_word' id='word_1_265' title='bbox 358 1900 488 1950; x_wconf 82' lang='grc' dir='ltr'><em>Φοῖβε</em></span> <span class='ocrx_word' id='word_1_266' title='bbox 519 1896 805 1953; x_wconf 78' lang='grc' dir='ltr'><strong><em>Κεφαλλήνων</em></strong></span> <span class='ocrx_word' id='word_1_267' title='bbox 841 1897 1134 1954; x_wconf 81' lang='grc' dir='ltr'><strong>λιμενόσκοπε,</strong></span> <span class='ocrx_word' id='word_1_268' title='bbox 1165 1903 1264 1942; x_wconf 77' lang='grc' dir='ltr'><strong><em>θῖνα</em></strong></span> <span class='ocrx_word' id='word_1_269' title='bbox 1293 1900 1528 1952; x_wconf 77' lang='grc' dir='ltr'><strong>Πανόρμου</strong></span> 
     </span>
     <span class='ocr_line' id='line_1_32' title="bbox 90 1950 1528 2010; baseline 0.005 -19"><span class='ocrx_word' id='word_1_270' title='bbox 90 1950 219 1992; x_wconf 78' lang='grc' dir='ltr'><strong><em>ναίων</em></strong></span> <span class='ocrx_word' id='word_1_271' title='bbox 245 1954 439 2007; x_wconf 77' lang='grc' dir='ltr'><em>τρηχείης</em></span> <span class='ocrx_word' id='word_1_272' title='bbox 466 1953 688 2008; x_wconf 73' lang='grc' dir='ltr'><strong><em>ἀντιπέρην</em></strong></span> <span class='ocrx_word' id='word_1_273' title='bbox 724 1954 897 2008; x_wconf 75' lang='grc' dir='ltr'><strong><em>Ἰθάκης.</em></strong></span> <span class='ocrx_word' id='word_1_274' title='bbox 968 1957 1060 1998; x_wconf 90' lang='lat' dir='ltr'><strong>hinc</strong></span> <span class='ocrx_word' id='word_1_275' title='bbox 1088 1971 1166 2010; x_wconf 89' lang='lat' dir='ltr'><strong>ego</strong></span> <span class='ocrx_word' id='word_1_276' title='bbox 1197 1958 1354 1998; x_wconf 83' lang='lat' dir='ltr'><strong>dedisse</strong></span> <span class='ocrx_word' id='word_1_277' title='bbox 1385 1959 1528 1998; x_wconf 82' lang='lat' dir='ltr'><strong>Hiero-</strong></span> 
     </span>
     <span class='ocr_line' id='line_1_33' title="bbox 92 2006 1527 2064; baseline 0.003 -17"><span class='ocrx_word' id='word_1_278' title='bbox 92 2007 194 2048; x_wconf 80' lang='lat' dir='ltr'><strong>clem</strong></span> <span class='ocrx_word' id='word_1_279' title='bbox 226 2006 372 2059; x_wconf 75' lang='grc' dir='ltr'><em>Νήσου</em></span> <span class='ocrx_word' id='word_1_280' title='bbox 414 2009 710 2062; x_wconf 79' lang='grc' dir='ltr'><strong><em>Κεφαλληνίας</em></strong></span> <span class='ocrx_word' id='word_1_281' title='bbox 739 2007 967 2063; x_wconf 77' lang='grc' dir='ltr'><strong>Πάνορμος</strong></span> <span class='ocrx_word' id='word_1_282' title='bbox 993 2012 1273 2064; x_wconf 86' lang='lat' dir='ltr'><strong>coniiciebam,</strong></span> <span class='ocrx_word' id='word_1_283' title='bbox 1321 2018 1391 2054; x_wconf 88' lang='lat' dir='ltr'><strong>ant</strong></span> <span class='ocrx_word' id='word_1_284' title='bbox 1419 2017 1527 2053; x_wconf 90' lang='lat' dir='ltr'><strong>certe</strong></span> 
     </span>
     <span class='ocr_line' id='line_1_34' title="bbox 96 2065 1527 2119; baseline 0.005 -17"><span class='ocrx_word' id='word_1_285' title='bbox 96 2073 149 2103; x_wconf 84' lang='lat' dir='ltr'><strong>ex</strong></span> <span class='ocrx_word' id='word_1_286' title='bbox 173 2067 295 2115; x_wconf 87' lang='lat' dir='ltr'><strong>portu</strong></span> <span class='ocrx_word' id='word_1_287' title='bbox 322 2065 439 2105; x_wconf 86' lang='lat' dir='ltr'><strong>nobis</strong></span> <span class='ocrx_word' id='word_1_288' title='bbox 475 2065 647 2105; x_wconf 89' lang='lat' dir='ltr'><strong>insulam</strong></span> <span class='ocrx_word' id='word_1_289' title='bbox 674 2066 830 2105; x_wconf 88' lang='lat' dir='ltr'><strong>fecisse.</strong></span> <span class='ocrx_word' id='word_1_290' title='bbox 897 2078 974 2119; x_wconf 89' lang='lat' dir='ltr'><strong>quo</strong></span> <span class='ocrx_word' id='word_1_291' title='bbox 1000 2067 1128 2108; x_wconf 88' lang='lat' dir='ltr'><strong>minus</strong></span> <span class='ocrx_word' id='word_1_292' title='bbox 1156 2072 1289 2108; x_wconf 90' lang='lat' dir='ltr'><strong>tamen</strong></span> <span class='ocrx_word' id='word_1_293' title='bbox 1315 2081 1455 2108; x_wconf 86' lang='lat' dir='ltr'><strong>secure</strong></span> <span class='ocrx_word' id='word_1_294' title='bbox 1484 2069 1527 2109; x_wconf 90' lang='lat' dir='ltr'><strong>in</strong></span> 
     </span>
     <span class='ocr_line' id='line_1_35' title="bbox 95 2116 1525 2176; baseline 0.005 -20"><span class='ocrx_word' id='word_1_295' title='bbox 95 2116 160 2157; x_wconf 85' lang='lat' dir='ltr'><strong>his</strong></span> <span class='ocrx_word' id='word_1_296' title='bbox 187 2118 448 2170; x_wconf 83' lang='lat' dir='ltr'><strong>acquiescam,</strong></span> <span class='ocrx_word' id='word_1_297' title='bbox 478 2120 738 2160; x_wconf 87' lang='lat' dir='ltr'><strong>Marcellinus</strong></span> <span class='ocrx_word' id='word_1_298' title='bbox 766 2120 906 2161; x_wconf 86' lang='lat' dir='ltr'><strong>Comes</strong></span> <span class='ocrx_word' id='word_1_299' title='bbox 944 2123 1078 2173; x_wconf 85' lang='lat' dir='ltr'><strong>efficit,</strong></span> <span class='ocrx_word' id='word_1_300' title='bbox 1106 2123 1282 2163; x_wconf 86' lang='lat' dir='ltr'><strong>Zenonis</strong></span> <span class='ocrx_word' id='word_1_301' title='bbox 1310 2124 1525 2176; x_wconf 90' lang='lat' dir='ltr'><strong>imperato-</strong></span> 
     </span>
     <span class='ocr_line' id='line_1_36' title="bbox 98 2171 1524 2230; baseline 0.004 -19"><span class='ocrx_word' id='word_1_302' title='bbox 98 2171 157 2211; x_wconf 85' lang='lat' dir='ltr'><strong>ris</strong></span> <span class='ocrx_word' id='word_1_303' title='bbox 188 2172 298 2212; x_wconf 87' lang='lat' dir='ltr'><strong>iussu</strong></span> <span class='ocrx_word' id='word_1_304' title='bbox 340 2174 497 2226; x_wconf 87' lang='lat' dir='ltr'><strong>Pelagii</strong></span> <span class='ocrx_word' id='word_1_305' title='bbox 536 2176 673 2227; x_wconf 89' lang='lat' dir='ltr'><strong>gulam</strong></span> <span class='ocrx_word' id='word_1_306' title='bbox 712 2176 753 2215; x_wconf 90' lang='lat' dir='ltr'><strong>in</strong></span> <span class='ocrx_word' id='word_1_307' title='bbox 784 2176 937 2228; x_wconf 86' lang='lat' dir='ltr'><strong>insula,</strong></span> <span class='ocrx_word' id='word_1_308' title='bbox 978 2189 1079 2230; x_wconf 87' lang='lat' dir='ltr'><strong>quae</strong></span> <span class='ocrx_word' id='word_1_309' title='bbox 1108 2178 1328 2218; x_wconf 88' lang='lat' dir='ltr'><strong>Panormus</strong></span> <span class='ocrx_word' id='word_1_310' title='bbox 1367 2178 1524 2229; x_wconf 88' lang='lat' dir='ltr'><strong>dicitur,</strong></span> 
     </span>
     <span class='ocr_line' id='line_1_37' title="bbox 93 2226 1525 2285; baseline 0.006 -21"><span class='ocrx_word' id='word_1_311' title='bbox 93 2226 239 2278; x_wconf 84' lang='lat' dir='ltr'><strong>laqueo</strong></span> <span class='ocrx_word' id='word_1_312' title='bbox 268 2228 440 2268; x_wconf 86' lang='lat' dir='ltr'><strong>fractam</strong></span> <span class='ocrx_word' id='word_1_313' title='bbox 467 2241 505 2269; x_wconf 86' lang='lat' dir='ltr'><strong>a.</strong></span> <span class='ocrx_word' id='word_1_314' title='bbox 526 2233 608 2270; x_wconf 82' lang='lat'><strong>390</strong></span> <span class='ocrx_word' id='word_1_315' title='bbox 636 2242 878 2271; x_wconf 87' lang='lat' dir='ltr'><strong>memorans.</strong></span> <span class='ocrx_word' id='word_1_316' title='bbox 937 2233 1011 2272; x_wconf 90' lang='lat' dir='ltr'><strong>etsi</strong></span> <span class='ocrx_word' id='word_1_317' title='bbox 1045 2233 1159 2283; x_wconf 89' lang='lat' dir='ltr'><strong>enim,</strong></span> <span class='ocrx_word' id='word_1_318' title='bbox 1186 2233 1254 2272; x_wconf 90' lang='lat' dir='ltr'><strong>ubi</strong></span> <span class='ocrx_word' id='word_1_319' title='bbox 1277 2233 1410 2285; x_wconf 89' lang='lat' dir='ltr'><strong>posita</strong></span> <span class='ocrx_word' id='word_1_320' title='bbox 1436 2234 1525 2273; x_wconf 83' lang='lat' dir='ltr'><strong>fue-</strong></span> 
     </span>
     <span class='ocr_line' id='line_1_38' title="bbox 90 2280 1523 2339; baseline 0.007 -20"><span class='ocrx_word' id='word_1_321' title='bbox 90 2280 145 2319; x_wconf 90' lang='lat' dir='ltr'><strong>rit</strong></span> <span class='ocrx_word' id='word_1_322' title='bbox 171 2280 328 2333; x_wconf 87' lang='lat' dir='ltr'><strong>insula,</strong></span> <span class='ocrx_word' id='word_1_323' title='bbox 356 2283 509 2324; x_wconf 85' lang='lat' dir='ltr'><strong>addere</strong></span> <span class='ocrx_word' id='word_1_324' title='bbox 536 2285 790 2338; x_wconf 86' lang='lat' dir='ltr'><strong>neglexerit,</strong></span> <span class='ocrx_word' id='word_1_325' title='bbox 823 2285 910 2325; x_wconf 86' lang='lat' dir='ltr'><strong>fieri</strong></span> <span class='ocrx_word' id='word_1_326' title='bbox 956 2287 1086 2339; x_wconf 88' lang='lat' dir='ltr'><strong>potuit</strong></span> <span class='ocrx_word' id='word_1_327' title='bbox 1123 2292 1168 2328; x_wconf 87' lang='lat' dir='ltr'><strong>ut</strong></span> <span class='ocrx_word' id='word_1_328' title='bbox 1199 2300 1281 2328; x_wconf 88' lang='lat' dir='ltr'><strong>non</strong></span> <span class='ocrx_word' id='word_1_329' title='bbox 1316 2288 1438 2329; x_wconf 89' lang='lat' dir='ltr'><strong>aliam</strong></span> <span class='ocrx_word' id='word_1_330' title='bbox 1467 2288 1523 2328; x_wconf 91' lang='lat' dir='ltr'><strong>si-</strong></span> 
     </span>
     <span class='ocr_line' id='line_1_39' title="bbox 90 2335 241 2387; baseline 0.013 -14"><span class='ocrx_word' id='word_1_331' title='bbox 90 2335 241 2387; x_wconf 85' lang='lat' dir='ltr'><strong>gnarit.</strong></span> 
     </span>
    </p>
   </div>
   <div class='ocr_carea' id='block_1_5' title="bbox 87 2409 1523 2579">
    <p class='ocr_par' dir='ltr' id='par_1_5' title="bbox 87 2409 1523 2579">
     <span class='ocr_line' id='line_1_40' title="bbox 195 2409 1521 2469; baseline 0.005 -17"><span class='ocrx_word' id='word_1_332' title='bbox 195 2409 304 2452; x_wconf 75' lang='lat' dir='ltr'><strong>Ibid.</strong></span> <span class='ocrx_word' id='word_1_333' title='bbox 335 2416 399 2452; x_wconf 88' lang='lat'><strong>18.</strong></span> <span class='ocrx_word' id='word_1_334' title='bbox 456 2413 676 2465; x_wconf 72' lang='grc' dir='ltr'><strong>Κυθηριά]</strong></span> <span class='ocrx_word' id='word_1_335' title='bbox 708 2417 969 2468; x_wconf 87' lang='lat' dir='ltr'><strong>praestiterat</strong></span> <span class='ocrx_word' id='word_1_336' title='bbox 984 2414 1167 2468; x_wconf 76' lang='grc' dir='ltr'><strong>Κύθηρα</strong></span> <span class='ocrx_word' id='word_1_337' title='bbox 1195 2421 1236 2458; x_wconf 91' lang='lat' dir='ltr'><strong>et</strong></span> <span class='ocrx_word' id='word_1_338' title='bbox 1261 2430 1356 2459; x_wconf 87' lang='lat' dir='ltr'><strong>mox</strong></span> <span class='ocrx_word' id='word_1_339' title='bbox 1385 2415 1521 2469; x_wconf 76' lang='grc' dir='ltr'><em>Στρό-</em></span> 
     </span>
     <span class='ocr_line' id='line_1_41' title="bbox 89 2463 1523 2524; baseline 0.01 -22"><span class='ocrx_word' id='word_1_340' title='bbox 89 2463 248 2516; x_wconf 78' lang='grc' dir='ltr'><strong><em>φαδες,</em></strong></span> <span class='ocrx_word' id='word_1_341' title='bbox 289 2473 408 2507; x_wconf 89' lang='lat' dir='ltr'><strong>notae</strong></span> <span class='ocrx_word' id='word_1_342' title='bbox 455 2469 682 2521; x_wconf 81' lang='lat' dir='ltr'><strong>virgiliano</strong></span> <span class='ocrx_word' id='word_1_343' title='bbox 727 2484 867 2511; x_wconf 85' lang='lat' dir='ltr'><strong>versu:</strong></span> <span class='ocrx_word' id='word_1_344' title='bbox 916 2469 1187 2524; x_wconf 82' lang='lat' dir='ltr'><strong>Strophades</strong></span> <span class='ocrx_word' id='word_1_345' title='bbox 1226 2471 1363 2515; x_wconf 77' lang='lat' dir='ltr'><strong>Graio</strong></span> <span class='ocrx_word' id='word_1_346' title='bbox 1403 2478 1523 2516; x_wconf 82' lang='lat' dir='ltr'><strong>stant</strong></span> 
     </span>
     <span class='ocr_line' id='line_1_42' title="bbox 87 2520 1039 2579; baseline 0.008 -20"><span class='ocrx_word' id='word_1_347' title='bbox 87 2522 253 2560; x_wconf 80' lang='lat' dir='ltr'><strong>nomine</strong></span> <span class='ocrx_word' id='word_1_348' title='bbox 284 2520 429 2562; x_wconf 83' lang='lat' dir='ltr'><strong>dictae</strong></span> <span class='ocrx_word' id='word_1_349' title='bbox 456 2523 626 2564; x_wconf 79' lang='lat' dir='ltr'><strong>insulae</strong></span> <span class='ocrx_word' id='word_1_350' title='bbox 656 2523 779 2565; x_wconf 77' lang='lat' dir='ltr'><strong>Ionio</strong></span> <span class='ocrx_word' id='word_1_351' title='bbox 805 2528 850 2567; x_wconf 82' lang='lat' dir='ltr'><strong>in</strong></span> <span class='ocrx_word' id='word_1_352' title='bbox 878 2538 1039 2579; x_wconf 74' lang='lat' dir='ltr'><strong>maqno.</strong></span> 
     </span>
    </p>
   </div>
   <div class='ocr_carea' id='block_1_6' title="bbox 86 2583 1520 2702">
    <p class='ocr_par' dir='ltr' id='par_1_6' title="bbox 86 2583 1520 2702">
     <span class='ocr_line' id='line_1_43' title="bbox 195 2583 1520 2643; baseline 0.008 -18"><span class='ocrx_word' id='word_1_353' title='bbox 195 2583 305 2626; x_wconf 74' lang='lat' dir='ltr'><strong>lbid.</strong></span> <span class='ocrx_word' id='word_1_354' title='bbox 362 2587 542 2635; x_wconf 63' lang='lat' dir='ltr'><strong><em>Mvmfiv]</em></strong></span> <span class='ocrx_word' id='word_1_355' title='bbox 583 2591 690 2629; x_wconf 85' lang='lat' dir='ltr'><strong>forte</strong></span> <span class='ocrx_word' id='word_1_356' title='bbox 731 2586 940 2636; x_wconf 76' lang='grc' dir='ltr'><strong><em>Μύκωνος</em></strong></span> <span class='ocrx_word' id='word_1_357' title='bbox 979 2593 1031 2633; x_wconf 86' lang='lat' dir='ltr'><strong>ab</strong></span> <span class='ocrx_word' id='word_1_358' title='bbox 1063 2593 1247 2634; x_wconf 82' lang='lat' dir='ltr'><strong>Hierocle</strong></span> <span class='ocrx_word' id='word_1_359' title='bbox 1285 2595 1413 2643; x_wconf 87' lang='lat' dir='ltr'><strong>venit,</strong></span> <span class='ocrx_word' id='word_1_360' title='bbox 1443 2594 1520 2635; x_wconf 89' lang='lat' dir='ltr'><strong>nisi</strong></span> 
     </span>
     <span class='ocr_line' id='line_1_44' title="bbox 86 2638 1519 2702; baseline 0.006 -24"><span class='ocrx_word' id='word_1_361' title='bbox 86 2638 121 2678; x_wconf 88' lang='lat' dir='ltr'><strong>si</strong></span> <span class='ocrx_word' id='word_1_362' title='bbox 147 2643 187 2680; x_wconf 88' lang='lat' dir='ltr'><strong>et</strong></span> <span class='ocrx_word' id='word_1_363' title='bbox 213 2645 326 2682; x_wconf 87' lang='lat' dir='ltr'><strong>recto</strong></span> <span class='ocrx_word' id='word_1_364' title='bbox 355 2654 451 2683; x_wconf 84' lang='lat' dir='ltr'><strong>casu</strong></span> <span class='ocrx_word' id='word_1_365' title='bbox 470 2641 634 2683; x_wconf 83' lang='grc' dir='ltr'><strong><em>Μύκων</em></strong></span> <span class='ocrx_word' id='word_1_366' title='bbox 660 2645 793 2687; x_wconf 89' lang='lat' dir='ltr'><strong>insula</strong></span> <span class='ocrx_word' id='word_1_367' title='bbox 822 2647 944 2688; x_wconf 79' lang='lat' dir='ltr'><strong>suerit</strong></span> <span class='ocrx_word' id='word_1_368' title='bbox 970 2647 1100 2690; x_wconf 89' lang='lat' dir='ltr'><strong>dicta:</strong></span> <span class='ocrx_word' id='word_1_369' title='bbox 1129 2654 1237 2690; x_wconf 86' lang='lat' dir='ltr'><strong>certe</strong></span> <span class='ocrx_word' id='word_1_370' title='bbox 1265 2646 1519 2702; x_wconf 79' lang='grc' dir='ltr'><strong>σμικρότητα</strong></span> 
     </span>
    </p>
   </div>
  </div>
 </body>
</html>
