1780 3132
281 150 372 194 528
798 153 1140 193 WEssssLlNGu

277 277 397 314 certe
422 271 669 313 immanibus
693 275 734 312 et
751 270 950 313 barbaris
967 276 1010 314 et
1028 272 1248 313 bellicosis
1277 271 1546 322 tenebantur,·
1575 285 1682 329 quas

276 331 470 368 nationes
498 338 616 367 nemo
642 338 820 379 unquam
850 325 938 377 suit
962 330 1032 381 qui
1060 339 1142 367 non
1168 325 1315 379 sranyi
1343 327 1583 382 domarique
1607 340 1681 369 cu-

275 386 411 435 peret.
470 392 595 431 neque
627 381 747 419 aliter
772 381 948 421 Velleius
976 386 1002 420 2
1029 386 1134 421 110:
1169 384 1352 433 ,qentium
1379 383 1681 436 nationumque,

276 449 383 490 quae
413 433 739 484 rebellaverant,
767 437 900 474 omnis·
927 447 1124 475 numerus
1141 435 1323 487 amplius
1347 438 1429 474 800
1453 434 1588 476 millia
1603 448 1681 476 εει·-

272 489 432 543 plebat.
491 489 581 527 vide
609 493 648 526 et
677 502 708 526 c.
736 492 790 528 98
822 494 861 528 et
889 490 1065 529 Curtium
1094 490 1135 528 in
1167 489 1349 530 Sallustii
1375 489 1534 528 Catilin.
1561 502 1593 528 e.
1616 494 1681 531 10.

381 546 474 589 398,
496 546 558 581 17.
616 542 911 592 Παλαιστίνης]
940 544 1085 582 excidit
1110 541 1290 593 πρώτηςε
1321 548 1402 582 tres
1418 543 1520 592 enim
1546 544 1684 584 ordine

274 602 529 636 recensentur
540 597 802 646 Palaestinae,
832 609 994 648 quarum
1020 602 1059 635 et
1087 598 1180 648 Imp.
1197 597 1442 636 Theodosius
1472 597 1511 636 in
1538 597 1631 637 Lao
1647 610 1681 638 c.

276 653 350 691 Th.
366 651 414 689 de
433 651 599 701 Erogat.
616 651 728 690 milit.
759 651 957 690 etNotitia
976 652 1067 702 imp.
1083 651 1231 690 orient.
1257 664 1289 691 c.
1312 656 1331 690 1
1362 651 1556 699 meminit3
1584 663 1686 703 quae

276 718 341 744 res
371 717 511 755 parum
539 704 818 744 animadversa
849 717 967 757 saepe
1010 705 1136 744 doctis
1153 736 1163 753 ,
1191 717 1288 756 quos
1317 705 1397 745 lac.
1421 704 1685 744 Rheuferdius

276 761 432 798 dissert.
446 760 480 797 ΙΙ
502 759 541 797 in
572 758 713 798 Euseb.
734 759 934 799 Onomast.
962 772 1000 810 p.
1015 762 1097 798 788
1115 759 1166 799 ab
1197 770 1335 798 errore
1359 770 1551 798 revocare
1571 758 1685 798 adni-

276 825 342 851 sns
373 817 456 861 est,
485 813 685 864 negotium
714 813 926 852 facessivit.
982 813 1138 852 iunctae
1162 813 1273 852 fuere
1299 813 1350 853 ad
1376 812 1537 853 Arcadii
1562 824 1685 865 usque

275 873 475 917 tempora:
502 879 593 905 nam
622 867 724 918 quod
754 868 809 906 lo.
837 867 991 906 Malala
1018 870 1111 906 tom.
1136 870 1163 905 2
1191 879 1229 918 p.
1254 869 1282 906 5
1309 866 1605 907 constantinum
1632 866 1685 906 Μ.

274 922 539 960 Palaestinam
568 920 726 960 tertiam
752 921 997 972 provinciam
1026 921 1277 960 constituisse
1293 925 1512 971 asseverat,
1538 921 1576 960 id
1594 921 1686 960 Ηίθ-

272 987 459 1023 ronymus
489 973 646 1019 Quaest.
684 975 726 1015 in
749 975 892 1015 Genes.
922 987 956 1013 c.
979 979 1031 1014 21
1069 975 1279 1025 convellit,
1308 978 1401 1015 ante
1427 986 1507 1014 nou
1533 975 1688 1026 grande

272 1034 425 1080 tempus
456 1030 723 1068 Palaestinam
755 1029 994 1079 Salutarem,
1021 1041 1122 1080 quae
1151 1029 1287 1068 eadem
1315 1041 1362 1068 ac
1389 1029 1520 1077 tertia,
1551 1041 1602 1069 ex
1628 1028 1688 1068 di-

272 1084 426 1122 visione
455 1083 680 1134 praesidum
711 1095 798 1122 esse
834 1085 981 1122 factam
1009 1083 1209 1129 etdictam
1239 1083 1463 1122 adfirmans.
1517 1083 1618 1122 idem
1647 1086 1688 1120 et
1733 1105 1735 1109 -

271 1138 362 1176 hinc
389 1137 690 1185 statuminatur‚
721 1137 824 1188 quod
864 1137 990 1176 omnis
1019 1137 1250 1177 Palaestina
1275 1137 1346 1176 sub
1378 1136 1604 1176 Theodosio
1631 1136 1685 1176 M.

273 1191 339 1230 uni
369 1191 598 1242 proconsuli
628 1192 833 1242 paruerit,
872 1191 1192 1243 quemadmodum
1231 1203 1282 1230 ex
1314 1190 1473 1230 zosimo
1501 1193 1526 1230 4
1558 1193 1608 1230 41
1638 1190 1688 1230 li-

272 1250 378 1296 quet.
435 1245 525 1283 vide
552 1245 601 1283 Η.
631 1245 829 1285 Norisium
858 1246 992 1285 diss.5
1019 1244 1068 1283 de
1090 1245 1238 1297 Epoch.
1268 1257 1306 1295 p.
1323 1246 1414 1284 474.
1469 1243 1689 1284 consularis

274 1299 528 1338 Palaestinae
557 1299 709 1350 primae
747 1304 808 1339 est
849 1299 891 1339 in
918 1299 1039 1339 Notit.
1082 1300 1175 1351 imp.
1217 1298 1368 1339 orient.
1402 1310 1435 1339 c.
1466 1302 1489 1338 1
1519 1303 1559 1338 et
1583 1297 1689 1351 apud

273 1354 496 1393 Palladium
524 1354 672 1393 llistor.
704 1353 884 1393 Lausiac.
913 1366 945 1392 c.
974 1355 1041 1392 65.

382 1406 489 1447 Ibid.
521 1411 586 1448 18.
647 1406 898 1456 Καισάρεια]
930 1407 1165 1458 metropolin
1181 1406 1295 1446 huius
1308 1403 1688 1457 provinciae'canon

271 1464 298 1500 7
329 1461 492 1501 Nicaeni
520 1461 635 1514 primi
663 1461 766 1512 apud
779 1461 1038 1512 Beveregium
1066 1465 1158 1500 tom.
1186 1462 1204 1499 1
1229 1474 1267 1512 p.
1284 1463 1338 1499 68
1365 1463 1404 1498 et
1429 1458 1689 1508 Hieronymus
1762 1492 1765 1496 ,

274 1517 313 1556 in
342 1516 454 1566 epist.
487 1517 538 1554 ad
555 1515 843 1554 Pannnachium
866 1519 1112 1566 agnoscunt3
1142 1526 1243 1566 quae
1274 1514 1447 1565 dignitas
1462 1513 1552 1553 urbi
1577 1525 1688 1552 man-

273 1571 337 1619 sit,
368 1574 574 1621 postquam
613 1574 696 1607 tres
736 1569 987 1608 Palaestinae
1025 1569 1211 1620 episcopo
1253 1567 1611 1616 Hierosolymitano
1647 1566 1687 1605 in

273 1623 436 1673 Synodo
466 1622 781 1663 chalcedonensi
810 1626 900 1662 tom.
919 1627 947 1662 9
966 1627 1048 1674 p.2
1075 1623 1267 1671 subditae,
1298 1626 1416 1673 atque
1445 1621 1570 1661 eidem
1597 1620 1687 1660 iura

273 1677 560 1730 patriarchalia
590 1678 749 1715 fuerunt
778 1682 917 1724 aucta,
949 1677 1006 1715 uti
1034 1677 1205 1715 Novella
1238 1679 1317 1715 103
1344 1675 1530 1714 ostendit.

380 1730 486 1772 Ibid.
543 1730 688 1779 Δῶρα]
708 1731 936 1782 Stephanus
967 1730 1205 1770 maritimam
1232 1730 1335 1769 hanc
1362 1729 1498 1768 urbem
1526 1727 1690 1780 egregie

272 1787 449 1827 illustrat
478 1785 519 1825 in
551 1783 708 1834 Δῶρος.
780 1784 883 1824 adde
919 1785 965 1826 H.
995 1785 1214 1824 Relandum
1238 1785 1408 1823 Palaest.
1435 1787 1464 1823 3
1489 1795 1527 1835 p.
1540 1785 1622 1822 739
1652 1786 1692 1821 et

272 1840 474 1880 Probabil.
506 1843 735 1879 nostrorum
762 1851 795 1878 c.
826 1840 892 1878 25.

383 1892 489 1934 Ιῠὶά.
559 1888 799 1941 Διόσπολις]
830 1893 971 1942 Lydda
1001 1894 1070 1932 est.
1110 1891 1286 1939 Cyrillus
1309 1889 1691 1939 Hierosolymitanus

273 1949 431 1988 Catech.
456 1951 506 1987 17
535 1961 572 1999 p.
603 1949 704 1987 204:
733 1944 887 1984 Λύδδα
923 1944 948 1998 ἧ
975 1946 1048 1984 νῦν
1073 1942 1310 1990 Διόσπολις.
1340 1946 1430 1984 vide
1456 1945 1544 1984 ltin.
1572 1943 1619 1984 Η.
1648 1956 1687 1995 p.

271 2009 364 2053 600,
393 2003 459 2042 ubi
490 2006 530 2040 et
559 2002 607 2039 de
628 2001 893 2052 Antipatride.

380 2055 485 2097 lbid.
533 2049 716 2102 ’Ἄζωτος
758 2051 971 2106 παράλιος]
1011 2054 1203 2105 duplicem
1240 2053 1420 2102 Azotum,
1455 2051 1491 2091 si
1518 2051 1689 2092 Notitias

273 2112 488 2162 exceperis,
519 2110 589 2149 vix
621 2110 719 2148 alibi
748 2109 938 2159 reperies.
1010 2108 1168 2147 videtur
1209 2108 1359 2146 Azotus
1401 2105 1690 2145 mediterranea

271 2177 320 2203 ea
349 2177 436 2203 esse
460 2165 570 2203 cuius
600 2163 752 2202 Sacrae
780 2163 935 2213 literae,
966 2163 1210 2212 Herodotus,
1239 2161 1463 2209 Diodorus,
1499 2160 1688 2211 Iosephus

271 2223 390 2270 atque
420 2219 489 2259 alii
527 2218 801 2257 meminerunt:
864 2217 994 2268 posita
1034 2217 1106 2254 illa
1143 2228 1222 2255 non
1260 2217 1384 2266 longe
1414 2226 1439 2253 a
1462 2213 1562 2253 mari
1589 2217 1689 2274 erat,

271 2284 345 2312 nec
375 2274 434 2312 illi
461 2278 592 2312 tamen
620 2272 766 2311 iuncta.
822 2271 1012 2322 Iosephus
1040 2270 1131 2309 inde
1159 2269 1202 2310 B.
1225 2271 1256 2308 1.
1291 2270 1308 2308 l
1337 2272 1362 2307 7
1391 2267 1455 2318 §⁷
1486 2267 1591 2306 inter
1614 2279 1690 2310 τας

271 2326 315 2364 ἐν
334 2327 383 2379 τῇ
395 2326 591 2379 μεσογείῳ
609 2321 746 2370 πόλεις
763 2329 955 2372 recenset,
981 2328 1020 2363 et
1045 2318 1119 2366 τοῖς
1141 2321 1368 2373 παραλίους
1394 2322 1444 2361 ab
1470 2333 1518 2361 ea
1547 2320 1690 2365 distin·

271 2381 368 2433 guit.
398 2381 501 2420 idem
530 2380 627 2420 facit
639 2380 760 2420 Wilh.
776 2379 922 2429 Tyrius
950 2378 1048 2418 nist.
1078 2378 1231 2417 Hieros.
1260 2381 1311 2415 12
1330 2380 1357 2415 6
1385 2380 1424 2414 et
1453 2377 1505 2414 15
1523 2377 1587 2414 24.
1617 2385 1691 2414 nec

271 2435 482 2474 dissentire
498 2434 653 2473 videtur
664 2433 895 2473 Fulcherius
907 2431 1166 2472 Carnotensis
1181 2444 1212 2471 c.
1229 2433 1295 2479 52,
1313 2429 1378 2482 qui
1393 2433 1600 2481 praeterea
1615 2439 1687 2467 suo

272 2495 450 2541 tempore
473 2488 599 2528 vicum
622 2488 756 2535 fuisse,
784 2500 899 2539 quam
914 2487 1073 2526 lbenum
1100 2486 1311 2537 indigenae
1339 2483 1558 2523 vocabant:
1586 2483 1690 2521 forte

271 2546 309 2584 is
338 2557 415 2582 non
447 2543 550 2583 alius
577 2546 640 2580 est
666 2554 715 2581 ac
743 2543 877 2591 lebna,
906 2541 971 2593 qui
1009 2541 1056 2579 Η.
1088 2540 1267 2579 Relando
1295 2539 1467 2578 Palaest.
1495 2540 1522 2576 3
1548 2549 1587 2588 p.
1606 2538 1689 2597 608

271 2599 458 2638 molestus
486 2597 570 2636 suit.
644 2596 841 2635 maritima
882 2595 1033 2634 Azotus
1073 2593 1218 2645 prioris
1260 2605 1345 2631 esse
1375 2595 1510 2642 portus
1541 2592 1688 2641 potuit:

272 2652 464 2706 quomodo
491 2650 689 2701 Ascalon,
738 2650 811 2689 etsi
850 2650 953 2690 mari
973 2652 1201 2700 ‘praetenta
1239 2646 1341 2699 apud
1374 2645 1492 2685 Willi.
1525 2643 1687 2693 Tyrium
