1780 3132
506 145 582 188 DE
617 144 975 188 THEMATIBUS
1010 143 1114 188 LlB.
1149 142 1206 188 11.
1525 141 1588 188 63

133 277 227 306 τουν
258 259 326 302 καὶ
356 260 574 315 Χερσῶνος
602 257 727 312 αὐτῆς
755 259 822 299 καὶ
854 261 934 300 τῶν
966 261 1115 300 λοιπῶν
1135 253 1364 311 κλιμάτων,
1399 252 1500 298 ὥστε
1523 256 1591 296 καὶ

131 325 358 383 βασιλεύειν
380 327 475 377 τοὺς
497 329 538 370 ἓν
562 331 619 384 τῷ
641 323 843 383 Βοσπόρῳ
863 330 1146 377 κατοικοῦντας
1167 326 1332 382 λέγεται.
1401 323 1479 378 ἔχει
1502 324 1544 366 δὲ
1562 321 1589 379 ἦ

135 397 292 452 ἱστορία
335 393 474 446 οὕτως.
543 394 756 452 Βόσπορος
787 392 902 444 πόλις
934 393 1098 437 Πόντου
1130 395 1232 437 κατὰ
1265 394 1335 436 τὸν
1363 394 1590 451 Κιμμέριον

134 463 305 516 κόλπον,
339 465 406 505 καὶ
435 464 624 520 πορθμὸς
653 461 865 518 ὁμώνυμος
874 495 886 513 ,
923 462 1001 505 ἀπὸ
1030 463 1131 513 Ἰοῦς
1159 467 1232 518 τῆς
1255 462 1411 518 Ἰνάχου
1441 460 1591 507 καλού-

101 541 124 576 5
132 550 272 589 μενος,
308 532 450 582 καθώς
468 530 677 586 Αἰσχύλος
696 532 737 574 ἐν
757 535 815 591 τῷ
831 533 1059 587 Προμηθεῖ
1072 524 1240 589 γράφει·

349 622 460 666 ἔσται
483 623 526 664 δὲ
547 627 714 677 θνητοῖς
734 622 857 664 εἷσαεὶ
876 619 994 677 λόγος
1011 622 1138 677 μέγας

349 695 422 746 τῆς
438 695 512 746 σῆς
529 693 712 748 πορείας,
752 688 961 747 Βόσπορος
979 690 1019 732 δ’
1043 689 1250 744 ἐπώνυμος

347 758 591 814 κεκλήσεται.

132 848 331 907 Στράβων
351 851 395 893 δὲ
416 850 458 892 ἓν
479 846 675 906 ἑνδεκάτῳ
694 852 775 891 τῶν
792 852 1080 905 γεωγραφικιῦν
1106 846 1203 891 τάδε
1230 846 1376 905 γράφει
1404 844 1518 896 “τοῒς
1548 847 1592 889 δὲ

83 924 209 964 1οτοὕ
232 917 450 974 Βοσπόρου
477 915 694 967 δυνάσταις
713 914 882 972 ὗπήκοοι
905 919 1178 974 Βοσποριανοὶ
1199 916 1344 967 πάντες
1363 919 1592 967 καλοῦνται,

132 989 199 1030 καὶ
225 986 308 1030 ἔστι
333 991 413 1030 τῶν
439 987 512 1041 μὲν
538 986 790 1042 Εὐρωπαίων
816 984 1065 1042 μητρόπολις
1084 986 1129 1028 τὸ
1149 983 1478 1036 Παντικάπαιον,
1511 988 1593 1027 τῶν

132 1056 178 1098 δὲ
189 1055 382 1099 Ἀσιανῶν
400 1055 445 1098 τὸ
468 1053 790 1111 Φαναγόρειον.”
832 1061 1035 1110 μαρτυρεῖ
1048 1055 1092 1096 δὲ
1107 1056 1175 1096 καὶ
1198 1054 1364 1110 Φλέγων
1383 1055 1424 1096 ἐν
1438 1053 1591 1107 Ὀλυμ-

101 1160 106 1163 .
131 1122 246 1166 πιάδι
268 1121 594 1179 πεντεκαιδεκάτῃ
616 1122 677 1164 ὅτι
698 1121 948 1175 ἐβασιλεύετο
980 1121 1000 1164 ὅ
1026 1121 1242 1178 Βόσπορος
1268 1121 1402 1164 Κότυϊ
1422 1126 1480 1179 τῷ
1505 1125 1591 1164 Βο-

132 1197 339 1250 σποριανῷ
355 1195 534 1245 βασιλεῖ,
564 1185 599 1249 ᾧ
619 1192 686 1232 καὶ
708 1190 888 1246 διάδημα
909 1192 1086 1233 ἐκέλευσε
1108 1197 1246 1248 φορεῖν
1265 1189 1284 1233 ὃ
1308 1192 1497 1247 Καῖσαρ,
1525 1192 1592 1232 καὶ

78 1266 122 1303 15
132 1261 206 1311 τὰς
224 1258 359 1310 πόλεις
379 1259 488 1317 αὐτῷ
510 1260 799 1310 καθυπέταξεν,
835 1260 876 1301 ἓν
896 1258 961 1308 αἷς
983 1263 1232 1315 συναριθμεῒ
1247 1261 1314 1301 καὶ
1333 1259 1458 1314 αὐτὴν
1478 1261 1594 1315 Χερ-

130 1333 254 1372 σῶνα.
323 1319 395 1370 δύο
419 1328 466 1370 δέ
486 1329 560 1370 εῗσι
582 1325 698 1370 τόποι
719 1325 928 1384 Βόσποροι
950 1326 1187 1381 καλούμενοι
1199 1359 1212 1380 ,
1249 1325 1306 1377 εἷς
1330 1328 1404 1382 μὲν
1431 1325 1451 1369 ὁ
1480 1328 1592 1381 Κιμ-

128 1397 267 1454 μέριος
291 1394 536 1451 καλούμενος
561 1396 730 1449 πλησίον
751 1397 994 1451 λέρσῶνος,
1028 1396 1069 1437 ἐν
1088 1390 1122 1454 ᾧ
1139 1398 1205 1438 καὶ
1225 1396 1270 1438 τὸ
1290 1397 1496 1449 βασίλειον
1513 1400 1593 1439 τῶν

130 1467 422 1522 Βοσποριανιῦν
438 1459 502 1520 ἦν,
529 1464 662 1521 ἕτερος
679 1464 723 1505 δὲ
741 1466 781 1505 ἔν
798 1465 1021 1521 Βυζαντίῳ,
1052 1465 1168 1507 καθὰ
1188 1467 1430 1522 Φαβωρῖνος
1445 1462 1591 1521 γράφει

124 1532 386 1586 “Βυζαντίων
408 1533 530 1588 λιμὴν
549 1530 765 1588 Βόσπορος
781 1533 1007 1575 καλεΐται.”
1075 1540 1280 1590 μαρτυρεῖ
1294 1534 1338 1576 δὲ
1354 1535 1421 1575 καὶ
1438 1533 1484 1575 τὸ
1505 1534 1592 1574 ε’πί-

74 1608 300 1659 Ξθγραμμα
326 1606 399 1644 τοῦ
428 1604 558 1651 κίονος
587 1605 660 1655 τῆς
687 1600 901 1656 ἀντιπέραν
919 1605 992 1656 γῆς
1011 1600 1333 1659 Χρυσοπόλεως,
1369 1604 1410 1645 ἐν
1429 1595 1463 1661 ᾧ
1481 1619 1591 1659 μαρ-

128 1672 277 1728 μαρίνη
301 1669 474 1725 δάμαλις
490 1671 676 1726 ἵδρυται,
713 1667 870 1727 φάσκον
891 1669 1039 1720 οὕτως·

220 1789 244 1824 7
269 1786 336 1831 σῆς
357 1799 410 1821 om
428 1788 458 1822 C
549 1788 571 1822 9
595 1784 736 1832 δεκάτῳ
759 1785 864 1832 vulgo
957 1789 1000 1821 10
1023 1784 1180 1830 ἐπήκοοι
1201 1788 1306 1834 vulgo
1401 1789 1442 1822 11
1465 1798 1592 1829 μαντι-

218 1832 381 1868 κοὶπαιον
403 1833 452 1878 A,
473 1830 724 1876 μαντικοὶπεον
745 1832 775 1866 C
898 1832 942 1866 12
965 1832 1046 1877 nal]
1073 1833 1134 1867 καὶ
1159 1831 1180 1868 0‘
1206 1836 1238 1870 F
1359 1830 1422 1877 ἐν]
1447 1830 1467 1867 ὁ
1492 1831 1532 1867 ἐν
1556 1833 1587 1867 C

223 1881 267 1915 13
292 1875 354 1913 ὅτε
373 1879 403 1912 C
541 1877 562 1912 ὁ
589 1890 642 1912 om
665 1878 694 1912 C
843 1878 886 1913 16
909 1877 1106 1923 βοσπόριοι
1129 1880 1159 1914 C
1298 1880 1341 1915 17
1364 1876 1592 1922 καλούμενος

220 1925 288 1960 add
309 1925 340 1959 A
478 1926 519 1959 19
542 1921 744 1969 βοσπόριον
767 1923 798 1957 C

129 2027 240 2074 ipsam
261 2027 449 2071 regebant,
474 2037 538 2060 nec
556 2038 625 2060 non
648 2025 799 2071 reliquas
822 2028 1006 2072 regiones,
1030 2027 1116 2061 adeo
1141 2032 1179 2062 ut
1200 2026 1349 2073 Bospori
1372 2027 1507 2062 incolae
1530 2039 1589 2062 re-
1625 2053 1628 2057 -

129 2085 238 2118 gnare
255 2072 467 2107 dicerentur.
513 2072 565 2106 sic
588 2077 700 2106 autem
726 2073 872 2108 historia
895 2086 933 2108 se
958 2074 1074 2108 habet.
1122 2073 1302 2120 Bosporus
1326 2073 1428 2107 Ponti
1449 2074 1589 2118 civitas,

129 2120 226 2154 iuxta
258 2117 479 2153 Cimmerium
510 2118 642 2161 sinum,
682 2123 717 2152 et
749 2119 916 2154 traiectus
949 2119 1162 2165 cognominis
1193 2122 1236 2155 ab
1263 2121 1349 2155 Ione
1371 2120 1493 2155 Inachi
1515 2120 1588 2154 filia

128 2164 359 2208 nominantur,
384 2164 483 2199 velut
504 2164 696 2208 Aeschylus
719 2165 755 2198 in
778 2165 987 2200 Prometheo
1010 2165 1150 2200 scribit:

346 2231 546 2266 mortalibus
572 2231 652 2266 dein
678 2233 889 2278 sempiterna
913 2235 1004 2267 fama
1028 2233 1097 2268 erit

343 2277 579 2322 traiectionis,
601 2277 846 2324 Bosporusque
867 2280 949 2314 inde
971 2279 1104 2314 audies.

127 2345 256 2380 Strabo
279 2349 392 2379 autem
414 2346 481 2382 lib:
499 2347 540 2381 11
564 2346 811 2391 Geographiae
828 2346 914 2380 haec
929 2347 1071 2381 scribit:
1093 2343 1268 2392 “Bospori
1285 2347 1486 2393 proceribus
1502 2349 1585 2383 sub·-

126 2390 193 2426 diti
217 2402 334 2425 omnes
355 2390 564 2437 Bosporitae
586 2398 839 2437 nuncupantur.
877 2399 981 2437 atque
1004 2393 1268 2439 Eur-opacorum
1292 2394 1430 2438 quidem
1455 2400 1585 2429 metro-

126 2436 215 2483 polis
253 2442 307 2471 est
344 2437 635 2483 Panticapaeum,
680 2439 886 2473 Asianorum
922 2450 1007 2472 vero
1040 2438 1334 2484 Phanagorium.'’
1378 2441 1587 2476 testificatur

126 2482 229 2516 etiam
265 2481 421 2527 Phlegon
451 2483 489 2517 in
519 2484 727 2529 Olympiade
752 2484 794 2518 15
822 2485 1015 2528 Bosporum
1038 2487 1101 2519 sub
1125 2485 1302 2520 dominatu
1323 2485 1434 2521 fuisse
1459 2486 1586 2531 Cotyis

125 2527 335 2573 Bosporiani
358 2529 470 2574 regis,
505 2530 561 2564 cui
585 2529 717 2564 Caesar
740 2530 842 2564 iussit
865 2531 1022 2564 diadema
1045 2535 1207 2575 gestare,
1242 2537 1278 2566 et
1301 2533 1405 2566 urbes
1430 2532 1505 2567 eius
1529 2533 1586 2566 di-

127 2574 218 2608 cioni
239 2573 391 2618 subegit,
417 2575 453 2609 in
476 2577 600 2620 quibus
623 2580 845 2610 connumerat
867 2576 955 2610 hanc
978 2576 1081 2611 etiam
1108 2577 1332 2612 chersonem.
1380 2579 1448 2612 duo
1473 2584 1584 2614 autem

125 2624 207 2654 sunt
230 2620 332 2654 etiam
355 2619 423 2654 loci
445 2620 595 2667 Bospori
617 2621 801 2667 appellati,
828 2632 916 2655 unus
939 2622 1076 2667 quidem
1099 2623 1304 2658 Cimmerius
1326 2623 1459 2669 dictus,
1487 2625 1586 2659 iuxta

127 2665 358 2711 chersonem,
393 2667 431 2700 in
463 2678 531 2712 quo
564 2672 600 2702 et
631 2667 729 2711 regia
758 2667 1050 2712 Bosporianorum
1085 2669 1173 2714 snit,
1210 2669 1300 2704 alter
1328 2670 1513 2714 Byzantii,
1547 2675 1586 2705 ut

123 2710 324 2746 Favorinus
352 2712 475 2747 scribit
503 2710 794 2757 “Byzantinorum
822 2718 944 2758 portus
965 2714 1142 2760 Bosporus
1165 2712 1329 2753 dicitur.”
1375 2720 1524 2751 testatur
1548 2715 1585 2750 id

126 2756 229 2791 etiam
261 2757 471 2811 epigramma
499 2758 703 2814 inscriptum
727 2758 905 2794 columnae
929 2765 1065 2795 erectae
1091 2773 1134 2796 ex
1157 2762 1304 2796 adverso
1329 2766 1445 2795 terrae
1467 2762 1584 2806 Chry-

125 2802 276 2882 sepelis,
301 2814 358 2838 cm
379 2815 572 2840 marmorea
594 2816 743 2841 iuvenca
765 2804 915 2850 insidet,
939 2817 1029 2852 quae
1052 2806 1105 2842 sic
1125 2807 1271 2853 loquens
1290 2808 1484 2843 inducitur:
