1780 3132
640 147 1057 193 PROLEGOMENA.
1467 143 1562 189 383

127 266 338 312 Holsteinii
367 264 590 305 sententiae
627 268 822 318 pugnant.
891 264 1023 317 primo
1067 262 1171 303 enim
1212 259 1483 311 Synecdemus
1522 260 1564 300 in

128 322 339 378 provincia
366 321 574 361 Osrhoene
612 319 878 374 Leontopolin
903 323 1109 368 recenset,
1136 330 1213 372 quo
1242 317 1402 357 nomine
1433 316 1565 356 Calli-

126 380 259 425 nicum
291 376 446 430 aliquot
485 388 511 416 a
539 381 668 416 morte
696 374 896 416 Marciani
934 374 1190 426 imperatoris
1230 371 1346 412 annis
1379 375 1584 430 ornatum·

127 434 253 475 fuisse
280 445 352 472 suo
391 432 480 471 loco
511 431 746 480 ostendam3
779 429 924 469 deinde
951 430 994 470 in
1023 429 1172 469 Pisidia
1209 427 1375 480 reliquis
1401 427 1567 467 urbibus

127 486 461 539 Iustinianopolin
491 490 696 534 accenset,
729 496 832 538 quae
860 497 947 525 cum
977 497 1004 524 a
1031 485 1143 524 nullo
1174 483 1253 523 nisi
1283 482 1367 522 eius
1395 482 1567 522 niominis

127 545 399 597 imperatore,
437 546 477 582 et
500 541 663 581 mirifice
692 540 916 581 huiusmodi
954 539 1082 579 titulis
1113 544 1254 591 capto,
1285 538 1569 590 cognominata

126 600 192 650 sit,
219 599 307 639 sine
325 596 443 637 dubio
467 598 652 649 scriptor,
683 596 749 649 qui
776 608 863 636 eam
890 599 1099 645 memorat,
1128 601 1168 633 et
1185 593 1393 646 Stephano
1412 593 1568 633 urbium

127 655 394 706 explanatore
421 656 462 691 et
488 650 700 691 Pulcheria
728 651 913 703 Augusta
952 650 1088 690 multis
1117 650 1233 690 annis
1262 649 1463 689 recentior
1491 654 1566 689 est.

129 710 233 750 idem
261 708 436 760 colligas
468 719 520 746 ex
556 706 766 759 provincia
797 706 1026 755 Pannonia,
1063 717 1165 758 quae
1195 704 1371 744 Orientis
1400 704 1566 755 imperio

126 764 194 805 hic
220 763 448 804 subiicitur:
475 762 550 802 illa
580 761 777 801 Marciani
804 761 979 814 Augusti
1014 766 1195 813 tempore
1222 759 1372 800 amissa
1399 771 1568 811 prorsus

124 823 240 866 erat,
271 818 448 871 praedae
484 816 636 857 Attilae
675 822 795 869 atque
832 816 986 856 Hunnis
1030 816 1238 867 exposita,
1276 819 1568 867 praetereaque

128 872 494 915 extraorientalis
521 870 678 925 imperii
705 872 818 922 fines,
846 876 891 911 ut
920 883 972 911 ex
998 870 1149 911 Notitia
1178 871 1385 922 utriusque
1412 869 1569 922 imperii

127 928 391 969 certissimum
419 932 502 976 est;
539 939 657 980 quam
687 939 773 967 cum
813 926 1053 979 reciperarit
1084 925 1214 966 virtus
1243 930 1283 965 et
1312 925 1569 977 providentia

127 983 352 1031 Iustiniani,
380 982 498 1022 sicuti
529 982 700 1023 Novella
730 986 780 1022 11
811 984 1004 1035 praefert,
1034 981 1170 1034 utique
1201 981 1250 1020 ad
1280 980 1364 1020 eius
1393 985 1567 1020 aetatem

128 1038 397 1079 demittendus
424 1038 631 1078 Hierocles
673 1037 772 1086 erit;
814 1050 893 1090 qua
927 1049 980 1077 an
1009 1037 1128 1076 etiam
1167 1038 1291 1076 multo
1321 1036 1448 1088 possit
1478 1048 1568 1076 esse

128 1093 313 1143 inferior,
342 1105 447 1134 nunc
472 1092 846 1145 circumspiciamus.

237 1150 382 1189 Notum
413 1149 455 1188 in
487 1148 635 1200 vulgus
663 1152 724 1187 est
749 1148 875 1188 multa
906 1159 993 1187 eum
1021 1147 1304 1200 imperatorem
1330 1147 1371 1187 in
1400 1146 1566 1199 provin-

123 1204 275 1245 ciarum
303 1203 647 1243 administratione
665 1207 861 1243 mutasse:
893 1202 968 1242 has
993 1203 1085 1242 aliis
1114 1203 1420 1255 magistratibus
1449 1215 1564 1243 man-

126 1260 268 1308 dasse,
297 1258 459 1299 illarum
499 1259 662 1298 nomina
691 1263 760 1298 aut
801 1258 1011 1298 sustulisse
1062 1270 1231 1310 prorsus
1265 1263 1335 1298 aut
1373 1270 1424 1298 ex
1465 1258 1568 1298 binis

121 1326 241 1355 unam
269 1319 309 1354 et
345 1314 520 1354 vicissim
554 1326 605 1354 ex
633 1325 715 1353 una
761 1313 874 1354 binas
912 1313 1080 1353 fecisse:
1109 1312 1317 1353 Hierocles
1350 1325 1449 1353 vero
1478 1326 1567 1353 cum

126 1370 303 1410 Orientis
344 1369 461 1410 nobis
504 1368 781 1409 annumerarit
819 1368 1073 1421 provincias,
1118 1369 1292 1420 singulis
1325 1381 1417 1408 suos
1447 1381 1568 1421 prae-

123 1425 277 1478 positos
314 1425 545 1477 imponenS,
580 1426 755 1464 fortasse
792 1424 855 1463 his
894 1423 936 1464 in
965 1423 1173 1463 consilium
1199 1424 1332 1464 missis
1364 1429 1404 1469 et
1435 1436 1569 1464 secum

123 1480 292 1521 invicem
314 1480 558 1532 comparatis
574 1492 685 1520 suam
704 1479 821 1520 nobis
839 1483 1013 1519 aetatem
1031 1479 1268 1520 ostenderit.
1326 1479 1433 1520 viam
1463 1479 1570 1519 hanc

124 1548 254 1589 nuper
279 1536 488 1588 ingressus
514 1540 575 1575 est
596 1534 775 1574 eruditus
802 1539 944 1574 auctor
961 1534 1132 1576 Dissert.
1162 1534 1445 1588 Chorograph.
1475 1535 1567 1574 Ital.

123 1592 225 1632 med.
253 1591 345 1631 aevi
373 1590 482 1632 Sect.
513 1593 554 1640 5,
582 1589 694 1630 cuius
721 1590 893 1642 ductum,
921 1594 1064 1630 nostra
1083 1590 1235 1642 passim
1263 1591 1567 1643 adspergentes.

126 1646 169 1686 in
205 1646 268 1686 his
293 1646 547 1699 vestigandis
580 1657 803 1699 sequemur.
861 1657 961 1698 ergo
994 1657 1081 1685 cum
1105 1646 1268 1685 mutatis
1298 1646 1647 1687 alustinianooe4

129 1701 426 1754 provinciarum
456 1700 762 1754 magistratibus
796 1700 1012 1741 ordiamur.
1069 1700 1180 1740 iubet
1208 1701 1278 1741 ille
1306 1701 1480 1741 Novella
1512 1704 1567 1741 24

125 1769 160 1797 c.
191 1760 213 1796 1
243 1760 290 1796 ut
316 1756 383 1809 qui
411 1756 585 1796 Pisidiae
613 1755 778 1808 praesit.
805 1761 972 1807 praetor
998 1755 1267 1795 Iustinianeus
1297 1756 1351 1795 sit
1378 1761 1419 1795 et
1447 1768 1567 1795 voce-

125 1815 215 1861 tur3
243 1823 322 1865 qno
349 1811 487 1852 eodem
513 1811 667 1851 honore
684 1811 914 1859 Lycaoniae
941 1812 1187 1863 praefectum
1215 1812 1317 1851 Nov.
1335 1814 1390 1850 25
1417 1823 1450 1852 c.
1475 1816 1497 1851 1
1526 1817 1569 1851 et

123 1866 327 1907 Thraciae
364 1867 466 1907 Nov.
507 1870 563 1906 26
606 1870 746 1915 ornat;
797 1878 966 1918 quarum
1003 1865 1303 1918 provinciarum
1343 1866 1568 1919 praepositi

124 1921 302 1962 Hierocli
330 1926 424 1961 sunt
455 1921 701 1962 consulares.
759 1920 940 1960 decernit
969 1926 1183 1972 praeterea
1213 1927 1258 1961 ut
1284 1921 1464 1973 Phrygia
1490 1923 1569 1962 Pa-

123 1977 286 2017 catiana
313 1980 355 2016 et
383 1977 479 2017 item
507 1976 676 2016 Galatia
704 1975 835 2028 prima
857 1976 1115 2028 spectabilem
1142 1976 1184 2015 iu
1212 1981 1416 2028 posterum
1447 1977 1569 2018 comi·
1640 1998 1643 2002 ⁴

127 2036 208 2072 tem
238 2031 443 2080 habeant3
485 2031 550 2071 cui
575 2031 736 2083 utrique
774 2031 1000 2071 consularis
1039 2031 1091 2071 ab
1123 2031 1309 2071 Hierocle
1337 2033 1567 2084 imponitur.

124 2091 188 2127 est
216 2086 259 2127 in
282 2086 532 2136 Synecdemo
563 2085 846 2139 Paphlagonia
879 2086 954 2126 sub
993 2091 1248 2136 correctore,
1285 2089 1353 2140 qui
1383 2089 1486 2130 Nov.
1513 2093 1569 2129 29

125 2146 294 2195 praetor
320 2147 495 2192 creatur,
525 2146 566 2181 et
595 2141 753 2181 Isauria
781 2141 855 2181 sub
883 2141 1084 2194 praeside,
1114 2154 1228 2195 quem
1255 2143 1436 2184 comitem
1462 2145 1568 2186 NoV.

122 2202 175 2237 2⁷
201 2209 289 2238 esse
310 2198 409 2238 vult.
431 2197 601 2250 denique
614 2196 813 2236 Phoenice
833 2196 883 2237 ad
903 2197 1099 2237 Libanum
1116 2198 1363 2238 moderatori
1379 2199 1508 2240 Edict.
1529 2203 1568 2247 4,

122 2253 294 2306 itemque
319 2251 476 2293 Arabia
504 2252 781 2301 subiiciuntur‚
813 2264 915 2305 quae
954 2251 1030 2293 hac
1058 2252 1101 2293 in
1138 2253 1292 2294 Notitia
1320 2254 1499 2306 praesidi
1527 2260 1568 2295 et

122 2307 329 2348 consulari
357 2308 464 2347 dicto
492 2313 586 2347 sunt
615 2307 837 2348 audientes,
905 2307 1047 2348 harum
1076 2313 1209 2348 autem
1239 2309 1564 2350 constitutionum

120 2364 338 2416 pleraeque
365 2375 452 2403 cum
478 2362 677 2403 Belisario
718 2363 766 2404 V.
797 2362 842 2403 C.
873 2364 1037 2401 consule
1075 2364 1157 2403 sint
1189 2364 1342 2415 editae,
1369 2365 1456 2405 iure
1485 2367 1565 2406 nti-

122 2430 198 2470 que
223 2418 374 2470 optimo
419 2418 609 2457 statuitur
636 2418 928 2466 Synecdemum
965 2421 1060 2456 ante
1092 2417 1335 2459 Belisarium
1361 2422 1564 2462 consulem

121 2483 346 2525 annumque
384 2473 468 2512 535
502 2471 747 2524 publicatum
788 2472 942 2512 videri:
993 2472 1035 2512 ni
1072 2473 1176 2513 enim
1217 2474 1258 2514 id
1304 2477 1564 2527 concesseris,

120 2528 258 2568 danda
286 2526 393 2566 ratio
423 2527 502 2567 erit
529 2527 785 2580 quamobrem
813 2528 854 2567 in
880 2528 1032 2576 libello,
1062 2541 1140 2582 quo
1166 2529 1465 2582 provinciarum
1480 2545 1565 2572 ma·

120 2583 318 2635 gistratus
347 2594 400 2622 ex
427 2582 488 2622 sui
507 2582 702 2635 temporis
725 2595 837 2622 more
851 2583 1056 2623 Hierocles
1073 2584 1276 2636 describit,
1303 2587 1418 2628 nulla
1447 2600 1565 2640 pror-

120 2650 192 2678 sus
226 2638 277 2677 de
307 2638 562 2690 praetoribus
590 2637 846 2678 Iustinianeis
882 2639 1278 2693 moderatoribusque
1305 2643 1452 2682 mentio
1480 2643 1563 2683 liat.

122 2705 204 2747 quo
231 2693 365 2747 magis
406 2705 502 2734 vero
539 2693 750 2747 scriptoris
793 2699 907 2735 aetas
937 2694 990 2736 ad
1017 2694 1210 2749 liquidum
1238 2697 1492 2750 perducatur,
1523 2698 1564 2738 in
