<?xml version="1.0" encoding="UTF-8"?>
<!DOCTYPE html PUBLIC "-//W3C//DTD XHTML 1.0 Transitional//EN"
    "http://www.w3.org/TR/xhtml1/DTD/xhtml1-transitional.dtd">
<html xmlns="http://www.w3.org/1999/xhtml" xml:lang="en" lang="en">
 <head>
  <title>
</title>
<meta http-equiv="Content-Type" content="text/html;charset=utf-8" />
  <meta name='ocr-system' content='tesseract 3.04.00' />
  <meta name='ocr-capabilities' content='ocr_page ocr_carea ocr_par ocr_line ocrx_word'/>
</head>
<body>
  <div class='ocr_page' id='page_1' title='image "./corpusscriptorum09niebuoft_0285.png"; bbox 0 0 1780 3132; ppageno 0'>
   <div class='ocr_carea' id='block_1_1' title="bbox 246 194 1525 239">
    <p class='ocr_par' dir='ltr' id='par_1_1' title="bbox 246 194 1525 239">
     <span class='ocr_line' id='line_1_1' title="bbox 246 194 1525 239; baseline -0.001 -1"><span class='ocrx_word' id='word_1_1' title='bbox 246 199 300 239; x_wconf 77' lang='grc' dir='ltr'>ΙΝ</span> <span class='ocrx_word' id='word_1_2' title='bbox 340 197 695 239; x_wconf 69' lang='grc' dir='ltr'>(ΣΟΝδΤΑΝΤΙΝΙ</span> <span class='ocrx_word' id='word_1_3' title='bbox 723 197 919 238; x_wconf 84' lang='lat' dir='ltr'><strong>PORPH.</strong></span> <span class='ocrx_word' id='word_1_4' title='bbox 960 197 1029 236; x_wconf 89' lang='lat' dir='ltr'>DE</span> <span class='ocrx_word' id='word_1_5' title='bbox 1053 197 1214 236; x_wconf 73' lang='lat' dir='ltr'>THEM.</span> <span class='ocrx_word' id='word_1_6' title='bbox 1244 198 1288 236; x_wconf 87' lang='lat' dir='ltr'>L.</span> <span class='ocrx_word' id='word_1_7' title='bbox 1320 199 1349 235; x_wconf 93' lang='lat'>1.</span> <span class='ocrx_word' id='word_1_8' title='bbox 1432 194 1525 237; x_wconf 69' lang='lat'>‘275</span> 
     </span>
    </p>
   </div>
   <div class='ocr_carea' id='block_1_2' title="bbox 59 308 1531 2685">
    <p class='ocr_par' dir='ltr' id='par_1_2' title="bbox 59 308 1531 2619">
     <span class='ocr_line' id='line_1_2' title="bbox 91 308 1531 364; baseline -0.002 -13"><span class='ocrx_word' id='word_1_9' title='bbox 91 315 267 352; x_wconf 80' lang='lat' dir='ltr'>ctatuum</span> <span class='ocrx_word' id='word_1_10' title='bbox 296 311 464 364; x_wconf 88' lang='lat' dir='ltr'>(singuli</span> <span class='ocrx_word' id='word_1_11' title='bbox 494 309 852 364; x_wconf 77' lang='lat' dir='ltr'><strong>repraesentabant</strong></span> <span class='ocrx_word' id='word_1_12' title='bbox 880 310 1026 349; x_wconf 77' lang='lat' dir='ltr'>librum</span> <span class='ocrx_word' id='word_1_13' title='bbox 1055 309 1096 348; x_wconf 90' lang='lat' dir='ltr'>in</span> <span class='ocrx_word' id='word_1_14' title='bbox 1130 309 1207 348; x_wconf 91' lang='lat' dir='ltr'>duo</span> <span class='ocrx_word' id='word_1_15' title='bbox 1238 308 1442 348; x_wconf 90' lang='lat' dir='ltr'>volumina</span> <span class='ocrx_word' id='word_1_16' title='bbox 1468 308 1531 348; x_wconf 88' lang='lat' dir='ltr'>di-</span> 
     </span>
     <span class='ocr_line' id='line_1_3' title="bbox 92 364 1529 418; baseline -0.003 -12"><span class='ocrx_word' id='word_1_17' title='bbox 92 365 239 416; x_wconf 90' lang='lat' dir='ltr'>visum)</span> <span class='ocrx_word' id='word_1_18' title='bbox 269 366 418 418; x_wconf 87' lang='lat' dir='ltr'>primus</span> <span class='ocrx_word' id='word_1_19' title='bbox 460 367 744 418; x_wconf 87' lang='lat' dir='ltr'>imperatorum</span> <span class='ocrx_word' id='word_1_20' title='bbox 774 365 1121 414; x_wconf 75' lang='lat' dir='ltr'>renuntiationem,</span> <span class='ocrx_word' id='word_1_21' title='bbox 1159 364 1376 416; x_wconf 84' lang='lat' dir='ltr'>vigesimus</span> <span class='ocrx_word' id='word_1_22' title='bbox 1403 364 1529 416; x_wconf 88' lang='lat' dir='ltr'>septi-</span> 
     </span>
     <span class='ocr_line' id='line_1_4' title="bbox 90 419 1531 474; baseline -0.001 -14"><span class='ocrx_word' id='word_1_23' title='bbox 90 433 177 460; x_wconf 89' lang='lat' dir='ltr'>mus</span> <span class='ocrx_word' id='word_1_24' title='bbox 207 422 448 473; x_wconf 85' lang='lat' dir='ltr'>legationes,</span> <span class='ocrx_word' id='word_1_25' title='bbox 475 421 828 474; x_wconf 87' lang='lat' dir='ltr'>quinquagesimus</span> <span class='ocrx_word' id='word_1_26' title='bbox 858 419 1027 459; x_wconf 89' lang='lat' dir='ltr'>virtutes</span> <span class='ocrx_word' id='word_1_27' title='bbox 1059 424 1099 458; x_wconf 88' lang='lat' dir='ltr'>et</span> <span class='ocrx_word' id='word_1_28' title='bbox 1117 419 1218 459; x_wconf 90' lang='lat' dir='ltr'>vitia</span> <span class='ocrx_word' id='word_1_29' title='bbox 1246 430 1531 458; x_wconf 86' lang='lat' dir='ltr'>commemora-</span> 
     </span>
     <span class='ocr_line' id='line_1_5' title="bbox 92 473 1530 528; baseline -0.003 -12"><span class='ocrx_word' id='word_1_30' title='bbox 92 476 161 516; x_wconf 80' lang='lat' dir='ltr'>vit.</span> <span class='ocrx_word' id='word_1_31' title='bbox 219 476 290 516; x_wconf 89' lang='lat' dir='ltr'>sed</span> <span class='ocrx_word' id='word_1_32' title='bbox 322 488 450 528; x_wconf 91' lang='lat' dir='ltr'>neque</span> <span class='ocrx_word' id='word_1_33' title='bbox 482 477 574 516; x_wconf 89' lang='lat' dir='ltr'>huic</span> <span class='ocrx_word' id='word_1_34' title='bbox 603 476 768 515; x_wconf 89' lang='lat' dir='ltr'>consilio</span> <span class='ocrx_word' id='word_1_35' title='bbox 786 506 796 525; x_wconf 92' lang='lat'>,</span> <span class='ocrx_word' id='word_1_36' title='bbox 827 486 904 527; x_wconf 86' lang='lat' dir='ltr'>quo</span> <span class='ocrx_word' id='word_1_37' title='bbox 935 473 1312 526; x_wconf 79' lang='lat' dir='ltr'>Porphyrogenitus</span> <span class='ocrx_word' id='word_1_38' title='bbox 1345 475 1530 526; x_wconf 77' lang='lat' dir='ltr'>praecla-</span> 
     </span>
     <span class='ocr_line' id='line_1_6' title="bbox 89 529 1530 580; baseline -0.002 -10"><span class='ocrx_word' id='word_1_39' title='bbox 89 542 176 570; x_wconf 89' lang='lat' dir='ltr'>rum</span> <span class='ocrx_word' id='word_1_40' title='bbox 202 530 244 570; x_wconf 85' lang='lat' dir='ltr'>in</span> <span class='ocrx_word' id='word_1_41' title='bbox 271 531 428 570; x_wconf 91' lang='lat' dir='ltr'>modum</span> <span class='ocrx_word' id='word_1_42' title='bbox 457 531 508 570; x_wconf 92' lang='lat' dir='ltr'>de</span> <span class='ocrx_word' id='word_1_43' title='bbox 528 531 661 570; x_wconf 90' lang='lat' dir='ltr'>literis</span> <span class='ocrx_word' id='word_1_44' title='bbox 689 529 834 570; x_wconf 91' lang='lat' dir='ltr'>mereri</span> <span class='ocrx_word' id='word_1_45' title='bbox 863 529 1143 577; x_wconf 79' lang='lat' dir='ltr'>contendebat,</span> <span class='ocrx_word' id='word_1_46' title='bbox 1173 529 1382 580; x_wconf 79' lang='lat' dir='ltr'>respondit</span> <span class='ocrx_word' id='word_1_47' title='bbox 1409 541 1530 568; x_wconf 87' lang='lat' dir='ltr'>even-</span> 
     </span>
     <span class='ocr_line' id='line_1_7' title="bbox 90 583 1530 638; baseline -0.001 -14"><span class='ocrx_word' id='word_1_48' title='bbox 90 589 187 626; x_wconf 70' lang='lat' dir='ltr'>tusz·</span> <span class='ocrx_word' id='word_1_49' title='bbox 207 586 352 638; x_wconf 87' lang='lat' dir='ltr'>quippe</span> <span class='ocrx_word' id='word_1_50' title='bbox 380 590 642 638; x_wconf 78' lang='lat' dir='ltr'>posteaquam</span> <span class='ocrx_word' id='word_1_51' title='bbox 666 585 763 624; x_wconf 94' lang='lat' dir='ltr'>illud</span> <span class='ocrx_word' id='word_1_52' title='bbox 791 584 1079 636; x_wconf 85' lang='lat' dir='ltr'>pandectarum</span> <span class='ocrx_word' id='word_1_53' title='bbox 1110 583 1398 623; x_wconf 84' lang='lat' dir='ltr'>Historicarum</span> <span class='ocrx_word' id='word_1_54' title='bbox 1429 596 1530 636; x_wconf 83' lang='lat' dir='ltr'>opus</span> 
     </span>
     <span class='ocr_line' id='line_1_8' title="bbox 89 639 1529 694; baseline -0.001 -15"><span class='ocrx_word' id='word_1_55' title='bbox 89 641 216 680; x_wconf 85' lang='lat' dir='ltr'>solum</span> <span class='ocrx_word' id='word_1_56' title='bbox 238 653 265 680; x_wconf 90' lang='lat' dir='ltr'>a</span> <span class='ocrx_word' id='word_1_57' title='bbox 283 641 484 694; x_wconf 85' lang='lat' dir='ltr'>plerisque</span> <span class='ocrx_word' id='word_1_58' title='bbox 509 641 734 693; x_wconf 86' lang='lat' dir='ltr'>legebatur,</span> <span class='ocrx_word' id='word_1_59' title='bbox 755 640 1002 680; x_wconf 89' lang='lat' dir='ltr'>Graecorum</span> <span class='ocrx_word' id='word_1_60' title='bbox 1030 642 1215 678; x_wconf 85' lang='lat' dir='ltr'>auctores</span> <span class='ocrx_word' id='word_1_61' title='bbox 1235 639 1529 691; x_wconf 84' lang='lat' dir='ltr'>quamplurimi,</span> 
     </span>
     <span class='ocr_line' id='line_1_9' title="bbox 88 693 1529 747; baseline -0.001 -14"><span class='ocrx_word' id='word_1_62' title='bbox 88 706 141 734; x_wconf 83' lang='lat' dir='ltr'>ex</span> <span class='ocrx_word' id='word_1_63' title='bbox 158 695 300 747; x_wconf 89' lang='lat' dir='ltr'>quibus</span> <span class='ocrx_word' id='word_1_64' title='bbox 318 696 417 735; x_wconf 91' lang='lat' dir='ltr'>illud</span> <span class='ocrx_word' id='word_1_65' title='bbox 440 699 530 735; x_wconf 84' lang='lat' dir='ltr'>erat</span> <span class='ocrx_word' id='word_1_66' title='bbox 547 695 820 746; x_wconf 86' lang='lat' dir='ltr'>compositum,</span> <span class='ocrx_word' id='word_1_67' title='bbox 842 693 1027 746; x_wconf 83' lang='lat' dir='ltr'>neglecti,</span> <span class='ocrx_word' id='word_1_68' title='bbox 1062 706 1150 733; x_wconf 92' lang='lat' dir='ltr'>cum</span> <span class='ocrx_word' id='word_1_69' title='bbox 1168 706 1248 733; x_wconf 88' lang='lat' dir='ltr'>non</span> <span class='ocrx_word' id='word_1_70' title='bbox 1269 693 1439 745; x_wconf 89' lang='lat' dir='ltr'>amplius</span> <span class='ocrx_word' id='word_1_71' title='bbox 1459 694 1529 732; x_wconf 89' lang='lat' dir='ltr'>de-</span> 
     </span>
     <span class='ocr_line' id='line_1_10' title="bbox 87 749 1530 802; baseline -0.001 -14"><span class='ocrx_word' id='word_1_72' title='bbox 87 750 370 802; x_wconf 85' lang='lat' dir='ltr'>scriberentur,</span> <span class='ocrx_word' id='word_1_73' title='bbox 388 751 547 790; x_wconf 91' lang='lat' dir='ltr'>tandem</span> <span class='ocrx_word' id='word_1_74' title='bbox 561 750 800 790; x_wconf 90' lang='lat' dir='ltr'>interierunt</span> <span class='ocrx_word' id='word_1_75' title='bbox 815 762 896 788; x_wconf 90' lang='lat' dir='ltr'>non</span> <span class='ocrx_word' id='word_1_76' title='bbox 914 749 1065 801; x_wconf 83' lang='lat' dir='ltr'>absque</span> <span class='ocrx_word' id='word_1_77' title='bbox 1082 761 1230 801; x_wconf 90' lang='lat' dir='ltr'>magno</span> <span class='ocrx_word' id='word_1_78' title='bbox 1243 749 1302 788; x_wconf 90' lang='lat' dir='ltr'>rei</span> <span class='ocrx_word' id='word_1_79' title='bbox 1320 749 1530 788; x_wconf 88' lang='lat' dir='ltr'>literariae</span> 
     </span>
     <span class='ocr_line' id='line_1_11' title="bbox 88 803 1530 857; baseline -0.001 -14"><span class='ocrx_word' id='word_1_80' title='bbox 88 804 339 846; x_wconf 86' lang='lat' dir='ltr'>detrimento.</span> <span class='ocrx_word' id='word_1_81' title='bbox 369 805 465 857; x_wconf 87' lang='lat' dir='ltr'>quin</span> <span class='ocrx_word' id='word_1_82' title='bbox 483 805 582 844; x_wconf 89' lang='lat' dir='ltr'>baec</span> <span class='ocrx_word' id='word_1_83' title='bbox 603 805 692 856; x_wconf 90' lang='lat' dir='ltr'>ipsa</span> <span class='ocrx_word' id='word_1_84' title='bbox 708 804 1047 856; x_wconf 73' lang='lat' dir='ltr'>porphyrogeniti</span> <span class='ocrx_word' id='word_1_85' title='bbox 1064 804 1175 843; x_wconf 89' lang='lat' dir='ltr'>iussu</span> <span class='ocrx_word' id='word_1_86' title='bbox 1194 803 1433 843; x_wconf 89' lang='lat' dir='ltr'>concinnata</span> <span class='ocrx_word' id='word_1_87' title='bbox 1458 804 1530 843; x_wconf 87' lang='lat' dir='ltr'>mi·</span> 
     </span>
     <span class='ocr_line' id='line_1_12' title="bbox 89 859 1529 912; baseline 0 -14"><span class='ocrx_word' id='word_1_88' title='bbox 89 859 295 899; x_wconf 88' lang='lat' dir='ltr'>scellanea</span> <span class='ocrx_word' id='word_1_89' title='bbox 324 859 441 899; x_wconf 90' lang='lat' dir='ltr'>modo</span> <span class='ocrx_word' id='word_1_90' title='bbox 461 872 541 899; x_wconf 89' lang='lat' dir='ltr'>non</span> <span class='ocrx_word' id='word_1_91' title='bbox 569 860 703 900; x_wconf 88' lang='lat' dir='ltr'>omnia</span> <span class='ocrx_word' id='word_1_92' title='bbox 722 860 942 912; x_wconf 86' lang='lat' dir='ltr'>perierunt,</span> <span class='ocrx_word' id='word_1_93' title='bbox 973 871 1024 899; x_wconf 87' lang='lat' dir='ltr'>ex</span> <span class='ocrx_word' id='word_1_94' title='bbox 1046 859 1187 911; x_wconf 91' lang='lat' dir='ltr'>quibus</span> <span class='ocrx_word' id='word_1_95' title='bbox 1217 859 1344 898; x_wconf 89' lang='lat' dir='ltr'>libros</span> <span class='ocrx_word' id='word_1_96' title='bbox 1375 863 1529 898; x_wconf 90' lang='lat' dir='ltr'>tantum</span> 
     </span>
     <span class='ocr_line' id='line_1_13' title="bbox 87 912 1529 967; baseline 0 -15"><span class='ocrx_word' id='word_1_97' title='bbox 87 912 200 964; x_wconf 86' lang='lat' dir='ltr'>duos,</span> <span class='ocrx_word' id='word_1_98' title='bbox 229 914 461 967; x_wconf 89' lang='lat' dir='ltr'>vigesimum</span> <span class='ocrx_word' id='word_1_99' title='bbox 491 915 698 966; x_wconf 86' lang='lat' dir='ltr'>septimum</span> <span class='ocrx_word' id='word_1_100' title='bbox 726 915 1069 966; x_wconf 83' lang='lat' dir='ltr'>delegationibus</span> <span class='ocrx_word' id='word_1_101' title='bbox 1091 918 1131 953; x_wconf 91' lang='lat' dir='ltr'>et</span> <span class='ocrx_word' id='word_1_102' title='bbox 1159 913 1529 967; x_wconf 85' lang='lat' dir='ltr'>quinquagesimum</span> 
     </span>
     <span class='ocr_line' id='line_1_14' title="bbox 89 967 1529 1022; baseline -0.001 -14"><span class='ocrx_word' id='word_1_103' title='bbox 89 967 141 1008; x_wconf 87' lang='lat' dir='ltr'>de</span> <span class='ocrx_word' id='word_1_104' title='bbox 166 969 380 1009; x_wconf 89' lang='lat' dir='ltr'>virtutibus</span> <span class='ocrx_word' id='word_1_105' title='bbox 407 973 448 1008; x_wconf 90' lang='lat' dir='ltr'>et</span> <span class='ocrx_word' id='word_1_106' title='bbox 466 969 598 1020; x_wconf 91' lang='lat' dir='ltr'>vitiis,</span> <span class='ocrx_word' id='word_1_107' title='bbox 625 970 772 1009; x_wconf 88' lang='lat' dir='ltr'>iniuria</span> <span class='ocrx_word' id='word_1_108' title='bbox 801 974 1021 1021; x_wconf 88' lang='lat' dir='ltr'>temporum</span> <span class='ocrx_word' id='word_1_109' title='bbox 1049 969 1213 1022; x_wconf 88' lang='lat' dir='ltr'>reliquit</span> <span class='ocrx_word' id='word_1_110' title='bbox 1239 969 1354 1008; x_wconf 90' lang='lat' dir='ltr'>nobis</span> <span class='ocrx_word' id='word_1_111' title='bbox 1387 981 1529 1020; x_wconf 84' lang='lat' dir='ltr'>super-</span> 
     </span>
     <span class='ocr_line' id='line_1_15' title="bbox 88 1023 1528 1077; baseline -0.001 -14"><span class='ocrx_word' id='word_1_112' title='bbox 88 1023 223 1064; x_wconf 82' lang='lat' dir='ltr'>stites:</span> <span class='ocrx_word' id='word_1_113' title='bbox 251 1024 364 1064; x_wconf 91' lang='lat' dir='ltr'>illum</span> <span class='ocrx_word' id='word_1_114' title='bbox 406 1024 565 1077; x_wconf 89' lang='lat' dir='ltr'>quidem</span> <span class='ocrx_word' id='word_1_115' title='bbox 594 1025 741 1076; x_wconf 85' lang='lat' dir='ltr'>partim</span> <span class='ocrx_word' id='word_1_116' title='bbox 770 1025 936 1064; x_wconf 85' lang='lat' dir='ltr'>Fulvius</span> <span class='ocrx_word' id='word_1_117' title='bbox 967 1024 1147 1075; x_wconf 89' lang='lat' dir='ltr'>Ursinus,</span> <span class='ocrx_word' id='word_1_118' title='bbox 1176 1024 1323 1076; x_wconf 88' lang='lat' dir='ltr'>partim</span> <span class='ocrx_word' id='word_1_119' title='bbox 1352 1024 1528 1064; x_wconf 88' lang='lat' dir='ltr'>Davides</span> 
     </span>
     <span class='ocr_line' id='line_1_16' title="bbox 87 1078 1529 1129; baseline 0.001 -12"><span class='ocrx_word' id='word_1_120' title='bbox 87 1078 360 1129; x_wconf 82' lang='lat' dir='ltr'>Hoeschelius,</span> <span class='ocrx_word' id='word_1_121' title='bbox 389 1079 494 1119; x_wconf 92' lang='lat' dir='ltr'>hunc</span> <span class='ocrx_word' id='word_1_122' title='bbox 523 1091 620 1119; x_wconf 90' lang='lat' dir='ltr'>vero</span> <span class='ocrx_word' id='word_1_123' title='bbox 641 1079 796 1119; x_wconf 88' lang='lat' dir='ltr'>Nicolai</span> <span class='ocrx_word' id='word_1_124' title='bbox 813 1079 988 1119; x_wconf 80' lang='lat' dir='ltr'>Fabricii</span> <span class='ocrx_word' id='word_1_125' title='bbox 1004 1079 1192 1119; x_wconf 86' lang='lat' dir='ltr'>Peirescii</span> <span class='ocrx_word' id='word_1_126' title='bbox 1224 1079 1412 1119; x_wconf 82' lang='lat' dir='ltr'>beneficio</span> <span class='ocrx_word' id='word_1_127' title='bbox 1442 1091 1529 1118; x_wconf 88' lang='lat' dir='ltr'>ser-</span> 
     </span>
     <span class='ocr_line' id='line_1_17' title="bbox 87 1133 1528 1186; baseline 0 -13"><span class='ocrx_word' id='word_1_128' title='bbox 87 1137 223 1173; x_wconf 82' lang='lat' dir='ltr'>vatum</span> <span class='ocrx_word' id='word_1_129' title='bbox 250 1134 445 1174; x_wconf 80' lang='lat' dir='ltr'>Henricus</span> <span class='ocrx_word' id='word_1_130' title='bbox 472 1134 681 1184; x_wconf 82' lang='lat' dir='ltr'>Valesius,</span> <span class='ocrx_word' id='word_1_131' title='bbox 715 1134 766 1173; x_wconf 87' lang='lat' dir='ltr'>iis</span> <span class='ocrx_word' id='word_1_132' title='bbox 796 1134 997 1186; x_wconf 85' lang='lat' dir='ltr'>excerptis</span> <span class='ocrx_word' id='word_1_133' title='bbox 1036 1133 1193 1173; x_wconf 89' lang='lat' dir='ltr'>omissis</span> <span class='ocrx_word' id='word_1_134' title='bbox 1235 1146 1338 1186; x_wconf 89' lang='lat' dir='ltr'>quae</span> <span class='ocrx_word' id='word_1_135' title='bbox 1375 1134 1455 1174; x_wconf 85' lang='lat' dir='ltr'>iam</span> <span class='ocrx_word' id='word_1_136' title='bbox 1487 1134 1528 1174; x_wconf 90' lang='lat' dir='ltr'>in</span> 
     </span>
     <span class='ocr_line' id='line_1_18' title="bbox 85 1188 1527 1241; baseline 0 -13"><span class='ocrx_word' id='word_1_137' title='bbox 85 1192 293 1228; x_wconf 79' lang='lat' dir='ltr'>auctorum</span> <span class='ocrx_word' id='word_1_138' title='bbox 317 1189 506 1241; x_wconf 87' lang='lat' dir='ltr'>operibus</span> <span class='ocrx_word' id='word_1_139' title='bbox 534 1189 752 1240; x_wconf 86' lang='lat' dir='ltr'>separatim</span> <span class='ocrx_word' id='word_1_140' title='bbox 782 1189 938 1228; x_wconf 90' lang='lat' dir='ltr'>emissis</span> <span class='ocrx_word' id='word_1_141' title='bbox 957 1188 1275 1240; x_wconf 82' lang='lat' dir='ltr'>reperiebantur,</span> <span class='ocrx_word' id='word_1_142' title='bbox 1305 1188 1527 1229; x_wconf 82' lang='lat' dir='ltr'>ediderunt.</span> 
     </span>
     <span class='ocr_line' id='line_1_19' title="bbox 90 1243 1530 1296; baseline 0.002 -15"><span class='ocrx_word' id='word_1_143' title='bbox 90 1254 142 1282; x_wconf 87' lang='lat' dir='ltr'>ex</span> <span class='ocrx_word' id='word_1_144' title='bbox 171 1243 288 1283; x_wconf 88' lang='lat' dir='ltr'>libris</span> <span class='ocrx_word' id='word_1_145' title='bbox 310 1248 441 1284; x_wconf 78' lang='lat' dir='ltr'>autem</span> <span class='ocrx_word' id='word_1_146' title='bbox 470 1256 568 1296; x_wconf 89' lang='lat' dir='ltr'>quos</span> <span class='ocrx_word' id='word_1_147' title='bbox 583 1243 870 1284; x_wconf 84' lang='lat' dir='ltr'>Constantinus</span> <span class='ocrx_word' id='word_1_148' title='bbox 890 1244 977 1296; x_wconf 89' lang='lat' dir='ltr'>ipse</span> <span class='ocrx_word' id='word_1_149' title='bbox 997 1244 1235 1295; x_wconf 85' lang='lat' dir='ltr'>conscripsit</span> <span class='ocrx_word' id='word_1_150' title='bbox 1266 1245 1402 1295; x_wconf 88' lang='lat' dir='ltr'>plures</span> <span class='ocrx_word' id='word_1_151' title='bbox 1432 1244 1530 1284; x_wconf 82' lang='lat' dir='ltr'>editi</span> 
     </span>
     <span class='ocr_line' id='line_1_20' title="bbox 83 1296 1528 1351; baseline 0.001 -14"><span class='ocrx_word' id='word_1_152' title='bbox 83 1296 297 1347; x_wconf 86' lang='lat' dir='ltr'>habentur,</span> <span class='ocrx_word' id='word_1_153' title='bbox 327 1309 492 1351; x_wconf 88' lang='lat' dir='ltr'>quorum</span> <span class='ocrx_word' id='word_1_154' title='bbox 524 1299 678 1351; x_wconf 83' lang='lat' dir='ltr'>aliquot</span> <span class='ocrx_word' id='word_1_155' title='bbox 703 1298 744 1337; x_wconf 89' lang='lat' dir='ltr'>in</span> <span class='ocrx_word' id='word_1_156' title='bbox 770 1311 888 1338; x_wconf 91' lang='lat' dir='ltr'>unum</span> <span class='ocrx_word' id='word_1_157' title='bbox 917 1299 1105 1338; x_wconf 91' lang='lat' dir='ltr'>volumen</span> <span class='ocrx_word' id='word_1_158' title='bbox 1134 1300 1336 1351; x_wconf 78' lang='lat' dir='ltr'>compegit</span> <span class='ocrx_word' id='word_1_159' title='bbox 1356 1300 1528 1340; x_wconf 85' lang='lat' dir='ltr'>loannes</span> 
     </span>
     <span class='ocr_line' id='line_1_21' title="bbox 83 1352 1527 1403; baseline 0.001 -11"><span class='ocrx_word' id='word_1_160' title='bbox 83 1352 295 1403; x_wconf 85' lang='lat' dir='ltr'>Meursius,</span> <span class='ocrx_word' id='word_1_161' title='bbox 324 1354 504 1392; x_wconf 87' lang='lat' dir='ltr'>nimirum</span> <span class='ocrx_word' id='word_1_162' title='bbox 534 1353 659 1392; x_wconf 90' lang='lat' dir='ltr'>libros</span> <span class='ocrx_word' id='word_1_163' title='bbox 688 1353 787 1393; x_wconf 89' lang='lat' dir='ltr'>duos</span> <span class='ocrx_word' id='word_1_164' title='bbox 815 1353 865 1392; x_wconf 89' lang='lat' dir='ltr'>de</span> <span class='ocrx_word' id='word_1_165' title='bbox 892 1353 1135 1393; x_wconf 86' lang='lat' dir='ltr'>thematibus</span> <span class='ocrx_word' id='word_1_166' title='bbox 1167 1354 1343 1393; x_wconf 87' lang='lat' dir='ltr'>Orientis</span> <span class='ocrx_word' id='word_1_167' title='bbox 1379 1359 1419 1393; x_wconf 90' lang='lat' dir='ltr'>et</span> <span class='ocrx_word' id='word_1_168' title='bbox 1447 1356 1527 1393; x_wconf 78' lang='lat' dir='ltr'>Oc·-</span> 
     </span>
     <span class='ocr_line' id='line_1_22' title="bbox 82 1407 1526 1460; baseline 0.001 -14"><span class='ocrx_word' id='word_1_169' title='bbox 82 1407 263 1460; x_wconf 66' lang='lat' dir='ltr'>cidenas,</span> <span class='ocrx_word' id='word_1_170' title='bbox 291 1408 436 1447; x_wconf 88' lang='lat' dir='ltr'>librum</span> <span class='ocrx_word' id='word_1_171' title='bbox 463 1408 512 1447; x_wconf 91' lang='lat' dir='ltr'>de</span> <span class='ocrx_word' id='word_1_172' title='bbox 545 1408 865 1448; x_wconf 84' lang='lat' dir='ltr'>administrando</span> <span class='ocrx_word' id='word_1_173' title='bbox 894 1408 1083 1460; x_wconf 90' lang='lat' dir='ltr'>imperio,</span> <span class='ocrx_word' id='word_1_174' title='bbox 1113 1409 1300 1448; x_wconf 80' lang='lat' dir='ltr'>novellas</span> <span class='ocrx_word' id='word_1_175' title='bbox 1329 1410 1526 1449; x_wconf 86' lang='lat' dir='ltr'>constitu-</span> 
     </span>
     <span class='ocr_line' id='line_1_23' title="bbox 81 1461 1526 1516; baseline 0.001 -14"><span class='ocrx_word' id='word_1_176' title='bbox 81 1461 212 1502; x_wconf 81' lang='lat' dir='ltr'>tiones</span> <span class='ocrx_word' id='word_1_177' title='bbox 241 1463 420 1516; x_wconf 88' lang='lat' dir='ltr'>aliquot,</span> <span class='ocrx_word' id='word_1_178' title='bbox 448 1475 600 1502; x_wconf 89' lang='lat' dir='ltr'>necnon</span> <span class='ocrx_word' id='word_1_179' title='bbox 630 1465 901 1515; x_wconf 83' lang='lat' dir='ltr'>fragmentum</span> <span class='ocrx_word' id='word_1_180' title='bbox 942 1476 995 1504; x_wconf 85' lang='lat' dir='ltr'>ex</span> <span class='ocrx_word' id='word_1_181' title='bbox 1024 1475 1147 1515; x_wconf 85' lang='lat' dir='ltr'>opere</span> <span class='ocrx_word' id='word_1_182' title='bbox 1176 1463 1321 1503; x_wconf 87' lang='lat' dir='ltr'>tactico</span> <span class='ocrx_word' id='word_1_183' title='bbox 1349 1464 1526 1504; x_wconf 80' lang='lat' dir='ltr'>eiusdem</span> 
     </span>
     <span class='ocr_line' id='line_1_24' title="bbox 79 1515 1524 1571; baseline 0.001 -14"><span class='ocrx_word' id='word_1_184' title='bbox 79 1515 356 1558; x_wconf 79' lang='lat' dir='ltr'>Constantini:</span> <span class='ocrx_word' id='word_1_185' title='bbox 398 1518 468 1557; x_wconf 90' lang='lat' dir='ltr'>sed</span> <span class='ocrx_word' id='word_1_186' title='bbox 500 1518 576 1557; x_wconf 90' lang='lat' dir='ltr'>hoc</span> <span class='ocrx_word' id='word_1_187' title='bbox 605 1518 762 1570; x_wconf 89' lang='lat' dir='ltr'>quidem</span> <span class='ocrx_word' id='word_1_188' title='bbox 806 1531 906 1570; x_wconf 91' lang='lat' dir='ltr'>opus</span> <span class='ocrx_word' id='word_1_189' title='bbox 937 1518 1126 1558; x_wconf 88' lang='lat' dir='ltr'>tacticum</span> <span class='ocrx_word' id='word_1_190' title='bbox 1156 1518 1356 1571; x_wconf 87' lang='lat' dir='ltr'>integrum</span> <span class='ocrx_word' id='word_1_191' title='bbox 1387 1523 1427 1558; x_wconf 91' lang='lat' dir='ltr'>et</span> <span class='ocrx_word' id='word_1_192' title='bbox 1452 1520 1524 1559; x_wconf 92' lang='lat' dir='ltr'>ab-</span> 
     </span>
     <span class='ocr_line' id='line_1_25' title="bbox 75 1572 1524 1614; baseline 0.001 -2"><span class='ocrx_word' id='word_1_193' title='bbox 75 1572 247 1612; x_wconf 85' lang='lat' dir='ltr'>solutum</span> <span class='ocrx_word' id='word_1_194' title='bbox 276 1576 390 1613; x_wconf 85' lang='lat' dir='ltr'>extat</span> <span class='ocrx_word' id='word_1_195' title='bbox 420 1585 478 1612; x_wconf 89' lang='lat' dir='ltr'>ms</span> <span class='ocrx_word' id='word_1_196' title='bbox 517 1572 556 1612; x_wconf 93' lang='lat' dir='ltr'>in</span> <span class='ocrx_word' id='word_1_197' title='bbox 590 1572 840 1613; x_wconf 84' lang='lat' dir='ltr'>Bibliotheca</span> <span class='ocrx_word' id='word_1_198' title='bbox 868 1573 1129 1614; x_wconf 85' lang='lat' dir='ltr'>Coisliniana.</span> <span class='ocrx_word' id='word_1_199' title='bbox 1186 1573 1387 1614; x_wconf 86' lang='lat' dir='ltr'>habentur</span> <span class='ocrx_word' id='word_1_200' title='bbox 1414 1574 1524 1614; x_wconf 83' lang='lat' dir='ltr'>insu-</span> 
     </span>
     <span class='ocr_line' id='line_1_26' title="bbox 78 1627 1523 1681; baseline 0.001 -14"><span class='ocrx_word' id='word_1_201' title='bbox 78 1638 152 1679; x_wconf 85' lang='lat' dir='ltr'>per</span> <span class='ocrx_word' id='word_1_202' title='bbox 191 1627 347 1680; x_wconf 86' lang='lat' dir='ltr'>aliquot</span> <span class='ocrx_word' id='word_1_203' title='bbox 390 1627 474 1668; x_wconf 91' lang='lat' dir='ltr'>alia</span> <span class='ocrx_word' id='word_1_204' title='bbox 511 1629 704 1679; x_wconf 90' lang='lat' dir='ltr'>opuscula</span> <span class='ocrx_word' id='word_1_205' title='bbox 753 1628 927 1668; x_wconf 88' lang='lat' dir='ltr'>eiusdem</span> <span class='ocrx_word' id='word_1_206' title='bbox 970 1628 1309 1681; x_wconf 80' lang='lat' dir='ltr'>Porphyrogeniti</span> <span class='ocrx_word' id='word_1_207' title='bbox 1354 1630 1523 1670; x_wconf 87' lang='lat' dir='ltr'>seorsim</span> 
     </span>
     <span class='ocr_line' id='line_1_27' title="bbox 76 1682 1523 1736; baseline 0.002 -14"><span class='ocrx_word' id='word_1_208' title='bbox 76 1682 212 1734; x_wconf 83' lang='lat' dir='ltr'>edita,</span> <span class='ocrx_word' id='word_1_209' title='bbox 239 1686 360 1736; x_wconf 84' lang='lat' dir='ltr'>atque</span> <span class='ocrx_word' id='word_1_210' title='bbox 386 1682 428 1722; x_wconf 90' lang='lat' dir='ltr'>in</span> <span class='ocrx_word' id='word_1_211' title='bbox 456 1683 597 1735; x_wconf 91' lang='lat' dir='ltr'>primis</span> <span class='ocrx_word' id='word_1_212' title='bbox 633 1683 720 1723; x_wconf 85' lang='lat' dir='ltr'>vita</span> <span class='ocrx_word' id='word_1_213' title='bbox 749 1682 891 1723; x_wconf 87' lang='lat' dir='ltr'>Basilii</span> <span class='ocrx_word' id='word_1_214' title='bbox 922 1684 990 1724; x_wconf 89' lang='lat' dir='ltr'>avi</span> <span class='ocrx_word' id='word_1_215' title='bbox 1028 1684 1287 1736; x_wconf 87' lang='lat' dir='ltr'>imperatoris</span> <span class='ocrx_word' id='word_1_216' title='bbox 1317 1685 1523 1736; x_wconf 84' lang='lat' dir='ltr'>publicata</span> 
     </span>
     <span class='ocr_line' id='line_1_28' title="bbox 75 1737 1520 1791; baseline 0.001 -14"><span class='ocrx_word' id='word_1_217' title='bbox 75 1737 243 1788; x_wconf 82' lang='lat' dir='ltr'>primum</span> <span class='ocrx_word' id='word_1_218' title='bbox 267 1750 294 1778; x_wconf 89' lang='lat' dir='ltr'>a</span> <span class='ocrx_word' id='word_1_219' title='bbox 318 1738 454 1777; x_wconf 83' lang='lat' dir='ltr'>Leone</span> <span class='ocrx_word' id='word_1_220' title='bbox 482 1738 649 1788; x_wconf 88' lang='lat' dir='ltr'>Allatio,</span> <span class='ocrx_word' id='word_1_221' title='bbox 678 1738 822 1778; x_wconf 86' lang='lat' dir='ltr'>deinde</span> <span class='ocrx_word' id='word_1_222' title='bbox 851 1751 876 1779; x_wconf 90' lang='lat' dir='ltr'>a</span> <span class='ocrx_word' id='word_1_223' title='bbox 904 1738 1156 1790; x_wconf 86' lang='lat' dir='ltr'>Combeflsio,</span> <span class='ocrx_word' id='word_1_224' title='bbox 1187 1739 1254 1791; x_wconf 87' lang='lat' dir='ltr'>qui</span> <span class='ocrx_word' id='word_1_225' title='bbox 1284 1743 1324 1778; x_wconf 89' lang='lat' dir='ltr'>et</span> <span class='ocrx_word' id='word_1_226' title='bbox 1356 1740 1440 1779; x_wconf 90' lang='lat' dir='ltr'>eius</span> <span class='ocrx_word' id='word_1_227' title='bbox 1471 1740 1520 1779; x_wconf 90' lang='lat' dir='ltr'>de</span> 
     </span>
     <span class='ocr_line' id='line_1_29' title="bbox 76 1791 1520 1845; baseline 0.003 -14"><span class='ocrx_word' id='word_1_228' title='bbox 76 1791 252 1845; x_wconf 79' lang='lat' dir='ltr'>imagine</span> <span class='ocrx_word' id='word_1_229' title='bbox 282 1791 491 1832; x_wconf 83' lang='lat' dir='ltr'>Edessena</span> <span class='ocrx_word' id='word_1_230' title='bbox 533 1793 808 1832; x_wconf 80' lang='lat' dir='ltr'>narrationem</span> <span class='ocrx_word' id='word_1_231' title='bbox 845 1794 1001 1845; x_wconf 87' lang='lat' dir='ltr'>pariter</span> <span class='ocrx_word' id='word_1_232' title='bbox 1029 1794 1153 1833; x_wconf 88' lang='lat' dir='ltr'>edidit</span> <span class='ocrx_word' id='word_1_233' title='bbox 1182 1794 1340 1834; x_wconf 86' lang='lat' dir='ltr'>Graece</span> <span class='ocrx_word' id='word_1_234' title='bbox 1371 1799 1412 1834; x_wconf 91' lang='lat' dir='ltr'>et</span> <span class='ocrx_word' id='word_1_235' title='bbox 1441 1796 1520 1835; x_wconf 85' lang='lat' dir='ltr'>La·-</span> 
     </span>
     <span class='ocr_line' id='line_1_30' title="bbox 73 1846 1518 1900; baseline 0.003 -15"><span class='ocrx_word' id='word_1_236' title='bbox 73 1846 169 1896; x_wconf 84' lang='lat' dir='ltr'>tine,</span> <span class='ocrx_word' id='word_1_237' title='bbox 199 1851 244 1886; x_wconf 88' lang='lat' dir='ltr'>ut</span> <span class='ocrx_word' id='word_1_238' title='bbox 275 1850 316 1886; x_wconf 85' lang='lat' dir='ltr'>et</span> <span class='ocrx_word' id='word_1_239' title='bbox 343 1847 532 1896; x_wconf 79' lang='lat' dir='ltr'>anonymi</span> <span class='ocrx_word' id='word_1_240' title='bbox 562 1847 770 1887; x_wconf 89' lang='lat' dir='ltr'>historiam</span> <span class='ocrx_word' id='word_1_241' title='bbox 814 1848 931 1888; x_wconf 90' lang='lat' dir='ltr'>libris</span> <span class='ocrx_word' id='word_1_242' title='bbox 959 1851 986 1888; x_wconf 87' lang='grc'>4</span> <span class='ocrx_word' id='word_1_243' title='bbox 1028 1849 1355 1900; x_wconf 83' lang='lat' dir='ltr'>comprehensam</span> <span class='ocrx_word' id='word_1_244' title='bbox 1386 1863 1412 1890; x_wconf 87' lang='lat' dir='ltr'>a</span> <span class='ocrx_word' id='word_1_245' title='bbox 1440 1851 1518 1890; x_wconf 87' lang='lat' dir='ltr'>Mi-</span> 
     </span>
     <span class='ocr_line' id='line_1_31' title="bbox 75 1901 1516 1957; baseline 0.003 -17"><span class='ocrx_word' id='word_1_246' title='bbox 75 1901 217 1942; x_wconf 71' lang='lat' dir='ltr'>chaele</span> <span class='ocrx_word' id='word_1_247' title='bbox 245 1901 460 1954; x_wconf 83' lang='lat' dir='ltr'>Theophili</span> <span class='ocrx_word' id='word_1_248' title='bbox 488 1902 583 1952; x_wconf 87' lang='lat' dir='ltr'>filio,</span> <span class='ocrx_word' id='word_1_249' title='bbox 615 1903 658 1941; x_wconf 93' lang='lat' dir='ltr'>in</span> <span class='ocrx_word' id='word_1_250' title='bbox 688 1914 803 1955; x_wconf 90' lang='lat' dir='ltr'>quem</span> <span class='ocrx_word' id='word_1_251' title='bbox 834 1903 981 1943; x_wconf 88' lang='lat' dir='ltr'>desinit</span> <span class='ocrx_word' id='word_1_252' title='bbox 1008 1903 1225 1944; x_wconf 90' lang='lat' dir='ltr'>chronicon</span> <span class='ocrx_word' id='word_1_253' title='bbox 1243 1905 1516 1957; x_wconf 82' lang='lat' dir='ltr'>Theophanis,</span> 
     </span>
     <span class='ocr_line' id='line_1_32' title="bbox 71 1956 1516 2011; baseline 0.002 -15"><span class='ocrx_word' id='word_1_254' title='bbox 71 1967 196 2010; x_wconf 85' lang='lat' dir='ltr'>usque</span> <span class='ocrx_word' id='word_1_255' title='bbox 237 1956 289 1997; x_wconf 92' lang='lat' dir='ltr'>ad</span> <span class='ocrx_word' id='word_1_256' title='bbox 318 1957 557 1997; x_wconf 75' lang='lat' dir='ltr'>Michaelem</span> <span class='ocrx_word' id='word_1_257' title='bbox 585 1957 848 2007; x_wconf 83' lang='lat' dir='ltr'>Methystam3</span> <span class='ocrx_word' id='word_1_258' title='bbox 889 1970 1006 2010; x_wconf 86' lang='lat' dir='ltr'>quam</span> <span class='ocrx_word' id='word_1_259' title='bbox 1047 1958 1205 2011; x_wconf 88' lang='lat' dir='ltr'>quidem</span> <span class='ocrx_word' id='word_1_260' title='bbox 1241 1959 1368 2011; x_wconf 89' lang='lat' dir='ltr'>ipsius</span> <span class='ocrx_word' id='word_1_261' title='bbox 1409 1961 1516 2001; x_wconf 81' lang='lat' dir='ltr'>Con-</span> 
     </span>
     <span class='ocr_line' id='line_1_33' title="bbox 72 2011 1511 2066; baseline 0.001 -15"><span class='ocrx_word' id='word_1_262' title='bbox 72 2011 239 2051; x_wconf 82' lang='lat' dir='ltr'>stantini</span> <span class='ocrx_word' id='word_1_263' title='bbox 262 2011 371 2052; x_wconf 90' lang='lat' dir='ltr'>iussu</span> <span class='ocrx_word' id='word_1_264' title='bbox 401 2013 667 2063; x_wconf 87' lang='lat' dir='ltr'>conscriptam</span> <span class='ocrx_word' id='word_1_265' title='bbox 695 2016 869 2052; x_wconf 87' lang='lat' dir='ltr'>testatur</span> <span class='ocrx_word' id='word_1_266' title='bbox 895 2014 938 2053; x_wconf 90' lang='lat' dir='ltr'>in</span> <span class='ocrx_word' id='word_1_267' title='bbox 958 2013 1053 2053; x_wconf 91' lang='lat' dir='ltr'>libri</span> <span class='ocrx_word' id='word_1_268' title='bbox 1080 2013 1198 2053; x_wconf 85' lang='lat' dir='ltr'>titulo</span> <span class='ocrx_word' id='word_1_269' title='bbox 1227 2026 1276 2054; x_wconf 89' lang='lat' dir='ltr'>ac</span> <span class='ocrx_word' id='word_1_270' title='bbox 1295 2017 1511 2066; x_wconf 77' lang='lat' dir='ltr'>prooemio,</span> 
     </span>
     <span class='ocr_line' id='line_1_34' title="bbox 68 2065 1514 2120; baseline 0.003 -14"><span class='ocrx_word' id='word_1_271' title='bbox 68 2065 112 2106; x_wconf 88' lang='lat' dir='ltr'>in</span> <span class='ocrx_word' id='word_1_272' title='bbox 139 2078 218 2120; x_wconf 84' lang='lat' dir='ltr'>quo</span> <span class='ocrx_word' id='word_1_273' title='bbox 263 2070 303 2106; x_wconf 90' lang='lat' dir='ltr'>et</span> <span class='ocrx_word' id='word_1_274' title='bbox 330 2067 454 2107; x_wconf 88' lang='lat' dir='ltr'>vitam</span> <span class='ocrx_word' id='word_1_275' title='bbox 480 2067 621 2108; x_wconf 91' lang='lat' dir='ltr'>Basilii</span> <span class='ocrx_word' id='word_1_276' title='bbox 653 2067 888 2107; x_wconf 85' lang='lat' dir='ltr'>Macedonis</span> <span class='ocrx_word' id='word_1_277' title='bbox 928 2068 979 2108; x_wconf 87' lang='lat' dir='ltr'>ab</span> <span class='ocrx_word' id='word_1_278' title='bbox 1022 2068 1109 2120; x_wconf 90' lang='lat' dir='ltr'>ipso</span> <span class='ocrx_word' id='word_1_279' title='bbox 1136 2073 1282 2120; x_wconf 89' lang='lat' dir='ltr'>nepote</span> <span class='ocrx_word' id='word_1_280' title='bbox 1312 2069 1514 2111; x_wconf 69' lang='lat' dir='ltr'>Constan-</span> 
     </span>
     <span class='ocr_line' id='line_1_35' title="bbox 66 2120 1512 2175; baseline 0.003 -14"><span class='ocrx_word' id='word_1_281' title='bbox 66 2121 151 2161; x_wconf 86' lang='lat' dir='ltr'>tino</span> <span class='ocrx_word' id='word_1_282' title='bbox 181 2120 285 2162; x_wconf 89' lang='lat' dir='ltr'>mira</span> <span class='ocrx_word' id='word_1_283' title='bbox 327 2122 524 2162; x_wconf 84' lang='lat' dir='ltr'>sermonis</span> <span class='ocrx_word' id='word_1_284' title='bbox 563 2123 772 2174; x_wconf 84' lang='lat' dir='ltr'>elegantia</span> <span class='ocrx_word' id='word_1_285' title='bbox 802 2123 1071 2175; x_wconf 88' lang='lat' dir='ltr'>conscriptam</span> <span class='ocrx_word' id='word_1_286' title='bbox 1101 2124 1260 2163; x_wconf 89' lang='lat' dir='ltr'>asserit.</span> <span class='ocrx_word' id='word_1_287' title='bbox 1319 2125 1512 2167; x_wconf 84' lang='lat' dir='ltr'>laudatur</span> 
     </span>
     <span class='ocr_line' id='line_1_36' title="bbox 65 2176 1510 2229; baseline 0.003 -14"><span class='ocrx_word' id='word_1_288' title='bbox 65 2180 280 2228; x_wconf 88' lang='lat' dir='ltr'>praeterea</span> <span class='ocrx_word' id='word_1_289' title='bbox 309 2176 361 2217; x_wconf 88' lang='lat' dir='ltr'>ab</span> <span class='ocrx_word' id='word_1_290' title='bbox 391 2177 544 2217; x_wconf 86' lang='lat' dir='ltr'>Allatio</span> <span class='ocrx_word' id='word_1_291' title='bbox 574 2178 615 2216; x_wconf 89' lang='lat' dir='ltr'>in</span> <span class='ocrx_word' id='word_1_292' title='bbox 645 2181 904 2229; x_wconf 80' lang='lat' dir='ltr'>syntagmate</span> <span class='ocrx_word' id='word_1_293' title='bbox 933 2178 984 2217; x_wconf 90' lang='lat' dir='ltr'>de</span> <span class='ocrx_word' id='word_1_294' title='bbox 1003 2178 1270 2228; x_wconf 82' lang='lat' dir='ltr'>Symeonibus</span> <span class='ocrx_word' id='word_1_295' title='bbox 1298 2192 1430 2220; x_wconf 89' lang='lat' dir='ltr'>sermo</span> <span class='ocrx_word' id='word_1_296' title='bbox 1460 2181 1510 2220; x_wconf 93' lang='lat' dir='ltr'>de</span> 
     </span>
     <span class='ocr_line' id='line_1_37' title="bbox 63 2231 1508 2289; baseline 0.005 -20"><span class='ocrx_word' id='word_1_297' title='bbox 63 2231 263 2271; x_wconf 85' lang='lat' dir='ltr'>relatione</span> <span class='ocrx_word' id='word_1_298' title='bbox 293 2233 475 2284; x_wconf 86' lang='lat' dir='ltr'>corporis</span> <span class='ocrx_word' id='word_1_299' title='bbox 497 2232 541 2273; x_wconf 91' lang='lat' dir='ltr'>S.</span> <span class='ocrx_word' id='word_1_300' title='bbox 573 2233 738 2272; x_wconf 89' lang='lat' dir='ltr'>loannis</span> <span class='ocrx_word' id='word_1_301' title='bbox 758 2232 1037 2281; x_wconf 74' lang='lat' dir='ltr'>chrysostomi</span> <span class='ocrx_word' id='word_1_302' title='bbox 1067 2234 1109 2274; x_wconf 90' lang='lat' dir='ltr'>in</span> <span class='ocrx_word' id='word_1_303' title='bbox 1138 2234 1297 2283; x_wconf 79' lang='lat' dir='ltr'>urbem3</span> <span class='ocrx_word' id='word_1_304' title='bbox 1325 2236 1392 2289; x_wconf 91' lang='lat' dir='ltr'>qui</span> <span class='ocrx_word' id='word_1_305' title='bbox 1422 2237 1508 2289; x_wconf 87' lang='lat' dir='ltr'>qui-</span> 
     </span>
     <span class='ocr_line' id='line_1_38' title="bbox 63 2284 1505 2341; baseline 0.005 -17"><span class='ocrx_word' id='word_1_306' title='bbox 63 2284 152 2325; x_wconf 90' lang='lat' dir='ltr'>dem</span> <span class='ocrx_word' id='word_1_307' title='bbox 191 2297 322 2326; x_wconf 89' lang='lat' dir='ltr'>sermo</span> <span class='ocrx_word' id='word_1_308' title='bbox 371 2287 543 2334; x_wconf 80' lang='lat' dir='ltr'>habetur</span> <span class='ocrx_word' id='word_1_309' title='bbox 590 2300 651 2327; x_wconf 89' lang='lat' dir='ltr'>ms</span> <span class='ocrx_word' id='word_1_310' title='bbox 692 2288 733 2327; x_wconf 91' lang='lat' dir='ltr'>in</span> <span class='ocrx_word' id='word_1_311' title='bbox 782 2288 918 2327; x_wconf 87' lang='lat' dir='ltr'>codice</span> <span class='ocrx_word' id='word_1_312' title='bbox 949 2288 1080 2341; x_wconf 85' lang='lat' dir='ltr'>Regio</span> <span class='ocrx_word' id='word_1_313' title='bbox 1122 2289 1215 2329; x_wconf 89' lang='lat' dir='ltr'>olim</span> <span class='ocrx_word' id='word_1_314' title='bbox 1256 2291 1505 2332; x_wconf 87' lang='lat' dir='ltr'>Telleriano.</span> 
     </span>
     <span class='ocr_line' id='line_1_39' title="bbox 62 2341 1510 2394; baseline 0.005 -14"><span class='ocrx_word' id='word_1_315' title='bbox 62 2341 189 2380; x_wconf 85' lang='lat' dir='ltr'>multa</span> <span class='ocrx_word' id='word_1_316' title='bbox 218 2341 338 2381; x_wconf 89' lang='lat' dir='ltr'>etiam</span> <span class='ocrx_word' id='word_1_317' title='bbox 366 2342 507 2382; x_wconf 89' lang='lat' dir='ltr'>stricta</span> <span class='ocrx_word' id='word_1_318' title='bbox 536 2343 721 2382; x_wconf 87' lang='lat' dir='ltr'>oratione</span> <span class='ocrx_word' id='word_1_319' title='bbox 747 2343 1015 2394; x_wconf 87' lang='lat' dir='ltr'>composuisse</span> <span class='ocrx_word' id='word_1_320' title='bbox 1043 2343 1351 2386; x_wconf 88' lang='lat' dir='ltr'>Constantinum</span> <span class='ocrx_word' id='word_1_321' title='bbox 1379 2347 1510 2392; x_wconf 61' lang='lat' dir='ltr'>tradit,</span> 
     </span>
     <span class='ocr_line' id='line_1_40' title="bbox 62 2395 1503 2451; baseline 0.005 -16"><span class='ocrx_word' id='word_1_322' title='bbox 62 2395 263 2436; x_wconf 67' lang='lat' dir='ltr'>Zonaras</span> <span class='ocrx_word' id='word_1_323' title='bbox 333 2408 384 2436; x_wconf 86' lang='lat' dir='ltr'>ex</span> <span class='ocrx_word' id='word_1_324' title='bbox 426 2398 568 2450; x_wconf 89' lang='lat' dir='ltr'>quibus</span> <span class='ocrx_word' id='word_1_325' title='bbox 595 2398 775 2438; x_wconf 88' lang='lat' dir='ltr'>omnibus</span> <span class='ocrx_word' id='word_1_326' title='bbox 804 2398 1017 2438; x_wconf 78' lang='lat' dir='ltr'>manifesto</span> <span class='ocrx_word' id='word_1_327' title='bbox 1045 2399 1172 2451; x_wconf 85' lang='lat' dir='ltr'>liquet</span> <span class='ocrx_word' id='word_1_328' title='bbox 1198 2398 1503 2442; x_wconf 84' lang='lat' dir='ltr'>Constantinum</span> 
     </span>
     <span class='ocr_line' id='line_1_41' title="bbox 59 2451 1503 2505; baseline 0.005 -15"><span class='ocrx_word' id='word_1_329' title='bbox 59 2461 141 2490; x_wconf 89' lang='lat' dir='ltr'>non</span> <span class='ocrx_word' id='word_1_330' title='bbox 169 2451 287 2491; x_wconf 87' lang='lat' dir='ltr'>modo</span> <span class='ocrx_word' id='word_1_331' title='bbox 314 2452 439 2491; x_wconf 86' lang='lat' dir='ltr'>fuisse</span> <span class='ocrx_word' id='word_1_332' title='bbox 468 2452 650 2492; x_wconf 88' lang='lat' dir='ltr'>omnibus</span> <span class='ocrx_word' id='word_1_333' title='bbox 679 2452 902 2505; x_wconf 86' lang='lat' dir='ltr'>disciplinis</span> <span class='ocrx_word' id='word_1_334' title='bbox 931 2454 1255 2505; x_wconf 71' lang='lat' dir='ltr'>excuntissimum‚</span> <span class='ocrx_word' id='word_1_335' title='bbox 1282 2456 1352 2495; x_wconf 89' lang='lat' dir='ltr'>sed</span> <span class='ocrx_word' id='word_1_336' title='bbox 1384 2461 1424 2496; x_wconf 91' lang='lat' dir='ltr'>et</span> <span class='ocrx_word' id='word_1_337' title='bbox 1452 2457 1503 2497; x_wconf 88' lang='lat' dir='ltr'>li-</span> 
     </span>
     <span class='ocr_line' id='line_1_42' title="bbox 59 2505 1502 2564; baseline 0.006 -20"><span class='ocrx_word' id='word_1_338' title='bbox 59 2509 239 2546; x_wconf 87' lang='lat' dir='ltr'>terarum</span> <span class='ocrx_word' id='word_1_339' title='bbox 275 2505 454 2547; x_wconf 86' lang='lat' dir='ltr'>extincta</span> <span class='ocrx_word' id='word_1_340' title='bbox 495 2519 597 2559; x_wconf 87' lang='lat' dir='ltr'>pene</span> <span class='ocrx_word' id='word_1_341' title='bbox 638 2508 773 2547; x_wconf 89' lang='lat' dir='ltr'>studia</span> <span class='ocrx_word' id='word_1_342' title='bbox 821 2520 979 2548; x_wconf 90' lang='lat' dir='ltr'>rursum</span> <span class='ocrx_word' id='word_1_343' title='bbox 1022 2508 1272 2550; x_wconf 87' lang='lat' dir='ltr'>instaurasse</span> <span class='ocrx_word' id='word_1_344' title='bbox 1312 2511 1502 2564; x_wconf 79' lang='lat' dir='ltr'>virosque</span> 
     </span>
     <span class='ocr_line' id='line_1_43' title="bbox 59 2559 1498 2619; baseline 0.003 -19"><span class='ocrx_word' id='word_1_345' title='bbox 59 2559 238 2600; x_wconf 85' lang='lat' dir='ltr'>eruditos</span> <span class='ocrx_word' id='word_1_346' title='bbox 269 2561 488 2614; x_wconf 83' lang='lat' dir='ltr'>propositis</span> <span class='ocrx_word' id='word_1_347' title='bbox 518 2563 708 2614; x_wconf 85' lang='lat' dir='ltr'>praemiis</span> <span class='ocrx_word' id='word_1_348' title='bbox 738 2563 790 2603; x_wconf 92' lang='lat' dir='ltr'>ad</span> <span class='ocrx_word' id='word_1_349' title='bbox 822 2575 871 2603; x_wconf 89' lang='lat' dir='ltr'>ea</span> <span class='ocrx_word' id='word_1_350' title='bbox 900 2564 1175 2616; x_wconf 87' lang='lat' dir='ltr'>promovenda</span> <span class='ocrx_word' id='word_1_351' title='bbox 1202 2565 1408 2618; x_wconf 87' lang='lat' dir='ltr'>impulisse</span> <span class='ocrx_word' id='word_1_352' title='bbox 1436 2568 1498 2619; x_wconf 56' lang='grc' dir='ltr'>1ιὶ).</span> 
     </span>
    </p>

    <p class='ocr_par' dir='ltr' id='par_1_3' title="bbox 167 2624 1498 2685">
     <span class='ocr_line' id='line_1_44' title="bbox 167 2624 1498 2685; baseline 0.006 -20"><span class='ocrx_word' id='word_1_353' title='bbox 167 2629 233 2677; x_wconf 85' lang='grc'>11,</span> <span class='ocrx_word' id='word_1_354' title='bbox 261 2624 317 2667; x_wconf 76' lang='lat' dir='ltr'>ib.</span> <span class='ocrx_word' id='word_1_355' title='bbox 375 2627 714 2681; x_wconf 83' lang='lat' dir='ltr'>Porphyrogeniti</span> <span class='ocrx_word' id='word_1_356' title='bbox 746 2641 967 2682; x_wconf 88' lang='lat' dir='ltr'>cognomen</span> <span class='ocrx_word' id='word_1_357' title='bbox 999 2629 1104 2670; x_wconf 88' lang='lat' dir='ltr'>unde</span> <span class='ocrx_word' id='word_1_358' title='bbox 1131 2630 1186 2670; x_wconf 87' lang='lat' dir='ltr'>sit</span> <span class='ocrx_word' id='word_1_359' title='bbox 1215 2639 1346 2672; x_wconf 89' lang='lat' dir='ltr'>ortum</span> <span class='ocrx_word' id='word_1_360' title='bbox 1373 2632 1498 2685; x_wconf 85' lang='lat' dir='ltr'>pluri-</span> 
     </span>
    </p>
   </div>
   <div class='ocr_carea' id='block_1_3' title="bbox 145 2737 1403 2795">
    <p class='ocr_par' dir='ltr' id='par_1_4' title="bbox 145 2737 1403 2795">
     <span class='ocr_line' id='line_1_45' title="bbox 145 2737 1403 2795; baseline 0.005 -18"><span class='ocrx_word' id='word_1_361' title='bbox 145 2744 176 2790; x_wconf 71' lang='lat'>&#39;)</span> <span class='ocrx_word' id='word_1_362' title='bbox 201 2737 369 2778; x_wconf 80' lang='lat' dir='ltr'>Bandurii</span> <span class='ocrx_word' id='word_1_363' title='bbox 397 2751 479 2780; x_wconf 79' lang='lat' dir='ltr'>sunt</span> <span class='ocrx_word' id='word_1_364' title='bbox 504 2757 594 2792; x_wconf 82' lang='lat' dir='ltr'>quae</span> <span class='ocrx_word' id='word_1_365' title='bbox 622 2759 693 2781; x_wconf 89' lang='lat' dir='ltr'>non</span> <span class='ocrx_word' id='word_1_366' title='bbox 715 2747 810 2781; x_wconf 83' lang='lat' dir='ltr'>aliud</span> <span class='ocrx_word' id='word_1_367' title='bbox 840 2760 967 2782; x_wconf 83' lang='lat' dir='ltr'>nomen</span> <span class='ocrx_word' id='word_1_368' title='bbox 994 2749 1230 2795; x_wconf 75' lang='lat' dir='ltr'>subscriptum</span> <span class='ocrx_word' id='word_1_369' title='bbox 1258 2749 1403 2783; x_wconf 75' lang='lat' dir='ltr'>habent.</span> 
     </span>
    </p>
   </div>
  </div>
 </body>
</html>
