1780 3132
271 157 365 201 530
801 158 1148 200 WESSELlNGn

374 274 468 322 398,
496 273 562 310 21.
611 262 767 320 Ὀνοῦς]
801 269 975 308 creditur
1015 280 1103 308 esse
1135 268 1234 317 ono,
1261 266 1311 307 de
1335 277 1413 320 qua
1439 268 1464 312 1
1491 266 1674 308 Chronic.

266 329 294 364 8
326 329 388 364 12.
445 327 668 385 sequentem
700 322 822 363 habet
849 322 1090 374 Staphanus,
1121 331 1354 374 quamquam
1380 321 1480 363 nihil
1507 321 1558 361 de
1584 322 1674 362 loco

266 392 378 431 quem
407 381 669 428 occupaverit.

372 451 478 493 [bid.
495 456 560 493 22.
593 447 724 502 Γάζα]
742 451 932 502 duplicem
946 451 1039 490 olim
1057 450 1178 490 fuisse
1191 448 1359 500 Gazam,
1384 459 1546 501 quarum
1563 451 1675 488 vetu-

265 508 365 547 stior
394 506 671 557 Apostolorum
692 509 822 544 aetate
835 506 956 545 fuerit
974 517 1116 544 eversa
1127 509 1166 543 et
1179 505 1349 554 deserta,
1362 503 1413 541 ad
1427 502 1570 542 Anton.
1581 501 1672 542 ltin.

265 563 390 612 p.151
419 559 714 611 disputavimus,
742 571 888 598 mecum
921 559 1042 598 sentit
1068 558 1328 606 Hieronymus
1365 556 1414 594 de
1440 557 1533 595 Loc.
1559 555 1672 596 Sacr.

267 615 495 668 quaeritur,
510 613 647 665 inquit,
675 612 875 665 quomodo
890 614 934 652 in
952 612 1129 666 quodam
1141 610 1349 664 propheta
1366 609 1536 649 dicatur
1553 607 1674 649 Gaza

265 667 414 719 sulm-a
444 669 489 707 in
517 665 713 706 tumulum
738 667 1048 718 sempiternum.
1116 665 1225 719 qaod
1250 663 1433 704 solvitur
1461 665 1537 713 ita,
1563 664 1671 702 anti-

266 733 373 775 quae
402 723 593 761 civitatis
623 719 760 759 locum
800 722 877 759 vix
915 718 1281 771 fundamentorum
1307 716 1516 770 praebere
1543 717 1672 756 vesti-

261 778 359 828 9ia;
388 774 496 815 hanc
524 777 661 814 autem
683 785 790 827 qaae
808 785 918 813 nunc
937 775 1140 824 cernitur,
1169 775 1214 812 in
1241 771 1328 812 alio
1352 771 1460 822 loco,
1486 781 1568 823 pro
1592 769 1673 810 illa

266 841 375 883 qnae
402 831 578 876 corruit,
607 826 886 879 aedificatam.
916 828 978 867 cui
1004 829 1160 866 oculato
1189 826 1293 875 testi,
1322 830 1361 864 et
1388 825 1463 864 hac
1489 825 1531 863 in
1559 827 1673 875 parte

266 884 357 924 aliis
396 882 679 931 consentienti,
723 894 792 921 cur
819 882 934 920 fidem
965 882 1183 933 negemus?
1244 884 1332 919 erat
1358 879 1454 918 urbs
1481 877 1674 918 Gordiani

266 937 516 988 imperatoris
542 940 673 975 aetate
705 947 840 986 sacra,
867 935 928 975 sui
955 935 1052 974 iuris
1078 939 1118 973 et
1148 934 1354 974 admodum
1382 931 1600 983 splendida,
1629 935 1674 970 ut

265 991 431 1044 egregio
459 991 533 1030 hoe
557 990 840 1041 epigrammate
877 990 982 1028 inter
1017 989 1197 1028 Doniana
1226 987 1355 1027 Class.
1395 986 1459 1024 111.
1480 987 1535 1025 45
1559 985 1677 1024 doee-

263 1057 366 1085 mur:
386 1042 540 1095 vdyon'jy‘y‘
566 1038 670 1095 τύχῃ
700 1039 980 1093 αὐτοκράτορα
1013 1040 1209 1090 Καίσαρα
1240 1040 1305 1078 Μ.
1335 1036 1546 1078 Ἀντώνιον
1573 1038 1612 1076 Γ
1610 1050 1678 1085 ορ-

263 1095 410 1147 ὁ“ιανόν,
439 1095 610 1146 εὐσεβῆ,
638 1094 803 1146 εὐτυχῆ,
843 1093 1067 1145 σεβαστόν,
1095 1089 1427 1144 κοσμοκράτορα,
1456 1089 1481 1142 ἦ
1509 1088 1625 1135 πόλις
1651 1088 1678 1141 ἧ
1732 1118 1734 1122 .

262 1151 340 1189 τῶν
353 1149 554 1201 Γαζαιῶν,
586 1146 675 1198 ἱερὰ
705 1148 776 1186 καί
799 1141 949 1193 ἄσυλος
975 1149 1045 1186 καί
1071 1143 1309 1195 αὐτόνομος,
1337 1141 1467 1195 πιστή,
1495 1139 1678 1193 εὐσεβής,

263 1202 432 1253 λαμπροὶ
466 1203 537 1241 καί
576 1201 756 1252 μεγάλη,
799 1202 841 1248 ἐξ
870 1200 1096 1247 ἐνκλύσεως
1136 1201 1210 1239 τοῦ
1245 1198 1420 1248 πατρίου
1448 1197 1568 1249 θεοῦ,
1605 1193 1675 1236 τὸν

262 1254 408 1307 ἑαυτῆς
452 1255 690 1306 εὐεργέτην,
728 1251 795 1293 διὰ
834 1256 921 1303 Τιβ.
955 1256 1032 1296 Κλ.
1064 1252 1284 1303 Παπείρου
1327 1250 1572 1302 ἑπιμελητοῧ
1599 1249 1675 1289 τοῦ

264 1308 393 1360 ἱεροῦ.
449 1311 486 1351 id
516 1312 671 1360 mirere,
700 1310 825 1349 virum
854 1310 1058 1357 eruditum,
1088 1310 1152 1362 qui
1180 1308 1473 1359 inscriptionem
1490 1306 1674 1346 Latinam

264 1367 371 1412 fecit,
399 1365 440 1405 in
470 1377 518 1404 ea
546 1366 659 1403 deum
680 1364 915 1411 Enclyseum
935 1364 1155 1403 invenisse:
1187 1361 1307 1402 vertit
1329 1361 1431 1400 enim
1459 1361 1587 1400 media
1613 1369 1673 1398 επ

265 1417 479 1470 Enelyseo
507 1420 650 1469 patrio
690 1417 794 1464 deo;
824 1418 889 1468 qui
929 1418 1059 1456 nullus
1099 1417 1173 1456 fuit
1201 1420 1239 1455 et
1280 1427 1331 1455 ex
1358 1418 1546 1464 corrupta
1572 1411 1674 1451 ἘΝ-

266 1470 538 1510 ΚΛΥΣΕΩΣ
570 1484 666 1511 voce
698 1472 856 1510 natales
884 1472 1047 1522 accepit.
1103 1471 1177 1509 fuit
1204 1471 1244 1509 in
1272 1479 1467 1508 marmore
1494 1465 1673 1505 ENKE-

265 1524 549 1574 ΛΕΤΣΕΩΣ,
585 1530 693 1564 certe
726 1536 812 1563 esse
841 1525 998 1571 debuit3
1028 1524 1131 1576 quod
1163 1535 1221 1563 εει·
1250 1524 1383 1570 iussu,
1411 1525 1454 1560 ut
1480 1532 1600 1571 saepe
1629 1519 1671 1559 in

263 1579 324 1618 his
351 1580 621 1627 monumentis,
650 1583 776 1618 notat.
804 1574 904 1615 κατὰ
933 1577 1115 1615 κέλευσιν
1141 1576 1244 1614 θεοῦ
1269 1577 1311 1616 in
1338 1574 1456 1615 simili
1475 1586 1521 1613 re
1549 1573 1673 1614 habes

261 1634 302 1671 in
333 1634 451 1672 Thes.
487 1646 523 1684 p.
544 1635 651 1671 XXI.
684 1637 720 1671 1.
750 1633 845 1670 deus
873 1636 1000 1670 autem
1029 1631 1182 1682 patrius
1211 1630 1450 1670 Gazensium
1475 1631 1536 1667 est
1558 1628 1672 1667 Mar-

264 1700 348 1733 nas,
379 1687 487 1725 cuius
508 1687 615 1725 iussu
642 1685 744 1737 lapis
774 1690 833 1724 est
859 1685 1073 1724 dedicatus.
1132 1684 1222 1724 vide
1253 1684 1301 1723 de
1326 1696 1372 1723 eo
1399 1682 1446 1722 Η.
1474 1681 1672 1722 Norisium

263 1741 419 1779 dissert.
447 1741 598 1791 Epoch.
627 1743 654 1778 5
683 1741 776 1779 494.

370 1808 476 1851 Ibid.
523 1802 690 1861 ”Αριζα]
720 1809 796 1848 nisi
824 1820 927 1856 erro,
959 1804 1131 1856 Γάδαρα
1149 1808 1235 1847 sive
1249 1801 1432 1856 Γάζαρα,
1461 1817 1578 1857 quam
1606 1815 1675 1843 ur-

263 1864 349 1903 bem
387 1877 456 1903 seu
493 1864 620 1903 vicum
647 1863 819 1902 Notitiae
858 1863 899 1902 in
935 1863 1162 1902 Palaestina
1188 1862 1318 1913 prima
1355 1873 1434 1899 non
1470 1860 1593 1910 longe
1621 1857 1674 1897 ab

263 1918 394 1957 Azoto
423 1922 665 1970 agnoscunt,
696 1917 952 1968 praestiterit.
1017 1917 1066 1955 de
1101 1928 1149 1956 ea
1195 1915 1396 1955 Relandus
1434 1913 1606 1952 Palaest.
1644 1914 1675 1951 :3

261 1976 405 2023 p.679.
471 1983 572 2024 quae
611 1971 786 2022 sequitur
828 1965 1005 2020 Βιτύλη,
1049 1970 1240 2008 Bethelne
1279 1981 1332 2008 an
1358 1967 1515 2006 Retulia
1540 1966 1605 2016 sit,
1631 1964 1675 2004 iu

260 2026 378 2065 dubio
408 2030 479 2065 est.
534 2026 625 2065 aliis
653 2025 811 2064 Notitiis
839 2024 981 2063 dicitur
1003 2025 1198 2068 Βιτέλιος.

366 2094 473 2136 Ibid.
493 2099 558 2135 23.
615 2092 898 2142 Παλαιστίνης
914 2089 967 2144 β’]
997 2093 1111 2132 huius
1140 2096 1178 2131 et
1204 2091 1419 2144 superioris
1439 2087 1673 2142 provinciae

258 2149 411 2191 incolas
440 2150 638 2200 totiusque
667 2161 790 2188 cavae
816 2146 958 2195 Syriae
990 2147 1159 2186 audaces
1197 2147 1334 2186 atheos
1363 2149 1480 2196 atque
1506 2142 1671 2183 insidio-

258 2204 412 2242 sissimo
441 2216 528 2242 esse
554 2202 714 2254 ingenio
743 2201 923 2253 perhibet
950 2201 1112 2239 Procius
1126 2200 1350 2239 Diadochus
1366 2199 1408 2238 in
1427 2194 1670 2249 Paraphrasi

257 2258 478 2296 Tetrabibli
506 2258 669 2296 Ptolem.
688 2269 725 2307 p.
742 2258 820 2295 95:
850 2252 906 2299 ὥς
935 2254 1001 2291 ὲπί
1028 2250 1128 2290 πολύ
1161 2254 1331 2301 θρασεῖς
1359 2251 1439 2289 εἰσί
1456 2250 1526 2288 καί
1552 2244 1672 2287 ἄθεοι

255 2309 670 2358 καίὲπιβουλευτικοιὶ
700 2310 802 2348 idem
815 2308 1043 2357 Anonymus
1073 2308 1318 2357 scholiastes,
1330 2306 1513 2346 Basileae
1530 2304 1671 2352 editus,

259 2364 300 2403 in
329 2365 493 2403 eandem
520 2364 739 2403 Tetrabibl.
770 2377 807 2415 p.
823 2366 889 2410 62,
916 2363 984 2401 sed
1016 2362 1148 2401 verbis
1177 2361 1274 2400 mire
1301 2359 1485 2408 turbatis,
1512 2358 1673 2409 profite-

254 2422 331 2456 tur.
388 2414 408 2453 ὁ
437 2414 528 2468 γάρ,
557 2418 694 2469 inquit,
722 2417 791 2466 τῆς
823 2414 1066 2467 Ἀφροδίτης
1092 2414 1146 2467 τῷ
1165 2406 1285 2463 ”Apa
1310 2411 1560 2460 συμπλακείς
1589 2421 1673 2448 τοι·

256 2469 399 2515 ουτους
427 2474 538 2507 ποιεῖ
570 2469 656 2518 (καὶ
686 2468 836 2513 α’θέους
879 2468 1016 2516 ἀμέλει
1047 2465 1289 2518 Ἰουδαίους)
1327 2464 1422 2510 τούς
1446 2461 1670 2505 Ἰουδαίους

254 2521 298 2560 ὲκ
327 2520 476 2573 ταύτης
508 2518 626 2567 ὄντας
655 2523 723 2572 τῆς
756 2524 908 2567 θέσεως
938 2518 1084 2571 φησίν·
1153 2515 1249 2557 ὅθεν
1286 2515 1388 2556 κατὰ
1417 2515 1489 2568 τὴν
1517 2529 1670 2566 προση-

254 2577 396 2627 γορίαν
437 2573 599 2626 σημεῖόν
642 2590 701 2613 σοι
735 2577 909 2626 γινέσθω
951 2575 1018 2623 τῆς
1047 2569 1147 2611 κατὰ
1183 2570 1256 2622 τήν
1283 2568 1423 2622 χώραν
1452 2569 1669 2621 εὕθηνιας·

253 2627 415 2677 γόνιμος
445 2628 523 2679 γὰρ
557 2625 574 2666 ὃ
614 2629 684 2665 1017
699 2628 796 2672 Διὸς
826 2625 956 2678 (ἰητὴρ
987 2629 1029 2663 ἐν
1055 2632 1137 2671 τοῖς
1155 2624 1367 2678 φθάσασιν
1396 2624 1567 2674 ἐλέγετο.
1598 2635 1669 2661 vu-
