1780 3132
308 142 401 189 438
831 153 1174 194 WESSELINGn

307 259 428 310 plicat
465 258 514 296 de
556 259 782 309 provinciae
810 260 1064 301 Macedoniae
1103 263 1317 313 superioris
1344 265 1500 304 colonia
1525 264 1697 305 Vimina-

307 313 379 351 cio.
435 313 584 351 adeone
617 313 767 352 Moesia
805 315 984 365 superior
1011 315 1197 366 ignorata
1231 316 1315 366 fuit,
1346 321 1388 356 ut
1416 318 1477 362 his
1504 319 1544 358 in
1573 319 1697 358 numis

307 366 491 416 cognosci
518 365 620 403 haud
650 367 848 415 potuerit?

409 432 500 475 393,
532 431 593 467 18.
651 426 897 483 Σιγγιδόνος]
923 428 1119 480 Σιγγιδών
1146 437 1214 472 aut
1229 432 1482 482 Ecyya'd'ovvov
1511 439 1696 487 oportue-

307 486 381 542 rat.
437 481 623 521 Socrates
643 483 688 520 Η.
710 484 756 522 Ε.
786 489 809 524 1
837 489 889 524 27
921 490 960 524 ct
985 490 1012 524 2
1039 490 1090 524 12
1116 487 1338 537 episcopum
1365 485 1592 537 Σιγγιδόνος
1626 487 1698 538 τῆς

305 546 391 571 auu
418 534 589 578 Μυσίας
617 537 818 577 Ursacium
858 538 963 578 inter
989 540 1201 578 Arianismi
1240 540 1466 580 defensores
1493 546 1695 581 numerat:

305 592 347 625 nt
376 587 495 626 mirer
521 587 706 630 Carolum
737 604 762 630 a
790 591 832 631 S.
861 593 999 631 Paullo
1020 593 1225 633 Socratem
1251 596 1410 633 notasse
1438 594 1486 633 ob
1509 595 1696 646 Singidu-

305 653 394 679 num
413 641 638 682 Pannoniae
667 645 955 696 transcriptam.
987 651 1092 685 certe
1119 648 1145 685 1.
1175 649 1191 685 1
1220 660 1253 685 c.
1279 651 1348 696 20,
1377 659 1559 698 quorsum
1578 649 1698 687 lecto-

303 706 368 732 res
396 695 591 745 amandat,
619 698 717 736 nihil
744 699 856 737 huius
884 700 1046 750 legitur.
1112 701 1203 739 vide
1229 701 1320 740 Ant.
1348 700 1481 739 Itincr.
1511 715 1548 753 p.
1579 705 1669 741 132.

414 757 519 799 Ihm.
575 759 613 797 Γ
611 758 804 814 ρατιαυὰ]
834 767 893 802 cst
930 764 970 809 in
1000 765 1148 804 Notitia
1175 766 1265 816 imp.
1297 765 1443 804 Orient.
1470 778 1503 804 c.
1534 768 1613 805 153
1640 766 1700 804 in-

305 817 366 850 ier
394 814 565 852 Moesiae
594 815 743 864 primae
769 817 906 867 urbes,
941 818 1064 869 deque
1091 831 1139 858 ca
1178 819 1458 870 disputavimus
1487 819 1538 859 ad
1566 819 1697 862 Itiner-

306 867 352 905 li.
412 894 419 901 .
451 868 542 905 566.

382 880 516 959 PIbid.
573 919 819 973 Πρικορνία]
861 923 937 963 imo
978 936 1073 963 vero
1114 919 1332 975 Τρικόρνια
1369 927 1438 964 aut
1467 921 1700 976 Τρικόρνιον

306 973 447 1024 potius,
502 974 591 1014 vide
618 975 720 1016 idem
748 977 879 1017 ltiner.
908 990 945 1028 p.
973 980 1064 1016 565.

415 1036 520 1078 [bid.
571 1037 868 1091 Ὀρθὲμαρχος]
913 1054 985 1092 pro
1006 1036 1151 1092 Ὅρρεο
1189 1036 1362 1092 μάργον,
1386 1044 1430 1081 ut
1457 1041 1624 1084 diximus
1649 1043 1701 1083 ad

306 1090 397 1131 Ant.
424 1092 510 1130 ltin.
541 1105 578 1143 p.
607 1096 697 1132 134.

413 1154 520 1195 Ibid.
547 1161 612 1196 20.
667 1154 912 1203 Παννονίας]
942 1159 1145 1198 Pannonia
1171 1160 1342 1199 secunda
1373 1162 1451 1209 est,
1480 1170 1580 1212 quae
1607 1159 1700 1199 olim

305 1211 505 1259 praefecto
546 1210 735 1261 praetorii
774 1211 913 1250 ltaliae
939 1213 1124 1264 parebat,
1169 1225 1263 1264 pars
1291 1213 1441 1264 imperii
1469 1213 1699 1263 Occidentis,

306 1266 348 1301 ut
374 1263 523 1303 Not-itia
565 1264 654 1315 imp.
685 1265 815 1303 Occid.
845 1277 877 1302 c.
907 1270 933 1304 2
963 1267 1098 1305 docet:
1139 1278 1224 1305 eam
1252 1271 1378 1306 autem
1406 1278 1491 1306 cum
1516 1266 1700 1306 Iustinia-

304 1329 376 1354 nns
405 1317 676 1368 reciperasset‚
707 1318 822 1358 sicuti
839 1319 1007 1358 Novella
1025 1324 1073 1358 11
1101 1319 1308 1371 significat,
1336 1320 1548 1371 provinciis
1561 1320 1699 1359 Orien-

308 1371 358 1407 tis
387 1370 587 1410 Hierocles
623 1376 814 1411 accenset.
880 1373 982 1424 quod
1026 1377 1153 1412 autem
1198 1374 1370 1423 praesidi
1407 1374 1628 1423 mandatur,
1655 1373 1696 1413 id

304 1423 518 1463 lustiniano
560 1425 677 1464 credo
713 1426 899 1474 debetur3
939 1430 998 1466 est
1036 1438 1133 1466 sane
1165 1427 1364 1466 Munatius
1407 1427 1574 1467 Plancus
1598 1440 1636 1466 v.
1665 1438 1698 1465 c.

304 1489 464 1527 praeses
492 1479 718 1518 Pannoniae
748 1491 819 1530 per
845 1493 968 1518 annos
1004 1482 1056 1518 24
1083 1480 1124 1518 in
1158 1481 1290 1531 lapide
1320 1481 1554 1520 Reinesiano
1581 1481 1697 1520 class.

304 1535 332 1569 6
356 1535 432 1580 713
458 1532 526 1570 sed
556 1532 590 1571 is
618 1533 846 1572 Pannoniae
870 1533 1020 1583 primae
1048 1534 1295 1585 praepositus
1330 1534 1425 1574 fuit:
1446 1546 1537 1574 nam
1562 1547 1699 1574 secun-

303 1585 395 1624 dam
424 1586 669 1625 consularem
695 1586 819 1624 fuisse
845 1587 994 1626 Notitia
1022 1588 1156 1626 eadem
1188 1599 1221 1624 c.
1251 1592 1273 1626 1
1307 1588 1522 1628 confirmat·

411 1647 517 1687 Ibid.
588 1647 781 1700 Σέρμιον]
834 1651 985 1690 urbium
1034 1655 1161 1690 mater
1212 1655 1251 1690 et
1284 1652 1475 1703 populosa
1521 1655 1560 1690 et
1599 1651 1701 1690 cele-

306 1702 388 1740 bris
417 1702 622 1742 Ammiano
650 1707 700 1741 21
732 1707 798 1742 10.
852 1705 954 1742 unde
979 1705 1022 1743 in
1060 1705 1224 1743 concilio
1252 1704 1493 1756 Aquileiensi
1521 1704 1592 1744 sub
1619 1705 1698 1744 Da-

304 1768 414 1793 maso
441 1756 624 1795 Amenius
667 1760 819 1807 caput,
851 1757 999 1809 inquit,
1038 1756 1208 1810 Illyrici
1237 1770 1318 1798 non
1344 1761 1429 1799 nisi
1455 1760 1605 1799 civitas
1632 1763 1700 1799 est

305 1807 557 1848 sirmiensis
601 1815 694 1849 tom.
729 1814 756 1849 3
784 1810 934 1850 Concil.
973 1812 1122 1851 Labbei
1159 1824 1196 1863 p.
1223 1816 1314 1851 391.
1380 1825 1458 1852 non
1495 1812 1700 1852 dissimilia

301 1863 413 1914 leges
440 1863 647 1902 Iustiniani
674 1864 714 1902 in
740 1865 908 1904 Novella
939 1869 1013 1914 11,
1041 1865 1149 1904 cuius
1177 1870 1306 1906 tamen
1332 1867 1455 1906 verba
1482 1866 1518 1906 si
1545 1865 1603 1905 ita
1632 1878 1698 1905 ac-

304 1917 455 1967 ceperis
488 1917 570 1955 acsi
609 1918 950 1959 Thessalonicensi
990 1919 1179 1958 ecclesiae
1207 1923 1297 1970 post
1323 1919 1472 1960 Attilae
1501 1923 1541 1958 et
1566 1919 1701 1959 Sirmii

303 1971 432 2009 eversi
459 1974 637 2021 tempora
674 1972 823 2011 demum
857 1984 904 2011 ea
933 1972 1106 2024 dignitas
1135 1973 1346 2012 accesserit
1374 1985 1452 2026 qua
1475 1973 1579 2012 omni
1604 1973 1700 2022 llly-

301 2024 384 2062 rico
412 2024 655 2075 praestabat,
683 2026 832 2064 erroris
863 2026 1146 2065 Tribonianum
1179 2027 1388 2065 absolvere
1416 2038 1496 2066 nou
1527 2027 1698 2077 poteris:

301 2078 432 2116 multis
471 2077 571 2116 enim
600 2082 692 2116 ante
720 2079 832 2117 annis
851 2110 860 2127 ‚
891 2083 934 2118 ut
972 2092 1021 2118 ex
1048 2079 1298 2119 Theodorcto
1325 2092 1446 2132 supra
1472 2080 1698 2131 monuimus,

299 2131 498 2179 Illyricum
527 2131 728 2172 Orientale
760 2132 820 2171 illi
859 2133 946 2172 urbi
973 2133 1116 2184 paruit.
1182 2133 1272 2172 vide
1299 2134 1341 2173 P.
1372 2134 1421 2172 de
1447 2134 1585 2173 Marca
1611 2134 1700 2174 Dis-

299 2188 393 2222 sert.
422 2185 471 2223 de
498 2185 658 2225 Primat.
699 2199 734 2224 c.
766 2190 830 2225 38.
860 2190 898 2225 et
925 2187 974 2225 de
1001 2186 1183 2226 Basianis
1221 2187 1305 2226 sive
1331 2187 1537 2227 Bassianis
1565 2187 1700 2228 ltiner.

377 2251 515 2331 prz'd.
533 2295 598 2332 22.
655 2288 734 2329 ὑπὸ
763 2287 1014 2340 ἀνθύπατον]
1043 2292 1208 2332 Aristidi
1236 2297 1365 2333 tom.1
1395 2307 1433 2346 p.
1449 2297 1527 2334 611
1558 2288 1698 2344 ἅρχων

296 2342 366 2392 τῆς
390 2340 555 2394 Ἀσίας,
583 2349 622 2384 et
648 2359 686 2397 p.
717 2348 798 2385 572
820 2358 867 2385 ac
895 2351 976 2385 600
1011 2343 1174 2396 ἡγεμών
1200 2347 1270 2396 τῆς
1297 2345 1444 2397 Ἀσίας,
1473 2347 1612 2400 quibus
1637 2352 1699 2387 at-

298 2409 375 2448 que
402 2398 492 2437 aliis
518 2398 558 2438 in
588 2401 686 2439 locis
703 2413 787 2439 cum
803 2404 1026 2451 praetorem
1051 2404 1119 2439 aut
1147 2401 1365 2451 praesidem
1385 2401 1579 2452 interpres
1608 2412 1699 2441 ver-

298 2451 401 2500 terit,
430 2453 611 2502 praebita
650 2466 795 2505 magno
836 2453 992 2492 Usserio
1021 2453 1062 2493 in
1089 2453 1383 2503 Smyrnensium
1412 2454 1537 2506 Epist.
1577 2467 1615 2506 p.
1644 2457 1699 2494 46

297 2506 360 2542 cd.
392 2505 572 2544 Ruinarti
613 2510 655 2546 ut
683 2508 873 2547 scriberet
898 2508 1053 2546 occasio
1082 2511 1169 2558 est,
1201 2508 1322 2547 totius
1349 2508 1576 2560 provinciae
1599 2520 1696 2559 pro-

297 2558 382 2609 prie
410 2559 538 2598 dictae
574 2559 694 2599 Asiae
722 2562 992 2611 proconsulem
1028 2565 1120 2600 tunc
1159 2562 1283 2601 fuisse
1321 2562 1567 2613 praesidem3
1595 2561 1698 2612 quod

297 2618 427 2653 tamen
453 2625 480 2653 a
507 2624 603 2653 vero
629 2616 767 2665 procul
787 2615 926 2656 abesse
954 2615 1260 2667 cognitissimum
1290 2620 1362 2658 est.
1416 2619 1504 2656 erat
1530 2627 1698 2667 procon-
