1780 3132
322 127 377 167 lN
417 124 782 169 SYNECDEMUM
823 129 1264 170 COMMENTARlUS.
1411 125 1505 172 539

72 237 163 280 duo
180 237 504 302 ‚P·51³9‚T³l[⁸⁰
528 240 572 278 et
598 236 789 281 Chalced.
816 254 856 294 p.
876 244 956 283 12⁷
983 240 1171 293 Busiridi,
1198 240 1366 283 urbibus
1392 240 1508 283 huius

73 304 320 348 provinciae,
345 304 472 346 mugi.

181 373 278 422 m,
306 373 372 412 10.
434 365 584 424 Κυνώ]
612 368 714 411 baec
741 374 804 411 est
830 368 856 421 ἧ
884 367 996 411 κάτω
1019 369 1161 425 Κυνώ,
1191 385 1218 413 a
1236 373 1357 414 Tava
1386 375 1441 413 30
1452 373 1509 413 M.

72 425 117 467 P.
141 429 300 467 remota
336 429 377 466 et
411 425 548 466 Busiri
586 425 741 475 vicina3
783 426 889 466 unde
918 427 1143 468 Hermaeou
1187 426 1233 467 ἐν
1262 426 1394 482 Κυνῴ
1438 425 1512 467 καί

71 476 460 577 ΙΙέἰῗιύσιριῙῶηῑὶεῐοε
500 480 543 522 iu
572 480 727 522 Meletii
765 481 976 522 Breviario
1015 496 1055 536 p.
1083 486 1176 524 188.
1234 483 1328 524 vide
1357 484 1508 524 Anton-

152 562 162 573 ι
190 548 230 589 P·
329 566 340 578 ,

102 630 107 643 ·
183 611 292 655 Ibid.
347 609 575 665 Βουσίρης]
606 617 788 667 praestat
807 610 1018 665 Βούσιρις.
1082 615 1269 656 Zonaras
1299 629 1324 657 a
1345 617 1506 657 Diocle-

71 667 184 711 tiano
214 680 398 710 eversam
428 673 468 709 et
495 669 858 722 imprudentissime
888 670 1041 710 Thebis
1085 670 1300 723 Aegyptiis
1334 672 1507 712 vicinam

71 724 223 765 tradit:
251 727 341 765 erat
369 723 471 764 enim
498 723 606 765 intra
632 725 764 766 Delta.
820 725 939 779 paria
971 725 1020 765 de
1048 726 1298 766 Diocletiano
1329 727 1433 767 Acta
1461 727 1505 768 S.

71 779 260 831 Ptocopii
289 791 323 819 c.
356 782 381 820 1
411 783 506 819 tom.
532 783 560 820 2
586 780 660 822 Iul.
689 794 727 834 p.
743 782 838 821 557.
896 784 936 820 et
964 781 1091 821 libros
1119 781 1329 832 chemieos,
1358 795 1408 822 ne
1428 782 1508 822 Ae-

71 834 204 887 gyptii
234 833 358 883 artis,
394 834 530 875 multis
569 835 948 887 desideratissimae,
988 836 1141 877 auxilio
1170 849 1259 876 sese
1287 838 1509 890 locupleta-

71 894 177 941 rent,
205 889 258 931 ab
288 889 427 930 eodem
457 894 621 932 exustos
650 893 845 944 referunt,
874 892 996 944 plane
1014 892 1067 932 ad
1089 891 1241 932 Suidae
1268 897 1438 932 mentem
1466 891 1508 933 iu

69 940 379 997 Διοκλητιανός.
420 945 478 986 10.
511 950 646 986 tamen
673 947 834 995 Pinius,
876 947 1067 988 Actorum
1095 947 1309 999 interpres,
1347 947 1509 988 Busirin

68 999 209 1041 urbem
237 999 376 1041 videre
404 1001 548 1053 noluit,
578 1014 665 1042 cum
696 1001 909 1053 προσῆλθε
939 999 986 1040 δὲ
1013 1000 1085 1040 καί
1111 1000 1238 1051 μέχρι
1266 997 1510 1052 Βουσίρεως

68 1051 363 1098 adBusiridis
383 1067 517 1111 usque
543 1058 846 1100 immanitatem
857 1059 1079 1111 processit
1094 1057 1228 1098 vertit.
1260 1057 1508 1098 Athanasius

69 1109 112 1151 in
139 1109 234 1152 Vita
250 1110 416 1152 Antonii
445 1125 478 1152 c.
495 1111 764 1164 58Βοὺσιριν
794 1109 869 1164 τήν
907 1112 1096 1161 τρίπολιν
1128 1112 1262 1163 habet,
1289 1124 1405 1166 quam
1435 1125 1509 1152 no-

69 1169 197 1207 stram
229 1178 319 1206 esse
355 1168 459 1207 Acta
485 1167 856 1219 chalcedonensia,
897 1169 1038 1221 quibus
1065 1167 1312 1208 Athanasius
1340 1167 1508 1208 antistes

67 1218 309 1275 Βουσίρεως
336 1218 565 1274 τριπόλεως
602 1226 689 1264 κατ’
720 1219 938 1276 Αἴγυπτον
975 1237 1015 1278 p.
1033 1226 1114 1265 188
1138 1223 1366 1276 subscribit,
1394 1223 1509 1264 dubi-

66 1279 158 1317 tare
185 1281 337 1318 vetant·

178 1341 288 1384 Ibid.
334 1335 497 1393 Ὥασις]
517 1334 675 1389 Ὄασις.
703 1348 765 1385 est
792 1348 923 1386 autem
952 1357 1085 1399 parva
1105 1346 1247 1387 Oasis:
1276 1345 1377 1386 duas
1405 1344 1510 1385 enim

68 1396 321 1440 Ptolemaeus
352 1402 393 1439 et
418 1399 572 1440 Notitia
602 1399 696 1454 imp.
737 1400 891 1440 Orient-
929 1413 962 1441 c.
991 1404 1071 1442 143
1099 1406 1221 1455 atque
1250 1401 1321 1441 alii
1351 1406 1508 1451 norunt,

68 1456 154 1493 tres
182 1453 333 1495 Strabo
363 1458 416 1494 17
444 1468 482 1507 p.
499 1457 583 1495 813
612 1459 652 1495 et
680 1456 989 1508 Olympiodorus
1020 1457 1126 1509 apud
1142 1457 1325 1496 Photium
1354 1456 1509 1496 cod.80

68 1520 109 1560 p.
124 1511 216 1549 191.
272 1509 374 1550 haec
401 1510 509 1550 circa
520 1510 713 1550 Moeridis
730 1511 807 1551 fuit
835 1511 989 1552 lacum:
1017 1513 1191 1552 fortasse
1219 1513 1359 1552 eadem
1391 1523 1509 1564 quam

68 1563 276 1606 Palladius
306 1565 349 1606 in
366 1565 462 1606 Vita
484 1564 763 1615 chrysostomi
795 1579 833 1618 p.
849 1569 930 1607 195
950 1559 1098 1605 ’Όασιν
1126 1564 1203 1617 τὴν
1232 1567 1396 1617 γείτονα
1427 1565 1509 1603 τῶν

69 1617 298 1671 Mamm,
340 1624 382 1660 et
419 1621 591 1661 loannes
621 1622 827 1662 Romanae
870 1622 1065 1662 ecclesiae
1102 1622 1296 1662 diaconus
1332 1622 1374 1660 in
1403 1620 1507 1660 Vitis

66 1673 231 1716 Pati-um
257 1688 291 1715 c.
321 1679 375 1716 12
398 1674 540 1727 (lasa,
570 1675 641 1717 ubi
676 1687 812 1730 ¹(penus
849 1680 918 1717 est
946 1675 1237 1726 Mazicorum‚
1270 1676 1506 1728 appellant:

67 1729 260 1779 Mazyces
292 1731 438 1784 quippe
466 1732 751 1772 Marmaricam
782 1732 873 1771 huic
914 1733 1108 1771 confinem
1134 1732 1376 1779 incolebant,
1405 1731 1508 1770 Peu-

2 1830 5 1837 ,
68 1785 308 1836 tapolitanis
349 1799 472 1838 saepe
496 1787 656 1838 infesti,
685 1792 726 1827 ut
755 1787 926 1827 diximus
956 1787 1066 1826 alibi.
1132 1787 1323 1838 Iosephus
1353 1786 1394 1825 in
1422 1786 1506 1837 Ap-

66 1839 177 1893 piou.
206 1844 234 1882 2
262 1845 291 1883 3
321 1838 364 1880 ἐν
387 1837 525 1881 Ὀάσει
554 1842 625 1893 τῆς
644 1838 863 1892 Αἰγύπτου
894 1842 1087 1894 Apionem
1118 1842 1243 1881 fuisse
1271 1848 1407 1880 natum
1433 1841 1506 1880 ad-

65 1894 226 1949 firmat,
265 1897 333 1950 qui
359 1910 445 1937 cum
473 1910 562 1950 cap.
584 1901 610 1938 4
648 1899 816 1938 eundem
860 1895 903 1935 ὲν
932 1896 987 1948 τῷ
1013 1892 1240 1948 βαθυτάτῳ
1271 1895 1343 1945 τῆς
1370 1888 1506 1944 Αἰγύ-

65 1961 173 1988 πτου
217 1952 364 1994 editum
403 1953 635 2005 profitetur,
663 1953 768 1994 hanc
794 1965 847 1993 an
883 1953 1073 1993 maiorem
1103 1952 1229 1992 Oasin
1256 1950 1508 1990 intellexerit

64 2004 260 2047 incertum
297 2007 472 2061 reliquit.
546 2009 688 2049 mirum
736 2013 868 2048 autem
910 2011 970 2047 est·
1011 2008 1219 2046 Mareoten
1258 2018 1414 2046 nomum
1452 2004 1503 2045 ab

63 2060 250 2102 Hierocle
276 2063 512 2115 praeteriri,
540 2076 657 2117 quem
686 2064 793 2104 aliae
829 2063 1005 2103 Notitiae
1035 2067 1074 2102 et
1103 2061 1373 2102 Conciliorum
1402 2060 1505 2100 Acta

66 2127 191 2168 saepe
218 2122 451 2159 memorant.
519 2120 649 2160 obiter
678 2118 903 2159 notabimus
935 2118 1146 2157 ridiculum
1177 2116 1362 2157 Corderii
1390 2128 1504 2155 erro-

64 2181 165 2220 rem,
191 2171 293 2214 haec
318 2174 480 2215 loannis
510 2175 721 2227 Philoponi
763 2174 790 2214 1.
821 2175 849 2211 5
874 2173 925 2212 de
954 2172 1090 2212 Mundi
1130 2171 1265 2212 Creat.
1304 2184 1337 2210 c.
1370 2173 1409 2210 5.
1437 2169 1505 2208 ὲλ·

63 2219 208 2278 λειπῆς
232 2241 330 2266 ποτε
370 2227 444 2267 τοῦ
481 2227 636 2267 Νείλου
671 2228 833 2278 γέγονεν
860 2225 884 2279 ἦ
915 2226 1126 2277 ὲηίβασις,
1164 2224 1236 2264 καί
1261 2224 1329 2274 τῆς
1361 2225 1506 2275 λίμνης

61 2279 136 2331 τῆς
162 2280 419 2335 καλουμένης
435 2283 614 2335 Μαρίας
635 2280 769 2332 βάθος
792 2277 868 2319 οὐκ
896 2277 1073 2333 ἐχούσης
1102 2278 1204 2320 πολι)
1231 2278 1300 2318 διὰ
1331 2276 1401 2331 τὴν
1430 2278 1506 2318 τοῦ

63 2328 219 2383 ὕδατος
243 2332 417 2389 ἔνδειαν,
450 2340 671 2391 vertentis,
701 2339 880 2390 contiyit
903 2336 1133 2392 aliquando
1163 2340 1211 2377 ut
1226 2334 1320 2377 Nili
1348 2346 1506 2376 ascen-

65 2400 146 2431 sus
171 2396 292 2433 esset
319 2395 555 2446 pertenuis,
582 2398 626 2435 et
650 2405 746 2434 cum
776 2392 916 2442 lacus,
947 2391 1125 2442 Μαρίας
1151 2387 1281 2441 βάθος
1310 2389 1506 2444 appella-

65 2448 152 2498 tus,
179 2445 385 2498 deficeret
423 2452 605 2501 propter
649 2459 788 2502 aquae
827 2449 1066 2501 penuriam.
1134 2447 1281 2487 fefellit
1310 2447 1505 2486 hominem

65 2499 270 2541 distinctio
299 2504 405 2543 male
434 2503 590 2556 posita:
629 2504 844 2553 debuerat,
873 2515 969 2543 cum
998 2502 1137 2553 lacus,
1167 2500 1320 2543 Maria
1347 2501 1505 2550 dictus,

65 2553 311 2608 profundus
348 2569 432 2598 non
473 2562 602 2599 esset.
670 2559 836 2611 patebat
875 2559 1013 2605 lacuS,
1050 2570 1174 2610 supra
1216 2570 1331 2610 quem
1359 2557 1506 2603 Nitriai,

66 2612 273 2652 monachis
320 2613 418 2653 olim
446 2614 736 2665 celeberrima,
771 2626 860 2653 sese
897 2614 1154 2665 porrigebat,
1196 2614 1251 2653 M.
1291 2613 1334 2652 P.
1364 2615 1441 2657 ¹70,
1469 2610 1505 2650 Si

63 2664 272 2708 Palladius
300 2668 451 2710 Histor.
485 2669 710 2711 Lausiacae
739 2681 775 2710 c.
804 2673 833 2711 9
869 2681 949 2710 uon
979 2669 1111 2710 fallit:
1147 2681 1239 2709 nam
1273 2668 1395 2708 aliter
1424 2665 1506 2706 Pli-
