1780 3132
163 205 251 249 188
424 209 752 250 CONSTANTlN
757 210 771 246 1
812 207 1209 248 PORPHYROGEN
1213 209 1280 247 1T1

159 305 269 360 αὐτῷ
295 311 423 345 κεῖται
453 307 522 346 καί
546 306 568 358 ἦ
599 304 748 357 ταύτης
772 305 843 344 νῦν
870 306 1029 359 ἐκκοπη,
1059 304 1162 345 α’λλά
1192 304 1302 357 παρὰ
1332 307 1403 345 τοῦ
1432 321 1564 357 μακα-

34 379 60 412 P
83 369 249 420 11791'011
278 372 502 419 βασιλέως·
559 371 630 408 καί
654 367 707 421 μὴ
742 369 896 408 δίκαιον
926 365 1031 410 εἶναι
1059 367 1109 410 τὰ
1138 371 1217 410 τῶν
1249 372 1565 422 προβεβασιλευ-

158 431 286 473 κότων
322 431 429 485 παρα
476 433 556 472 ταῖν
597 428 767 485 ὕστερον
809 433 1125 485 ἀνατρέπεσθαι.
1194 431 1348 485 ἔγραψε
1391 435 1428 474 δ’
1456 431 1566 484 ὅμως

157 495 258 547 πρὸς
285 494 352 535 τὸν
382 494 505 535 αὐτὸν
529 497 775 549 Ταρωνίτην,
806 498 1032 550 δηλοποιαῖν
1063 497 1176 551 αὐτῷ
1205 496 1278 548 τὴν
1304 498 1381 537 τῶν
1407 497 1566 549 εἰρημέ-

158 576 237 600 νων
270 560 431 611 ἀνδρῶν
458 557 588 612 λύπην
618 559 688 600 καί
705 559 944 601 σκάνδαλον.
1003 558 1023 600 ὅ
1053 562 1098 600 δὲ
1129 559 1302 614 α’νήγαγε
1329 559 1429 613 μήτε
1457 571 1598 612 χρυ-5

159 623 231 663 σόν
255 621 356 674 μήτε
388 619 564 675 ἄργυρον
605 624 798 676 παρέχειν
828 622 1047 677 δύνασθαι,
1078 624 1314 677 ὑπισχνεῖτο
1345 626 1389 664 δὲ
1417 622 1568 672 ἔξωθεν

159 689 236 727 τῶν
263 685 364 726 κατὰ
404 686 528 727 τύπον
564 683 915 740 οἷποστελλομένων
954 689 1092 738 ξενίων
1131 688 1287 729 διδόναι
1331 687 1472 740 ἱμάτια
1501 688 1572 727 καί

158 749 407 803 χαλκώματα
435 753 559 804 μέχρι
587 752 665 792 τῶν
696 753 792 792 δέκα
818 753 966 805 λιτρῶν
993 754 1298 804 συντιμώμενα·
1354 749 1382 792 ἄ
1410 750 1479 791 καί
1506 752 1571 792 δὲ-

160 816 263 855 δωκε
303 816 426 866 μέχρι
466 818 590 867 τριῶν
629 812 657 869 ἢ
698 814 908 868 τεσσάρων
949 818 1159 857 ἐνιαυτῶν.
1233 816 1331 867 μετὰ
1365 817 1409 857 δὲ
1436 817 1570 856 ταῦτα

159 879 334 932 α’νήγαγε
363 879 418 932 μή
451 881 655 920 δύνασθαι
686 882 882 934 παρέχειν
916 879 961 920 τό
991 882 1172 921 τοιοῦτον
1199 881 1373 921 admov-
1426 879 1498 932 τὴν
1525 879 1570 919 δὲ
1583 887 1625 921 10

161 940 287 998 ῥόγαν
315 940 340 996 ἢ
366 949 511 995 προῖκα
542 943 761 996 λαμβάνειν
789 944 901 997 ἦξιόυ
941 943 1079 992 καθώς
1107 943 1178 985 έπί
1202 946 1278 985 τοῦ
1307 941 1570 998 μακαριωτὰ·

160 1021 233 1047 του
265 1009 465 1058 βασιλέως
492 1010 682 1062 Λέοντος,
710 1006 736 1061 ἢ
765 1010 982 1060 ἐκκοπῆναι
1017 1008 1156 1062 αὐτήν.
1216 1005 1314 1049 ὅθεν
1341 1007 1408 1049 διὰ
1437 1006 1480 1049 τὸ
1511 1006 1568 1060 μὴ

160 1072 218 1117 εἰς
243 1070 466 1111 σκάνδαλον
493 1069 598 1112 εἶναι
624 1075 695 1113 τοῦ
725 1075 927 1114 Κακικιόυ
969 1075 1038 1112 καί
1063 1075 1138 1112 τοῦ
1167 1071 1475 1127 κουροπαλιὶτου
1503 1074 1575 1112 καί

159 1136 241 1176 τῶν
270 1138 421 1176 λοιπῶν
452 1139 618 1187 ἐξέκοψε
648 1135 803 1191 ταύτην
833 1136 854 1178 ὅ
883 1138 1090 1191 εἰρημένος
1112 1136 1424 1189 μακαριώτατος
1452 1139 1573 1188 βασι-

161 1199 255 1248 λεὺς
276 1198 504 1251 εΡωμανός.
532 1201 903 1253 παραμυθούμενος
924 1203 969 1242 δὲ
986 1198 1121 1255 ὥσπερ
1143 1201 1286 1254 αὐτόν,
1314 1199 1415 1254 μετὰ
1443 1202 1574 1242 ταῦτα
1588 1210 1631 1244 15

162 1264 233 1305 τὸν
264 1264 409 1304 τούτου
440 1263 528 1305 υἱὸν
556 1266 749 1307 Ἀσώτιον
794 1268 836 1307 έν
861 1268 912 1322 τῇ
942 1267 1055 1306 πόλει
1083 1268 1385 1320 παραγεγονότα
1412 1267 1470 1314 εἷς
1497 1282 1576 1305 πα-

162 1329 340 1382 τρικίους
380 1328 545 1382 ἑτιζαησε
583 1333 654 1370 καί
690 1330 1095 1385 φιλοφρονησάμενος
1135 1332 1352 1384 αυ’ταρκῶ’ς
1394 1323 1496 1384 πρὸς
1523 1328 1572 1371 τὰ

164 1393 252 1436 ἴδια
287 1396 553 1443 ἐξαπέστειλε.
620 1397 696 1435 τοῦ
733 1397 777 1436 δὲ
819 1398 1049 1449 μαγίστρου
1091 1396 1164 1436 τοῦ
1201 1397 1470 1447 Κρικορικιόυ
1507 1391 1578 1435 τὸν

166 1460 256 1512 βίον
288 1458 576 1512 ἀπολιπόντος,
622 1458 798 1512 ἀνήγαγε
839 1458 1046 1512 Τορνίκιος
1088 1458 1109 1498 ὅ
1138 1462 1210 1500 τοῦ
1233 1458 1460 1511 Ἀπογὰνεμ
1488 1455 1579 1504 υἱὸς

167 1523 299 1576 ἔρωτα
327 1518 439 1574 ἔχειν
460 1521 675 1575 ἐγκάρδιον
704 1524 902 1564 εἰσελθεῖν
932 1523 1002 1563 καί
1032 1522 1098 1563 τὸν
1123 1525 1297 1574 βασιλέα
1323 1522 1576 1563 θεάσασθαι·
1589 1525 1636 1561 20

170 1590 235 1642 ἐφ’
263 1582 293 1644 ᾦ
322 1588 392 1627 τόν
418 1588 784 1640 πρωτοσπαθάριον
811 1589 1008 1641 Κρινίτην
1038 1589 1109 1627 καί
1133 1584 1378 1640 ἓρμηνευτὴν
1409 1585 1430 1625 ὃ
1458 1589 1580 1638 βασι-

172 1651 263 1699 λεὺς
291 1654 592 1704 ἐξαπέστειλεν,
622 1649 666 1698 ὃς
693 1654 762 1692 καί
797 1648 1007 1704 εἰσήγαγεν
1035 1652 1078 1692 ἐν
1106 1653 1157 1706 τῇ
1183 1649 1297 1691 πόλει
1323 1648 1390 1691 τὸν
1417 1649 1582 1704 εἰρημέ-

171 1732 239 1757 νον
270 1717 489 1770 Τορνίκιον,
515 1715 585 1756 καὶ
613 1716 816 1769 προήγαγε
843 1714 913 1756 τὸν
952 1713 1078 1756 αὐτὸν
1110 1716 1315 1769 Τορνίκιον
1343 1713 1364 1754 ὅ
1390 1713 1583 1766 βασιλεὺς

267 1830 310 1863 13
333 1831 462 1865 Κικίου
481 1831 517 1862 Μ

177 1932 272 1964 dium
298 1941 368 1962 nou
394 1942 412 1962 a
439 1941 475 1963 se
502 1941 575 1962 esse
602 1930 663 1962 sed
690 1930 732 1963 ab
757 1931 966 1975 imperatore
991 1930 1170 1969 defuncto,
1199 1929 1351 1973 ideoque
1377 1938 1443 1960 nec
1466 1927 1502 1960 in
1523 1938 1585 1959 sua

176 1982 351 2022 potestate
379 1987 451 2008 esse
478 1976 514 2008 id
535 1976 748 2018 rescindere3
771 1987 885 2020 neque
910 1977 1038 2008 iustum
1066 1986 1139 2008 esse
1163 1976 1314 2019 priorum
1340 1974 1587 2017 imperatorum

178 2028 254 2056 acta
278 2022 527 2067 posterioribus
562 2022 706 2055 aboleri.
753 2023 942 2054 'l'arouitae
975 2021 1204 2054 nihilominus
1228 2032 1290 2064 per
1313 2021 1428 2052 literas
1452 2019 1588 2062 signifi-

179 2069 272 2102 cavit
295 2068 464 2100 dictorum
493 2069 644 2100 virorum
668 2067 825 2100 dolorem
851 2073 886 2100 et
908 2070 1093 2109 offensam3
1126 2067 1189 2099 ille
1213 2077 1295 2099 vero
1322 2064 1502 2109 respondit
1523 2074 1589 2096 ne-

180 2126 248 2159 que
272 2124 395 2145 aurum
422 2125 537 2158 neque
564 2119 742 2157 argentum
767 2114 848 2145 dare
867 2124 902 2145 se
929 2124 1045 2155 posse;
1068 2113 1229 2157 promisit
1251 2123 1332 2144 vero
1350 2116 1488 2155 prae-ter
1509 2121 1590 2142 mu-

179 2171 264 2193 nera
289 2170 328 2191 ex
354 2171 446 2192 more
487 2161 578 2193 mitti
611 2160 714 2192 solita
752 2160 787 2191 in
817 2158 968 2191 vestibus
1000 2164 1035 2191 et
1072 2169 1151 2191 aere
1185 2157 1229 2190 ad
1269 2157 1390 2190 decem
1423 2155 1590 2188 librarum

182 2206 483 2246 aestimationem,
517 2205 684 2249 deditque
703 2211 772 2238 tres
796 2209 855 2236 aut:
887 2209 1053 2248 quattuor
1074 2215 1192 2236 annos.
1240 2208 1363 2247 postea
1385 2207 1503 2235 autem
1525 2212 1591 2234 ne-

182 2263 251 2296 que
271 2251 339 2283 hoc
358 2263 394 2282 se
419 2252 587 2284 tributum
615 2252 792 2284 exsolvere
820 2261 920 2294 posse
952 2249 1122 2291 ostendit3
1155 2249 1371 2294 stipendium
1405 2258 1486 2280 vero
1518 2247 1592 2280 sive

182 2297 300 2330 dotem
336 2297 547 2340 postulabat,
581 2296 872 2341 quemadmodum
906 2295 970 2327 sub
1009 2295 1205 2327 beatissimo
1241 2293 1593 2339 imperatorefLeone

183 2349 268 2380 erat,
298 2349 358 2374 aut
384 2342 450 2374 hoc
474 2343 607 2375 aboleri
629 2342 791 2381 volebat3
816 2346 1025 2386 quapropter
1056 2341 1158 2373 etiam
1190 2351 1235 2373 ne
1260 2339 1508 2373 offendiculum
1536 2349 1592 2371 es-

182 2395 236 2422 set
264 2388 399 2421 Cacicio
436 2394 470 2420 et
509 2389 733 2432 curopalatae
766 2387 999 2432 reliquisque,
1039 2386 1260 2419 beatissimus
1296 2396 1398 2430 quem
1430 2384 1502 2417 dixi
1529 2384 1594 2416 im-

184 2440 323 2479 perator
356 2435 530 2466 Romanus
563 2433 630 2466 hoc
664 2434 829 2466 abolevit.
888 2434 1031 2476 eiusque
1065 2433 1114 2464 rei
1151 2443 1252 2475 ergo,
1290 2432 1389 2464 velut.
1430 2431 1467 2462 in
1499 2430 1592 2462 sola-

183 2492 275 2519 men,
300 2485 423 2524 postea
455 2480 565 2511 filium
600 2480 675 2512 eius
701 2479 859 2512 Asotium
899 2479 936 2510 in
959 2477 1079 2510 urbem
1113 2489 1191 2510 cum
1215 2478 1387 2516 venisset,
1411 2476 1595 2520 patricium

185 2526 325 2564 creavit,
351 2525 534 2570 multoque
562 2526 598 2557 in
634 2525 766 2557 honore
801 2523 1007 2568 aliquandiu
1031 2522 1188 2555 habitum
1213 2526 1250 2555 in
1273 2529 1398 2556 terram
1422 2531 1516 2554 suam
1538 2530 1594 2552 re-

185 2572 291 2605 misit.
342 2577 477 2603 mortuo
507 2577 620 2603 autem
645 2572 808 2613 magistro
838 2570 1035 2608 Cricoricio,
1069 2569 1254 2601 Tor-nicius
1281 2570 1478 2611 Apoganem
1500 2565 1594 2598 filius

187 2617 400 2650 desiderium
424 2618 545 2660 ingens
561 2628 640 2660 prae
665 2628 701 2649 se
719 2617 802 2648 tulit
826 2616 947 2648 urbem
963 2620 999 2647 et.
1021 2616 1265 2658 imperatorem
1289 2613 1450 2653 videndi.)
1473 2622 1596 2655 quam·

188 2663 307 2696 obrem
332 2663 647 2707 protospatharium
675 2662 834 2694 Criniteu
861 2666 896 2694 et
919 2662 1143 2704 interpretem
1169 2661 1254 2692 illuc
1276 2659 1373 2692 misit
1397 2659 1596 2702 imperator.

189 2709 249 2756 qui
287 2720 364 2742 eum
400 2710 437 2741 iu
466 2708 586 2742 urbem
624 2707 830 2747 adduceret,
861 2706 1118 2752 adductumque
1151 2705 1287 2751 patricii
1318 2704 1451 2737 honore
1486 2702 1593 2735 auxit..
