1780 3132
223 138 286 184 64
354 140 652 184 CONSTANT.
683 142 1038 184 PORPHYROG.
1070 142 1144 184 DE
1178 143 1346 187 THEM.
1378 144 1480 187 LIB.
1512 145 1565 187 11.

1132 252 1329 270 22222

429 252 596 305 ’Ῑναχίης
617 251 687 292 οὐκ
711 252 787 304 εἰμὶ
807 250 903 303 βοὸς
922 249 1066 303 τύπος,
1101 254 1174 294 ovd
1215 271 1269 294 απ
1311 260 1415 307 εμεῖο

487 317 663 374 κλῄζεται
682 317 860 359 ἀντωπόν
876 317 1102 373 Βοσπόριον
1118 320 1303 374 πέλαγος·

431 386 556 438 κείνην
577 385 653 440 γὰρ
674 384 719 426 τὸ
743 383 913 440 πάροιθε
932 386 1061 440 βαρὺς
1074 384 1194 439 χόλος
1212 386 1357 439 ἤλασεν
1368 385 1498 442 “Ηρης

485 452 525 500 ἐς
548 450 705 505 Φάρον·
738 450 810 505 ἣδε
833 451 873 492 δ’
898 451 972 506 ἐγὼ
995 453 1190 508 Κεκροπίς
1210 455 1287 506 εἶμι
1306 454 1437 503 νέκυς·

429 516 571 566 εὐνέτις
591 513 640 570 ἦν
662 519 703 559 δὲ
720 517 927 574 Χάρητος·
960 517 1086 560 ἕπλων
1106 519 1148 560 δ’
1172 519 1234 561 ὅτε
1253 524 1380 562 πλῶεν
1397 522 1539 570 ἐκεῖνος
1647 527 1668 560 5

481 586 575 639 τῇδε
597 587 834 626 Φιλιππείων
851 585 1059 635 ἀντίπαλος
1077 587 1273 642 σκαφέων.

428 652 591 691 Βοίδιον
612 651 762 705 οὕνομα
783 651 825 693 δ’
849 646 918 703 ’ἦεν
939 652 1024 705 ἐμοὶ
1044 651 1152 700 τότε,
1185 658 1255 694 νῦν
1275 654 1317 695 δὲ
1332 650 1524 708 Χάρητος

482 717 644 768 εὐνέτις,
674 719 849 773 ἠπείροις
869 719 1058 774 τέρπομαι
1082 719 1336 776 ἀμφοτέραις.

214 802 235 844 ὁ
276 804 320 844 δὲ
357 802 501 859 Χάρης
536 806 678 854 ἐκεῖνος
704 801 753 858 ἦν
781 805 999 862 στρατηγὸς
1023 806 1254 860 Ἀθηναίων.
1323 808 1359 849 οἱ
1389 809 1433 850 δὲ
1459 805 1635 862 ἐγχώριοι

219 868 459 926 Φωσφόριον
477 871 572 912 αὐτὸ
592 876 756 913 καλοῦσι
772 875 1222 927 παραγραμματίζοντες,
1252 873 1348 916 ὅθεν
1367 875 1403 916 οἱ
1422 875 1472 916 τὰ
1488 873 1634 929 πάτρια
1648 882 1690 916 10

213 936 526 993 συγγεγραφότες
544 943 614 978 τοῦ
634 940 851 989 Βυζαντίου
875 939 997 991 ἄλλην
1017 941 1235 982 ἐπιτιθέασι
1255 942 1431 995 μυθικὴν
1450 942 1636 998 ἱστορίαν,

213 1003 273 1046 ὅτι
298 1005 496 1045 Φιλίππου
516 1009 588 1046 τοῦ
607 1004 845 1055 Μακεδόνος
864 1006 908 1048 τὸ
929 1004 1146 1057 Βυζάντιον
1165 1011 1466 1063 πολιορκοῦντος

301 1110 320 1142 1
343 1106 493 1151 Ἰναχίης
514 1107 604 1153 βοὸς
626 1106 694 1143 οὐκ
717 1107 788 1152 εἰμὶ
809 1106 936 1153 τύπος,
961 1106 1049 1143 οὐδ’
1075 1107 1146 1143 ἀπ’
1167 1107 1268 1153 ἐμοῖο
1292 1109 1498 1155 Βοσπόριον
1520 1109 1636 1145 ἀντω-

296 1151 372 1187 πὸν
392 1153 558 1197 κέκληται
581 1151 734 1198 πέλαγος
757 1154 829 1188 Ac.
861 1155 907 1188 cf.
932 1156 1082 1199 Symeon
1107 1166 1195 1199 mag.
1217 1167 1250 1199 p.
1269 1156 1333 1190 479
1466 1157 1490 1191 4
1509 1155 1636 1199 πᾶφον

299 1193 364 1232 ἅδε
388 1199 417 1232 Α
507 1200 528 1233 5
552 1196 683 1232 ἕπλουν
707 1197 745 1232 δὲ
770 1193 833 1231 ὅτ’
858 1202 887 1233 Α
978 1197 1104 1233 ἔπλοεν
1126 1200 1174 1244 A,
1197 1198 1309 1233 πλόεν
1328 1200 1358 1234 C
1447 1203 1468 1237 7
1491 1200 1634 1246 βοΐδιον

299 1240 339 1277 δὲ
363 1240 544 1286 καλεύμοιν
567 1241 634 1286 ἐγώ
661 1244 729 1277 νῦν
751 1244 811 1278 Ac

421 1331 582 1366 Inachiae
605 1344 670 1366 non
695 1343 767 1366 sum
790 1331 889 1366 bovis
911 1331 1041 1376 figura,
1066 1343 1129 1365 nec
1152 1343 1174 1366 a
1198 1344 1249 1366 me

478 1382 622 1411 vocatur
645 1378 824 1411 adversum
848 1388 938 1410 mare
959 1377 1176 1421 Bosporium:

421 1422 547 1466 quippe
570 1422 657 1455 hanc
680 1422 809 1467 pridem
833 1422 886 1455 ira
908 1422 1023 1465 gravis
1048 1421 1163 1465 abegit
1186 1421 1326 1455 Iunonis

475 1467 511 1500 in
530 1467 694 1509 Pharum,
722 1472 776 1500 ast
799 1478 860 1511 ego
885 1473 1015 1500 mortua
1037 1477 1109 1500 sum
1133 1466 1311 1510 Cecropis.

419 1521 506 1545 uxor
529 1523 620 1545 eram
642 1511 818 1554 Charetis,
842 1522 952 1544 comes
974 1511 1023 1545 illi
1045 1511 1140 1545 facta
1159 1509 1399 1554 navigationis,

474 1567 547 1589 cum
570 1557 627 1590 ille
647 1563 767 1590 contra
788 1555 939 1601 Philippi
962 1555 1101 1589 classem
1124 1556 1412 1600 proficisceretur.

417 1601 559 1634 buculae
581 1602 661 1634 mihi
686 1613 805 1634 nomen
828 1601 909 1644 fuit,
935 1612 1024 1633 nunc
1047 1612 1129 1634 vero
1152 1601 1310 1634 charetis

473 1645 597 1679 coniux
620 1651 765 1690 utraque
787 1651 880 1680 terra
902 1645 1066 1679 delector.

204 1711 334 1744 Chares
366 1714 477 1744 autem
507 1712 564 1746 ille
593 1712 660 1746 fuit
691 1714 759 1746 dux
781 1713 950 1746 exercitus
972 1711 1238 1745 Atheniensium.
1285 1714 1433 1746 ceterum
1456 1712 1637 1757 indigenae

204 1767 325 1789 nomen
348 1756 575 1801 depravantes
596 1757 846 1802 Phosphorium
869 1757 951 1790 illud
973 1756 1156 1801 appellant,
1179 1757 1268 1790 unde
1289 1758 1414 1790 factum
1440 1762 1494 1790 est
1518 1764 1555 1791 ut
1577 1759 1635 1802 qui

205 1800 367 1843 Origines
400 1802 611 1845 Byzantinus
646 1803 834 1847 scripsere,
867 1802 965 1835 aiiam
998 1801 1214 1836 adiunxerint
1236 1801 1424 1836 fabulosam
1446 1802 1633 1846 historiam,

203 1845 363 1892 Philippo
388 1846 575 1882 Macedone
598 1847 803 1892 Byzantium
825 1847 1004 1881 obsidente
