1780 3132
247 186 340 235 284
713 196 1204 240 ANIMADVERSIONES

246 305 367 355 alunt,
396 309 640 357 nuncupata,
680 310 723 345 ut
751 312 812 346 est
838 309 940 360 apud
968 309 1187 350 cedrenum
1213 309 1263 349 ad
1292 321 1432 354 annum
1462 313 1515 361 20
1543 309 1648 351 con.

244 363 363 398 stant.
406 358 496 398 vide
524 360 753 411 Procopium
782 361 830 399 de
858 362 985 403 Aedif.
1024 365 1063 412 5,
1101 363 1308 403 Eusebium
1348 363 1397 402 de
1434 364 1517 403 vita
1543 363 1648 403 Con-

244 412 408 451 stantini
431 415 457 451 4
483 417 549 461 61,
579 413 888 462 Philostorgium
919 419 943 456 9..
973 421 1036 465 13,
1064 417 1222 457 Socrat.
1251 416 1459 467 Nicephor.

350 479 415 525 2⁷,
442 479 479 515 9.
536 474 696 526 γέφυρα
727 474 795 530 ἢν]
833 480 922 519 vide
950 482 1180 532 Procopium
1208 481 1256 519 de
1277 480 1404 519 Aedif.
1434 483 1461 519 5
1478 485 1516 521 3.
1545 481 1648 521 San-

245 528 356 578 garis
382 533 510 567 autem
538 528 677 569 fluvius
692 531 810 571 Asiae
839 534 1000 574 minoris
1019 547 1087 574 seu
1106 535 1316 584 Phrygiae,
1342 534 1390 572 de
1419 546 1494 585 quo
1525 535 1648 574 multa.

243 581 447 632 Philippus
476 582 706 624 Maussacus
744 585 784 624 in
812 588 918 626 notis
949 589 999 627 ad
1027 588 1276 627 Plutarchum
1318 587 1366 625 de
1393 588 1646 628 Fluminibus.

243 638 413 727 ‹ieterum
436 635 686 728 {epigramma
722 640 832 690 ponti
872 640 961 680 huic
998 642 1236 694 adscriptum
1276 642 1449 680 refertur
1480 641 1598 681 etiam
1623 653 1650 680 a

282 700 407 728 onara
540 720 550 729 .

351 756 416 801 28,
445 758 484 792 6·
556 754 876 809 Μαριανδυνοί]
919 759 976 799 sic
1024 760 1209 799 scribitur
1256 759 1359 810 apud
1397 757 1652 810 Stephanum,

242 805 492 846 Eustathium
533 808 585 847 ad
609 808 764 862 Perieg,
797 814 837 849 et
865 813 966 863 apud
998 813 1110 853 alios.
1166 825 1372 864 perperam
1401 813 1442 852 in
1471 812 1586 851 editis
1611 817 1651 851 et

243 860 284 899 in
314 873 392 900 mss
420 861 1085 915 PorphyrogenitiIl1a0vavdqvoae'.
1141 866 1402 914 Mariandyna
1431 869 1559 905 autem
1586 877 1652 905 re-

242 914 310 964 gio
338 915 395 953 sic
435 915 541 955 dicta
586 916 661 955 fuit
699 929 724 956 a
759 918 929 968 quodam
969 920 1232 968 Mariandyno
1274 919 1482 968 Aeolensi,
1521 923 1566 959 ut
1592 919 1650 959 ait

242 967 480 1019 Stephanus.
537 970 673 1009 eadem
695 970 832 1010 scribit
861 976 900 1011 et
918 973 1146 1013 Eustathius
1173 973 1223 1012 ad
1243 973 1474 1025 Periegetae
1501 975 1648 1012 ν.787.

242 1021 475 1061 scholiastes
505 1035 601 1062 vero
629 1023 831 1075 Apollonii
868 1026 1012 1066 Rhodii
1043 1031 1069 1066 2
1099 1029 1177 1066 140
1215 1026 1500 1076 Mariandynus
1523 1026 1651 1066 dictos

241 1075 298 1114 ait
328 1070 406 1112 α’πὸ
432 1075 736 1125 Μαριανδυνοῦ
761 1074 854 1115 υἱοῦ
882 1077 1134 1130 Κιμμερίου.

348 1137 455 1180 Ιόὶά.
483 1144 522 1180 7.
589 1140 762 1181 Galatae
797 1147 838 1182 et
882 1144 1136 1194 Mariandyni
1178 1143 1510 1196 Porphyrogeniti
1550 1155 1652 1183 aevo

243 1192 336 1231 dicti
364 1198 455 1232 sunt
487 1193 740 1235 buccellarii
779 1197 963 1236 fortassis
994 1198 1095 1250 quod
1124 1199 1214 1238 hinc
1240 1197 1456 1238 ministerio
1491 1197 1649 1248 potissi-

242 1258 343 1287 mum
368 1247 515 1287 addicti
545 1253 688 1298 essent,
719 1262 788 1289 seu
818 1255 862 1289 ut
888 1252 957 1290 alii
988 1252 1147 1300 volunt,
1188 1252 1290 1303 quod
1320 1251 1464 1291 milites
1491 1251 1650 1290 buccel-

239 1300 332 1340 larii
358 1301 450 1340 olim
487 1302 528 1341 in
558 1314 606 1341 ea
649 1303 812 1354 regione
839 1305 987 1344 tuenda
1017 1306 1259 1345 excubarent
1284 1305 1326 1344 in
1353 1303 1562 1355 praesidiis
1590 1304 1652 1343 lo-

240 1354 332 1393 cati.
387 1355 522 1394 Lexic.
548 1356 691 1396 Graec.
722 1369 780 1396 ms
811 1359 911 1409 Reg.
942 1359 1028 1398 cod.
1046 1363 1178 1398 2062:
1207 1358 1246 1396 Γ
1244 1356 1483 1406 αλογραικιά
1509 1353 1535 1406 ἧ
1566 1355 1650 1394 τῶν

239 1407 542 1456 βουκελλαρίων
567 1406 698 1459 χώρα.
756 1405 793 1447 οἱ
821 1410 941 1449 αὐτοὶ
967 1410 1037 1449 καί
1063 1407 1397 1461 Ἑλληνογαλάται
1423 1407 1652 1462 γράφονται

240 1453 267 1511 ἢ
298 1456 576 1508 ὄνομάζονται.
631 1464 721 1502 vide
747 1464 913 1504 Suidam
940 1477 978 1505 v.
1007 1462 1303 1514 βουκελλάριοι.

348 1513 456 1555 Ibid.
487 1519 551 1556 17.
606 1513 676 1565 τήν
710 1514 817 1566 Τιὀν]
849 1518 968 1569 paulo
995 1518 1101 1557 iufra
1136 1518 1236 1558 hanc
1262 1519 1387 1569 ipsam
1415 1517 1551 1556 urbem
1579 1529 1651 1568 ap-

240 1569 366 1619 pellat
392 1570 758 1622 Porphyrogenitus
788 1566 834 1608 τὸ
871 1566 1005 1621 Τήϊον.
1067 1572 1124 1610 sic
1156 1572 1258 1623 apud
1297 1571 1511 1622 scriptores
1539 1570 1652 1609 varie

242 1623 428 1662 scribitur
454 1636 594 1663 nomen
624 1625 738 1664 huius
765 1625 895 1664 urbis:
924 1625 1067 1676 quippe
1086 1623 1190 1672 Τιός,
1217 1625 1322 1674 Τῖον,
1356 1622 1498 1675 Τιἐιον,
1532 1618 1651 1672 Τήϊος

242 1680 281 1715 et
316 1672 439 1726 Τήϊον
463 1678 662 1718 scribitur.
732 1678 797 1730 qui
826 1690 923 1717 vero
952 1678 1053 1717 hanc
1080 1679 1215 1717 urbem
1243 1691 1328 1717 cum
1356 1677 1531 1716 Amastri
1557 1689 1652 1716 cou-

242 1730 410 1769 fundunt
438 1731 645 1770 admodum
677 1735 832 1771 errant:
861 1731 1004 1783 quippe
1031 1732 1128 1771 Tius
1157 1732 1206 1770 ab
1238 1730 1411 1770 Amastri
1440 1731 1563 1770 distat
1590 1729 1650 1769 vi-

241 1784 344 1834 ginti
371 1784 536 1834 stadiis,
578 1789 621 1824 ut
647 1785 767 1824 habet
794 1785 1020 1836 Stephanus
1046 1785 1286 1833 Byzantius:
1329 1780 1366 1821 οἱ
1395 1778 1539 1828 πάντες
1569 1779 1649 1819 α’πό

247 1831 346 1874 Τιὀυ
374 1836 431 1882 εἰς
447 1831 678 1888 ’Ἀμαστριν
705 1834 865 1876 στάδιοι
897 1834 1035 1876 εἴκοσι.
1093 1843 1135 1878 at
1161 1838 1389 1878 Marcianus
1415 1837 1654 1876 Heracleota

242 1890 282 1930 in
314 1891 495 1942 Periplo,
534 1893 639 1931 unde
666 1892 764 1932 haec
805 1893 988 1932 videntur
1025 1892 1277 1944 deprompta:
1319 1886 1357 1929 οἱ
1396 1886 1541 1935 πάντες
1571 1884 1651 1927 α’πό

247 1943 344 1982 Τίου
376 1944 434 1990 εἰς
448 1937 683 1994 ”Auctorem
707 1940 854 1984 στάδια
883 1940 959 1984 σκ’.

350 2006 457 2049 Ibid.
489 2013 552 2049 18.
606 2009 782 2050 Basilaei
813 2009 1060 2061 episcopatus
1077 2040 1087 2059 ‚
1115 2010 1187 2049 sub
1214 2009 1308 2048 sede
1336 2007 1548 2056 Aneyrana
1573 2017 1655 2044 me-

243 2064 412 2114 tropoli,
455 2063 600 2103 mentio
639 2063 812 2103 occurrit
850 2063 892 2102 in
926 2063 1204 2102 constitutione
1230 2062 1363 2101 Alexii
1390 2059 1653 2112 imperatoris.

243 2113 472 2154 Βασίλαιον
499 2121 628 2158 autem
658 2130 710 2158 an
735 2117 837 2157 idem
862 2117 1045 2169 oppidum
1074 2117 1177 2169 quod
1194 2114 1421 2155 Βασίλειαν
1451 2114 1556 2166 apud
1572 2112 1654 2152 An-

243 2182 334 2209 nam
361 2170 600 2211 Comnenam
638 2185 675 2223 p.
707 2175 798 2211 171.

351 2239 416 2285 29,
447 2237 486 2276 5.
540 2229 833 2284 ἀρχαιότατον]
863 2235 961 2274 haec
987 2234 1269 2285 interpretatus
1298 2245 1382 2273 sum
1410 2245 1494 2272 cum
1508 2231 1654 2272 Vulca-

244 2289 322 2337 nio,
349 2288 632 2329 stolidissima
672 2293 715 2329 et
759 2290 1119 2340 contemptissima
1154 2299 1260 2339 yens
1288 2291 1383 2328 est.-
1412 2298 1550 2326 verum
1565 2282 1654 2347 ‘dp-

242 2337 461 2390 χαιότατον
500 2344 603 2383 verti
631 2347 766 2395 posset
793 2343 910 2382 etiam
946 2343 1234 2382 vetustissima
1258 2352 1363 2392 ,qens
1389 2343 1483 2386 est,·
1511 2349 1655 2398 quippe

245 2396 295 2434 de
324 2397 648 2449 Paphlagonibus
675 2398 732 2437 ita
759 2397 998 2436 lastinianus
1026 2396 1194 2434 Novella
1223 2391 1312 2434 xff:
1352 2389 1394 2431 τὸ
1424 2393 1653 2443 Παφλαγο-

244 2462 323 2488 νων
351 2444 469 2495 ἔθνος
495 2447 671 2500 α’ρχαῖόν
697 2463 739 2488 τε
767 2450 837 2488 καί
863 2447 936 2486 οὔκ
973 2445 1186 2495 ἀνώνυμον
1215 2443 1425 2497 καθεστός,
1452 2441 1557 2484 ἀλλὰ
1585 2456 1658 2482 το-

244 2501 389 2541 σοῦτον
417 2499 472 2549 ὥς
492 2504 562 2541 καί
581 2501 768 2549 ἀποικίας
786 2501 965 2552 μεγάλας
993 2500 1196 2549 ἐκπέμψαι
1219 2501 1289 2539 καί
1320 2496 1394 2544 τὰς
1421 2498 1464 2537 ἐν
1488 2497 1657 2559 Ἰταλοῖς

244 2557 474 2595 συνοικίσαι
500 2556 713 2608 Βενετιάς,
755 2556 797 2595 ἐν
836 2550 901 2601 αἶς
931 2552 978 2605 δή
1015 2551 1085 2592 καί
1108 2553 1302 2605 ’Λκυληῖα
1335 2550 1560 2613 πόλιςιτῶν
1582 2549 1655 2614 ,ἐπι

245 2610 314 2660 τῆς
341 2605 516 2660 ἑσπέρας
542 2611 712 2662 μεγίστη
731 2607 991 2664 κατιρκισται,
1019 2605 1089 2646 καί
1102 2604 1320 2658 βασιλικὴν
1338 2608 1529 2650 πολλακις
1543 2602 1658 2641 διαι-

245 2676 317 2703 ταν
349 2663 559 2716 δεξαμένη.
