1780 3132
286 177 381 226 404
824 184 1170 224 wassamNeu

286 297 353 333 λιν
383 296 608 347 appellasse
649 294 750 333 alias
796 293 1109 333 animadversum
1146 293 1232 333 fuit.
1300 307 1477 334 caussam
1512 294 1684 335 habuere

288 349 389 400 quod
420 362 503 388 eam
530 361 556 387 a
582 347 724 392 Callia,
753 346 1045 386 Atheniensium
1070 348 1188 397 duce,
1232 348 1425 388 conditam
1454 348 1572 388 fuisse
1601 349 1684 388 exi-

288 404 506 451 stimarent,
535 405 577 439 ut
605 402 659 439 lo.
686 399 898 439 Cinnamus
924 403 952 439 5
977 405 1015 440 3.

394 459 563 503 390‚10.
620 448 821 502 Μόριζος]
855 454 1133 493 Constantinus
1155 449 1356 502 Μήριζος.
1409 455 1510 493 unde
1539 454 1686 494 More]-

290 509 372 547 lus:
400 506 593 548 Merizas
623 518 678 546 an
693 505 907 547 Meritus?
934 510 980 547 at
1007 505 1173 548 Plinius
1198 510 1324 547 vocat
1348 511 1522 547 montem
1552 507 1687 548 Thra-

291 563 397 611 ciae,
427 563 471 600 in
500 572 580 613 qao
606 558 722 611 forte
743 559 914 600 anurbs
933 563 1020 600 sita
1045 558 1132 611 fait
1146 575 1160 607 ,·
1189 573 1304 612 quam
1324 573 1408 600 cum
1424 573 1536 600 nemo
1563 573 1684 600 nove-

290 614 356 663 rit,
381 614 631 654 coniecturae
656 614 758 653 haud
777 615 1020 654 accesserim.
1077 615 1221 653 rectius
1246 614 1321 654 huc
1334 615 1558 654 referuntur
1584 615 1685 653 eius-

291 668 377 706 dem
408 668 524 707 Plinii
554 671 580 707 4
609 672 656 706 11
701 668 912 719 Moriseni,
941 669 1004 720 qui
1033 668 1229 708 Thraciae
1256 673 1407 719 partem
1430 667 1688 715 incoluerint;

293 722 488 773 laudoque
527 722 582 762 lo.
613 721 875 771 Harduinum,
912 722 1014 773 quod
1046 722 1088 761 in
1130 727 1331 762 recentata
1366 721 1484 761 Plinii
1522 720 1690 760 editione

291 775 484 814 Morizum
511 775 561 814 ad
593 787 660 814 eos
684 775 896 814 firmandos
923 775 1190 815 advocaverit.

401 827 506 868 Ibid.
562 824 741 877 Σιλτικὴ]
771 828 1051 868 Constantinus
1078 823 1266 877 Σαλτικὴ.
1319 841 1456 880 posses
1483 840 1534 868 ex
1558 826 1692 879 priore

292 879 497 932 Σιντικήν,
528 893 578 922 ex
612 883 831 933 posteriore
867 878 1112 932 Βισαλτικὴν
1147 883 1340 932 formare,
1378 882 1455 921 nisi
1488 882 1692 933 regionum

294 947 343 974 ea
372 939 503 974 essent
538 935 771 987 cognomina
796 941 836 974 et
860 936 966 975 ultra
1003 936 1100 974 fines
1126 935 1312 987 Europae
1340 947 1476 975 versus
1506 935 1692 975 Macedo-

295 989 414 1029 niam.
469 989 505 1028 si
533 985 706 1039 Σαλτικὴ
751 990 883 1040 potior
919 989 972 1028 sit
1000 989 1109 1039 (nam
1136 989 1348 1029 Bisanthen
1372 990 1413 1028 in
1443 1000 1539 1028 voce
1565 989 1693 1028 latere

292 1054 372 1082 non
393 1046 570 1094 apertum
599 1042 699 1092 est),
726 1055 751 1082 a
780 1042 971 1091 Saltibus,
998 1047 1040 1081 ut
1074 1043 1251 1094 pluribus
1275 1043 1316 1082 in
1340 1042 1595 1092 Syneodemo,
1619 1054 1691 1080 no-

292 1109 381 1136 men
411 1097 546 1135 venire
571 1097 707 1147 potuit.
765 1092 940 1145 [Σιντική
968 1096 1053 1137 cod.
1092 1097 1306 1147 Leidensis,
1336 1100 1375 1135 et
1401 1099 1518 1136 reete.
1544 1095 1693 1136 sintice

292 1151 406 1201 regio
435 1150 581 1189 veteris
612 1151 879 1199 Macedoniae,
909 1150 958 1188 de
986 1162 1063 1201 qua
1090 1150 1225 1190 Livius
1249 1151 1277 1190 1.
1306 1151 1358 1189 44
1386 1162 1419 1188 c.
1449 1151 1543 1201 ult.‚
1570 1149 1690 1189 intel-

293 1205 412 1257 gitur.
447 1201 696 1256 Wesseliny.
724 1205 911 1254 Prolegg.
940 1216 980 1254 p.
1009 1207 1123 1251 630.]

401 1256 508 1298 Ibid.
565 1257 769 1309 Σαυαδία]
799 1258 858 1296 sic
887 1258 990 1296 malo
1022 1269 1043 1295 e
1066 1269 1138 1306 ms,
1167 1268 1397 1309 quamquam
1410 1251 1599 1305 Σαβαδία
1625 1267 1693 1295 ve-

293 1311 378 1352 rius
406 1312 572 1351 videtur.
630 1313 729 1362 sola,
758 1311 858 1363 quod
877 1310 1024 1350 rescire
1050 1311 1170 1361 potui,
1198 1311 1385 1362 Ephesini
1413 1309 1568 1349 concilii
1593 1309 1693 1349 Acta

295 1366 404 1405 urbis
429 1364 653 1405 memoriam
680 1369 901 1404 servarunt.
955 1365 1179 1415 supplicant
1213 1365 1390 1416 patribus
1418 1362 1589 1415 episcopi
1613 1363 1693 1402 Eu-

294 1431 418 1470 ropae
443 1432 481 1470 p.
510 1423 590 1458 ’790
620 1423 710 1459 tom.
738 1421 765 1458 5
792 1418 836 1458 C.
868 1418 916 1458 G.
953 1417 1015 1456 his
1044 1418 1197 1457 verbis:
1242 1415 1370 1458 Vetus
1397 1428 1487 1457 mos
1515 1418 1625 1468 viget
1649 1418 1694 1457 iu

294 1474 527 1525 provinciis
560 1471 757 1524 Europae
773 1503 783 1523 ‚
827 1470 936 1525 quod
961 1471 1115 1523 sinyalz‘
1155 1473 1345 1523 episcopi
1376 1471 1481 1511 daos
1505 1469 1572 1510 vel
1598 1474 1690 1510 tres

294 1525 372 1567 sub
401 1538 449 1566 se
469 1525 647 1566 habeant
688 1528 973 1578 episcopatus.
1048 1524 1152 1564 ande
1183 1523 1425 1564 Heracleae
1465 1525 1693 1576 episcopus

296 1579 373 1621 sub
404 1592 452 1620 se
478 1579 601 1620 habet
626 1577 882 1619 Heracleam
910 1582 951 1618 et
985 1577 1166 1627 Panion,
1194 1580 1420 1631 episcopas
1447 1582 1584 1618 autem
1610 1575 1693 1630 By-

296 1645 371 1674 zes
398 1632 476 1674 sub
504 1645 552 1674 se
567 1632 708 1686 Byzen
734 1637 776 1673 et
789 1630 1107 1684 Arcadiopolz'n,
1126 1630 1344 1672 Coelensis
1372 1643 1472 1672 vero
1496 1630 1694 1672 similiter

298 1686 458 1728 Coelan
485 1690 527 1727 et
558 1686 810 1739 Callipolim
838 1698 968 1738 porro
1007 1688 1233 1738 episcopas
1275 1684 1515 1726 Sabsadiae
1539 1684 1617 1726 sub
1643 1696 1694 1725 se

301 1740 425 1782 hahet
453 1739 707 1781 Sabsadiam
736 1745 777 1781 et
799 1738 1166 1792 Aphrodisiadem.
1229 1752 1251 1779 e
1277 1740 1415 1792 quibus
1441 1739 1696 1791 paucissimos

299 1797 394 1835 olim
420 1796 462 1835 in
487 1795 647 1847 Europa
693 1795 813 1834 fuisse
854 1794 1054 1845 episcopos
1081 1793 1373 1846 cognoscimus,
1413 1797 1452 1833 et
1482 1792 1697 1833 Sabadiam

299 1849 580 1901 Aphrodisiadi
623 1849 808 1888 vicinam:
847 1860 937 1888 nam
979 1848 1212 1888 Sabsadiam
1253 1848 1415 1887 eandem
1451 1851 1569 1898 atque
1595 1846 1697 1887 hane

303 1916 389 1943 esse
414 1915 527 1943 nemo
559 1902 862 1942 addubitaverit.
926 1902 1004 1941 sita
1032 1902 1105 1941 suit
1134 1903 1175 1941 in
1204 1901 1400 1941 Thraciae
1424 1901 1586 1953 regione
1615 1900 1697 1940 Sa-

302 1957 428 2010 paica‚
456 1955 668 2009 Σαπαικῇ,
709 1956 758 1995 de
796 1968 873 2008 qua
906 1956 1151 1995 Ptolemaeus
1178 1959 1205 1995 3
1232 1959 1270 2006 2,
1305 1955 1365 1994 cui
1405 1967 1431 1994 a
1462 1954 1635 2017 Sapaeis
1656 1953 1698 1992 id

303 2023 444 2051 nomen
481 2009 623 2050 haesit.
693 2010 813 2049 habet
852 2010 1053 2061 Appianus
1081 2010 1125 2049 B.
1149 2009 1192 2049 C.
1224 2012 1250 2048 4
1275 2022 1313 2060 p.
1342 2012 1446 2048 1037
1482 2022 1532 2046 τα
1575 2003 1697 2045 στενά

305 2064 496 2103 Eanaa'wv
527 2061 597 2101 καί
618 2064 852 2112 Τουρπίλων
881 2063 1082 2114 angustias
1110 2063 1352 2114 Sapaeorum
1382 2067 1422 2101 et
1445 2062 1700 2114 Turpilorum

304 2120 346 2159 in
373 2118 558 2166 Thracia,
586 2130 682 2170 quas
697 2119 906 2157 Norbanus
936 2121 974 2156 et
1002 2117 1176 2156 Ceditius
1204 2116 1452 2167 occuparint3
1479 2116 1582 2156 unde
1610 2125 1700 2167 per-

306 2185 442 2224 peram
470 2185 508 2224 p.
541 2176 646 2211 1023
674 2172 842 2211 eiusdem
874 2171 967 2211 libri
1002 2168 1049 2208 τὰ
1081 2166 1198 2208 στενὰ
1236 2168 1446 2219 Τορπίδων
1473 2166 1544 2207 καί
1569 2168 1702 2206 Σαλα-

306 2223 438 2263 παίων
473 2226 589 2266 iidem
635 2226 826 2266 insedisse
866 2227 1057 2264 feruntur.
1124 2236 1355 2276 quamquam
1384 2236 1434 2263 ne
1461 2223 1519 2263 sic
1546 2221 1700 2275 quidem

305 2280 412 2320 hona
437 2280 567 2319 omnia
590 2280 756 2319 fuerint:
785 2279 911 2331 ignoti
941 2279 1041 2318 enim
1081 2279 1199 2328 plane
1227 2278 1383 2329 Turpili
1410 2282 1511 2326 sunt,
1537 2277 1577 2317 in
1605 2275 1703 2316 Cor-

307 2334 410 2385 pilos
451 2346 501 2374 ex
528 2333 656 2373 Plinio
682 2338 721 2372 et
752 2332 888 2372 Solino
916 2331 1101 2372 mutandi.
1167 2331 1366 2383 Sapaeos,
1392 2335 1435 2371 ut
1467 2331 1518 2372 ad
1546 2342 1613 2369 eos
1639 2340 1704 2368 re-

308 2388 479 2437 deamus,
507 2387 635 2428 Sabos
664 2382 824 2435 Σάβους
854 2387 923 2426 alii
952 2390 1107 2435 vocant,
1149 2390 1192 2424 ut
1218 2385 1445 2425 Eustathius
1473 2385 1515 2424 in
1541 2384 1702 2432 Dionys.

310 2442 507 2493 Perieges.
536 2446 660 2491 1069,
700 2441 944 2493 indidemque
982 2439 1144 2479 Sabazii
1183 2440 1287 2479 Iovis
1314 2443 1354 2478 et
1378 2438 1521 2479 Bacchi
1549 2437 1703 2477 titulum

312 2499 520 2546 repetunt:
559 2495 801 2535 Scholiastes
838 2495 878 2534 in
924 2494 1058 2533 comici
1085 2495 1236 2543 Vespas
1275 2505 1313 2533 v.
1340 2497 1389 2533 9:
1425 2488 1627 2540 Σαβάζιον
1657 2488 1703 2526 δὲ

313 2545 383 2587 τὸν
397 2544 592 2586 Διόνυσον
609 2544 647 2585 οἱ
670 2547 826 2599 Θρᾷκες
841 2547 1021 2595 καλοῦσι,
1043 2545 1113 2584 καί
1125 2543 1283 2596 Σάβους
1305 2541 1398 2590 τούς
1416 2541 1537 2594 ἱερεῖς
1563 2540 1705 2582 αὐτοῦ.

317 2615 342 2642 a
370 2603 487 2642 Sabis
501 2602 731 2651 Thracibus,
749 2601 913 2641 Sabazii
940 2601 1221 2648 sacerdotibus,
1246 2597 1364 2650 σάβη,
1393 2594 1596 2648 σαβάζειν,
1626 2596 1705 2634 Σα-

311 2653 448 2705 βάζιος
474 2657 720 2705 formarunt3
750 2668 909 2709 cumque
930 2655 1125 2697 Sabadius
1152 2667 1230 2695 non
1257 2655 1359 2695 alius
1387 2653 1438 2693 sit
1466 2650 1706 2704 (Macrobius
