1780 3132
277 151 369 199 354
586 157 841 196 BANDUun
875 153 1363 193 Ammnlivssnslomzs

275 270 334 305 est
363 264 438 302 τοῦ
476 263 848 314 πρωτοσπαθαριόυ
884 258 1121 313 Στεφάνους
1162 262 1303 313 quippe
1330 262 1448 301 litera
1478 274 1504 297 α
1532 273 1616 301 611111
1643 263 1676 300 θ

273 319 538 372 superscripto
566 312 932 366 πρωτοσπαθᾰριος
957 328 1092 355 vocem
1119 315 1302 367 intelligi,
1330 327 1380 355 ex
1405 315 1455 354 iis
1481 327 1581 366 quae
1612 316 1673 354 in-

274 377 339 414 fra
367 375 415 412 ad
449 386 480 410 c.
504 375 556 410 42
593 371 734 410 dicturi
761 382 914 418 sumus,
952 370 1160 410 manifesto
1189 369 1394 407 constabit.
1450 366 1470 406 ὃ
1499 366 1673 420 ῥαβδοῦ-

269 441 344 477 χος
371 431 501 466 autem
518 425 711 463 Meursius
739 425 859 463 vertit
889 423 1042 470 lictor,·
1068 424 1126 462 ita
1157 426 1196 461 et
1219 422 1396 461 nonnulli
1421 423 1491 462 alii
1518 424 1567 462 ad
1597 423 1675 462 Co-

272 483 403 521 clinum
443 482 584 530 putant
627 478 729 517 hanc
757 490 890 516 vocem
920 478 1060 516 Latine
1095 476 1452 527 interpretandam,
1476 476 1542 516 ubi
1570 476 1673 515 inter

271 535 487 586 dignitates
514 534 630 571 aulae
646 532 881 583 Cpolitanae
910 528 1140 579 ῥαβδοῦχος
1158 534 1394 568 recensetur.
1415 529 1536 569 Goar.
1566 543 1604 581 p.
1620 532 1674 569 3?

272 584 308 625 οἱ
339 583 566 640 ῥαβδοῦχοι
607 586 823 626 satellites
859 587 990 637 viryis
1016 586 1168 624 armati
1196 583 1498 634 interpretatum
1544 587 1675 634 putat-

272 654 346 705 que
374 639 624 680 rhabduchos
664 640 769 679 haud
799 639 979 678 diversos
1015 639 1136 677 fuisse
1165 650 1188 677 a
1222 637 1505 687 manglabitis‚
1543 637 1608 688 qui
1637 641 1677 675 et

271 693 523 745 ραβδοφόροι
569 705 843 744 nonnunquam
886 693 1148 743 appellantur·
1215 692 1410 740 observo,
1446 690 1572 742 inquit
1609 689 1677 729 ille

271 762 308 799 p.
337 753 400 798 76,
431 748 688 787 Bardariotas
713 747 833 793 istos,
859 747 908 784 de
937 746 1075 798 quibus
1105 757 1245 794 sermo,
1274 739 1530 794 ῥαβδούχους
1556 754 1582 783 a
1609 741 1679 794 su-

269 802 408 843 stibus
438 803 603 852 gestatis
631 801 707 840 dici
735 801 838 852 apud
873 801 1049 840 Nicetam
1075 798 1290 838 Andronici
1318 801 1356 836 2.

382 870 471 913 156,
498 870 563 905 21.
638 862 810 911 πόλεμος
841 862 897 908 εἷς
927 860 1122 914 Ἀχελών]
1159 863 1198 901 in
1242 862 1356 901 edilis
1385 862 1536 913 legitur
1561 857 1681 898 πόλε-

269 932 344 968 μος
373 916 552 968 figendam
593 919 657 958 ubi
685 919 880 957 Meursius
907 918 1004 957 haec
1033 918 1224 956 adnotatx
1268 915 1366 968 qm‘d
1391 914 1471 955 hoc
1497 917 1568 967 sit,
1598 927 1679 955 mm

268 973 470 1025 intelli-qo.
526 978 568 1012 at
594 970 793 1022 Ἀχελῶος
824 976 864 1011 et
886 965 1067 1019 Ἀχελών
1085 969 1300 1021 Bulgariae
1328 970 1532 1009 castellum
1561 981 1679 1020 repe-

267 1028 370 1067 ritur
398 1027 501 1079 apud
541 1028 783 1079 Cedrenum,
814 1030 853 1064 et
878 1025 981 1077 apud
1010 1024 1257 1072 Anonymum
1285 1023 1610 1063 Combefisianum
1640 1036 1679 1074 p.

268 1085 348 1121 240
378 1080 573 1128 Ἀχελῶος
612 1080 754 1119 flumen
784 1081 1035 1131 appellatur,
1075 1079 1126 1117 ad
1155 1078 1256 1129 quod
1298 1077 1355 1117 ait
1380 1076 1482 1116 idem
1509 1077 1680 1128 scriptor

268 1138 373 1176 inter
399 1136 599 1174 Romanos
624 1139 745 1185 atque
762 1133 959 1186 Bulgaros
988 1132 1233 1171 commissum
1264 1131 1384 1170 fuisse
1409 1130 1613 1182 praelium,
1640 1134 1680 1169 et

268 1189 474 1232 victoriam
502 1201 528 1228 a
556 1193 670 1240 parte
696 1188 960 1239 Bulgarorum
988 1186 1157 1225 stetisse.
1217 1186 1319 1236 quod
1349 1184 1502 1236 quidem
1538 1184 1682 1223 accidit

268 1244 331 1283 die
356 1247 409 1282 20
439 1242 635 1294 Augusti,
665 1242 879 1280 indictione
904 1243 952 1290 5,
995 1253 1030 1279 a.
1062 1239 1155 1279 Chr.
1185 1244 1278 1278 917.
1345 1238 1394 1277 de
1422 1250 1498 1290 quo
1527 1238 1679 1290 quidem

268 1298 373 1338 bello
405 1297 560 1336 videtur
589 1296 696 1347 loqui
724 1295 788 1334 hic
822 1293 1199 1346 Porphyrogenitus.

378 1365 467 1409 159,
487 1365 526 1400 9.
582 1360 871 1399 Tzeesthlabus
902 1359 964 1398 hic
977 1358 1145 1400 Serviae
1172 1357 1353 1409 princeps
1380 1369 1429 1396 ea
1456 1357 1579 1395 ferme
1602 1367 1680 1408 qua

268 1414 633 1467 porphyrogenitus
665 1419 796 1453 aetate
824 1413 997 1462 vivebat,
1026 1413 1177 1451 scilicet
1204 1412 1312 1451 circa
1335 1423 1477 1450 annium
1495 1413 1587 1450 950.
1609 1411 1682 1449 lio-

269 1482 355 1509 rum
386 1474 515 1508 autem
542 1468 761 1519 principum
790 1468 913 1506 series
948 1467 1069 1518 longe
1097 1466 1179 1505 alia
1208 1470 1268 1503 est
1295 1465 1398 1516 apud
1428 1464 1682 1512 Diocleatem,

269 1523 429 1563 nomina
457 1523 575 1562 etiam
603 1527 643 1560 et
669 1522 719 1561 ab
749 1522 797 1561 iis
823 1525 915 1561 acta
946 1532 1109 1572 prorsus
1148 1519 1320 1558 diversa.
1377 1518 1477 1570 quod
1505 1518 1596 1557 inde
1621 1519 1681 1556 fa-

271 1583 373 1616 ctum
401 1582 519 1628 puto,
546 1575 649 1628 quod
685 1575 906 1615 Dalmatiae
945 1572 1180 1612 continentis
1217 1577 1255 1611 et
1283 1572 1504 1611 Dalmatiae
1529 1571 1682 1610 mariti-

272 1643 373 1681 mae,
402 1631 600 1670 interdum
637 1630 756 1668 etiam
784 1628 971 1668 Croatiae
1010 1628 1207 1678 principes
1243 1626 1468 1666 Diocleates
1496 1625 1683 1664 confude-

273 1685 345 1732 rit3
375 1685 440 1736 qui
472 1696 569 1731 sane
596 1683 766 1733 scriptor
787 1683 892 1722 circa
915 1693 1056 1721 annum
1080 1684 1184 1720 1152
1212 1680 1357 1719 floruit.
1413 1678 1578 1731 ideoque
1609 1678 1684 1718 hac

273 1739 314 1776 in
348 1750 392 1777 re
419 1739 540 1777 multo
577 1737 764 1776 maiorem
798 1737 913 1775 fidem
952 1739 1127 1775 meretur
1163 1733 1528 1784 porphyrogenitus
1568 1743 1683 1784 quam

273 1792 511 1838 Diocleates,
539 1795 675 1842 utpote
705 1791 771 1842 qui
798 1791 919 1841 longe
948 1794 1042 1828 ante
1068 1789 1195 1840 ipsum
1221 1787 1395 1826 vivebat.
1450 1787 1588 1826 horum
1614 1797 1685 1825 au-

275 1851 353 1885 tem
381 1846 597 1897 principum
625 1844 805 1893 Servum,
833 1855 994 1895 quorum
1023 1842 1062 1881 in
1092 1842 1291 1894 praesenti
1321 1841 1423 1879 libro
1454 1841 1686 1880 mentionem

276 1900 373 1940 facit
401 1899 776 1951 Porphyrogenitus,
803 1899 899 1937 libet
929 1897 993 1936 hic
1021 1898 1071 1937 ob
1103 1897 1238 1936 oculos
1263 1899 1427 1935 stemma
1453 1904 1685 1946 proponere.
