1780 3132
215 167 272 208 IN
294 162 651 206 CONSTANTINI
679 163 875 206 PORPH.
902 165 999 205 LIB.
1025 165 1096 205 DE
1119 161 1386 205 ADM.1MP.
1426 159 1520 205 339

85 279 203 323 della
232 276 525 331 Cosmoyrafia
562 277 730 319 chiama
776 275 1041 329 Vissikotor,
1080 289 1159 318 ove
1186 289 1404 332 nacquero
1432 276 1523 319 Ne-

86 332 449 385 dor‚M1·roslau
477 347 502 374 e
538 330 780 384 Vukascin,
818 335 835 373 i
871 333 993 387 quali
1019 335 1261 374 aiutarono
1275 345 1358 374 con
1384 333 1426 374 le
1451 331 1523 384 l'a-

84 366 203 431 colt’a
235 389 330 430 loro
360 388 390 428 l'
393 386 562 439 edificio
593 390 637 429 di
666 387 845 436 Cataro.

192 459 285 505 130,
313 457 353 494 8.
405 451 649 502 “Paovmov]
695 467 797 507 quae
828 448 1023 492 Ῥαοῧσιν
1069 458 1109 493 et
1131 449 1349 492 Ῥαούσιον
1379 454 1524 494 dicitur

85 508 434 563 Porphyiogenito
466 513 507 548 et
539 508 735 561 Cedreno,
767 522 794 550 a
822 509 987 549 Zonara
1017 510 1247 561 appellatur
1267 504 1524 558 Ῥαγοίσιον.

194 573 303 616 Ibid-
326 579 390 614 12.
447 575 665 637 Perperam
694 575 735 615 in
749 575 916 615 Zonara
942 575 1133 615 scribitur
1164 571 1184 612 ὁ
1215 572 1420 637 Ὀωιιίφας
1449 586 1524 638 pro

78 624 265 681 Ὀρυφας
295 631 362 670 vel
387 626 586 692 ᾩρύφας.
646 630 762 670 huius
796 634 927 669 autem
955 630 1119 670 Nicetae
1158 629 1320 682 patricii
1348 630 1526 670 meminit

85 685 310 725 Ludovicus
337 685 373 724 11
412 684 632 736 imperator
675 685 716 724 in
745 685 930 737 Epistola
960 685 1013 724 ad
1039 685 1230 725 Basilium
1267 683 1525 725 Macedonem

86 740 380 792 imperatorem,
411 739 480 779 ubi
509 737 764 780 Hadriatici
790 743 990 780 servator
1019 740 1176 780 dicitur.

195 804 305 846 Ibid.
335 809 400 845 16.
457 800 801 857 πολιορκήσαντες
830 801 876 843 τὸ
909 801 1088 854 κάστρον
1116 802 1305 855 Βάρεως]
1334 805 1527 846 Erchem-

83 864 221 912 pertus
247 861 290 901 in
318 861 418 900 nist.
466 860 649 912 Langob.
695 873 728 900 c.
762 864 837 901 2οε
876 872 958 913 per
994 859 1103 900 idem
1140 864 1306 912 tempus
1334 857 1527 913 Ayarem·

83 912 235 956 Barim
261 915 499 956 insidentes
528 919 746 968 ceperunt,
776 915 1055 956 devastantes
1083 917 1318 968 stirpitus
1344 915 1525 968 deprae-

87 970 196 1011 dare
223 974 358 1011 totam
396 966 599 1023 Apuliam
637 968 886 1011 Calabriam
925 973 969 1010 et
1009 970 1266 1033 pedetentim
1294 946 1528 1011 Salernum

83 1036 140 1066 ac
169 1022 454 1066 Beneventum
496 1024 753 1078 depopulari
793 1027 1031 1065 initiarunt.
1100 1025 1257 1065 evocati
1286 1030 1417 1066 autem
1447 1026 1526 1066 Sa-

81 1081 221 1125 raceni
251 1082 365 1120 fuere
399 1093 426 1120 a
459 1081 682 1133 Radelgiso
720 1081 900 1132 principe
934 1079 1218 1120 Beneventano
1260 1080 1301 1120 in
1331 1081 1524 1121 auxilium

83 1147 198 1175 suum
226 1139 370 1176 contra
398 1134 627 1188 CapuanoS,
655 1147 730 1189 per
756 1136 988 1176 Pandonem
1018 1135 1276 1175 Castaldeum
1307 1136 1526 1175 Barensem

84 1190 244 1230 fidelem
274 1202 412 1241 suum,
441 1194 486 1230 ut
514 1190 665 1231 habent
693 1190 925 1239 Anonymus
966 1188 1100 1230 Casin.
1135 1203 1169 1230 c.
1197 1194 1237 1238 8,
1270 1191 1353 1230 Leo
1385 1191 1469 1232 Ost.
1501 1194 1524 1230 1

83 1249 152 1296 27,
183 1249 224 1286 et
246 1245 476 1286 chronicon
519 1244 563 1286 S.
593 1245 794 1285 Vincentii
822 1245 872 1284 de
900 1245 1104 1285 Vulturno
1136 1258 1175 1297 p.
1203 1248 1297 1286 691.
1353 1245 1424 1284 sed
1455 1257 1527 1285 cur

82 1300 242 1341 dicatur
278 1300 444 1340 Barium
471 1300 713 1340 Rausiorum
742 1300 838 1340 urbs
868 1298 1059 1349 Symeoni
1091 1300 1336 1353 logothetae,
1365 1312 1527 1341 causam

82 1356 190 1419 apud
220 1355 325 1395 alios
354 1355 572 1407 scriptores
601 1369 681 1395 non
701 1355 875 1416 reperio.
934 1354 1005 1395 Sic
1031 1355 1102 1394 ille
1129 1355 1181 1394 ad
1216 1368 1359 1395 annum
1374 1359 1424 1394 17
1454 1357 1527 1394 ini-

82 1411 185 1471 perii
212 1410 355 1451 Basilii
386 1410 644 1450 Macedonis:
683 1405 894 1454 Σολδανὸς
925 1405 945 1446 ὁ
975 1409 1058 1447 ταῖν
1080 1405 1321 1471 Ἀγαρηνῶν
1347 1405 1527 1460 ἀρχηγὸς

82 1461 158 1515 τήν
171 1459 326 1526 Βάρην
350 1460 570 1515 κρατήσας,
600 1458 690 1515 ἥτις
716 1463 828 1503 ἐστίν
854 1462 970 1508 πόλις
996 1459 1161 1525 μεγάλη
1185 1465 1265 1502 τῶν
1281 1461 1527 1513 Ῥαουοέων,

79 1531 150 1557 και
194 1517 239 1558 ἐν
270 1512 378 1582 αυτῇ
416 1516 688 1572 κατοικήσας,
727 1515 881 1564 πολλας
922 1514 1067 1570 ἑτέρας
1108 1514 1248 1565 πόλεις
1286 1532 1356 1557 και
1386 1531 1530 1570 guum:

78 1571 406 1626 κατελυμήνατο.

189 1638 301 1681 Ibid.
334 1643 399 1680 18.
457 1636 586 1689 μέχρι
607 1633 799 1691 Ῥώμης]
823 1642 868 1679 ut
895 1651 1019 1692 porro
1049 1637 1276 1679 Saraceni
1266 1652 1306 1678 ιιι
1334 1638 1524 1678 finitimas
1554 1637 1558 1641 ’

78 1694 314 1747 provincias
345 1695 460 1734 effusi
498 1694 706 1746 imperium
742 1707 855 1734 suum
883 1694 925 1734 in
954 1695 1074 1734 ltalia
1100 1694 1331 1741 dilatarint‚
1362 1698 1527 1745 praeter

80 1749 472 1802 Porphyrogenitum
501 1754 541 1788 et
577 1748 682 1789 alios
723 1750 943 1801 scriptores
975 1749 1169 1797 Graecos,
1200 1762 1225 1788 a
1253 1749 1370 1788 nobis
1399 1759 1527 1799 supra

78 1805 238 1854 citatos,
265 1805 450 1857 pluribus
468 1816 554 1844 rem
576 1804 833 1857 prosequitur
850 1804 1159 1855 Erchempeitus
1174 1816 1208 1842 c.
1221 1807 1288 1855 29,
1319 1807 1364 1842 ut
1388 1806 1429 1842 et
1443 1803 1526 1842 Leo

79 1859 165 1900 Ost.
196 1863 220 1899 1
250 1863 317 1900 32.

189 1923 298 1965 Ihid.
333 1927 398 1965 18.
456 1924 557 1965 haec
585 1925 708 1977 paulo
740 1923 905 1964 diversa
934 1935 960 1963 a
989 1923 1154 1963 Zonara
1183 1926 1425 1972 narrantur3
1455 1935 1524 1963 ve-

76 1992 164 2020 rum
194 1981 238 2020 in
267 1981 344 2019 hoc
373 1979 617 2020 conveniunt
647 1991 782 2019 omnes
801 1978 951 2019 Graeci
970 1979 1200 2030 scriptores,
1230 1977 1421 2018 Basilium
1436 1979 1525 2018 Ma-

76 2035 268 2075 cedonem
295 2047 377 2075 non
412 2036 530 2075 modo
558 2035 801 2074 destinatam
840 2044 915 2085 pro
944 2033 1143 2072 Dalmatis
1172 2033 1342 2072 classem
1371 2033 1413 2072 in
1442 2034 1523 2073 lta-

78 2090 209 2130 lorum
239 2090 458 2130 subsidium
490 2090 671 2136 misisse,
700 2089 771 2127 sed
801 2092 842 2127 et
865 2088 1086 2127 Romanum
1117 2087 1343 2138 pontificem
1372 2093 1413 2127 et
1442 2088 1522 2127 Lu-

75 2144 261 2184 dovicum
277 2145 476 2185 Franciae
505 2156 656 2196 regem,
685 2148 729 2183 ut
760 2142 843 2182 suis
867 2143 992 2194 copiis
1021 2142 1147 2182 Italos
1167 2142 1419 2191 adiuvarent,
1453 2154 1525 2194 per

76 2199 271 2251 epistolas
298 2199 514 2251 impulisse.
574 2203 618 2239 at
646 2198 865 2250 scriptores
890 2197 1040 2246 Latini,
1070 2197 1381 2249 Erchempertus
1408 2198 1524 2237 nimi-

75 2266 164 2294 rum
191 2258 232 2293 et
258 2258 401 2294 auctor
434 2254 612 2294 chronici
653 2252 697 2293 S.
732 2252 934 2292 Vincentii
964 2252 1014 2291 de
1042 2252 1269 2301 Vulturno,
1311 2258 1524 2292 evocatum

76 2308 253 2361 produnt
279 2308 524 2348 Ludovicum
551 2307 750 2348 Franciae
777 2319 918 2360 regem
957 2319 983 2346 a
1010 2305 1214 2359 Capuanis
1244 2310 1284 2345 et
1313 2306 1523 2347 Beneven-

75 2363 195 2427 taniS,
224 2362 444 2403 Beneventi
469 2364 570 2403 fines
593 2375 668 2415 per
694 2361 842 2402 Soram
877 2362 1122 2413 ingressum,
1151 2360 1381 2413 Capuaque,
1410 2362 1522 2401 cuius

74 2418 262 2471 princeps
285 2417 574 2467 rebellaverat,
604 2421 745 2469 capta,
777 2429 883 2457 anno
911 2417 1093 2469 sequenti
1113 2416 1249 2456 multis
1275 2417 1419 2456 fultum
1446 2429 1518 2456 au-

74 2472 292 2514 xiliaribus
318 2471 454 2512 Barim
483 2471 726 2524 perrexisse,
762 2484 811 2512 ac
834 2483 921 2511 cum
951 2470 1159 2534 praedicto
1191 2470 1402 2522 Sangdam
1434 2472 1520 2510 Au-

74 2528 276 2580 gustalem
305 2527 526 2567 exercitum
565 2539 742 2579 pugnam
783 2525 1030 2565 commisisse
1072 2525 1303 2578 fudisseque
1345 2527 1522 2566 Sarace

75 2595 176 2630 nos3
207 2582 351 2622 deinde
371 2582 571 2622 Materam
594 2593 643 2620 ac
659 2580 874 2621 Canusium
903 2592 1183 2633 expugnasse3
1213 2592 1421 2620 reversum
1451 2581 1522 2619 de-

74 2636 194 2690 nique
203 2636 486 2686 Beneventum,
506 2649 594 2676 cum
611 2635 907 2676 Saracenorum
927 2636 1036 2675 vires
1057 2635 1291 2675 debilitatae
1309 2636 1521 2675 admodum

74 2696 222 2741 essent,
249 2692 372 2733 misso
401 2692 580 2732 exercitu
608 2690 745 2731 Barim
773 2690 940 2742 cepisse,
972 2695 1013 2730 et
1042 2690 1084 2730 in
1114 2702 1163 2730 ea
1191 2690 1402 2743 Sangdam
1432 2701 1519 2730 cum
