1780 3132
301 133 392 180 544
827 144 1201 186 WESSELlNGII

297 253 515 300 intellexit,
544 253 679 292 docet.
708 248 920 303 πλησιάζει
952 251 997 290 δὲ
1025 245 1143 298 οὗτος
1172 249 1212 303 (ὅ
1241 251 1450 316 Ἀράβιος
1460 250 1623 303 κόλπος)
1651 256 1704 309 τῇ

297 307 387 345 κατ’
414 304 628 369 Αἴγυπτον
659 306 902 367 Βαβυλῶνι,
940 303 1033 344 ὁδὸν
1068 306 1110 352 ἐξ
1150 305 1275 357 αυτῆς
1301 302 1406 355 ἔχων
1447 296 1706 358 ἀχθοφόροῖς

295 374 344 408 μ
332 361 371 398 ὲιι
406 357 522 407 ζώοις
567 356 728 408 ἡμερῶν
769 355 887 407 ἐγγύς
915 373 990 397 που
1029 358 1251 410 τεσσάρων,
1285 357 1462 414 ὀξυτάτῳ
1490 361 1535 399 δὲ
1562 361 1709 412 ὁρομεῖ

297 411 419 451 ἶίιπον
446 407 657 450 ἐλαύνοντι
689 413 970 464 νυχθημέρου.
1027 414 1118 453 vide
1148 419 1186 453 et
1212 391 1305 454 A'nt
1336 415 1424 454 ltin.
1453 420 1595 467 Ρ.196.

407 484 843 536 199,17.1(λύσμα
886 485 1077 537 κάστρου]
1117 489 1208 541 lege
1237 479 1331 529 cum³
1354 489 1574 534 Holsteinio
1612 486 1710 529 Κά-

299 554 440 590 στρον;
469 541 525 580 sic
563 541 663 580 enim
694 541 938 592 Epiphanius
976 543 1136 582 Haeres.
1165 548 1219 583 66
1258 557 1291 583 c.
1318 547 1340 583 1
1369 547 1408 583 et
1434 545 1605 589 incertus
1632 557 1703 585 au-

297 601 384 634 ctor
418 595 458 634 in
487 595 586 634 Bibl.
626 595 872 635 Coisliniana
903 609 939 647 p.
961 600 1053 636 399.
1122 598 1336 637 palmerius
1362 597 1535 637 Exercit.
1568 610 1607 649 p.
1624 600 1704 637 546

298 650 459 697 Clysma
488 649 539 688 ad
571 649 729 688 fluvium
759 650 843 688 sive
863 651 1007 689 fossam
1037 651 1261 701 Ptolemaei,
1287 664 1312 691 a
1339 653 1514 692 Traiano
1533 652 1704 699 renova-

297 708 377 741 tam
405 707 443 741 et
470 708 740 754 repurgatam,
769 704 989 754 appositum
1011 704 1132 743 fuisse
1158 709 1290 744 censet
1319 717 1369 744 ex
1397 706 1459 745 his
1475 705 1674 745 Luciani
1661 717 1703 744 ιιι

296 757 572 795 Pseudomant.
610 770 649 808 p.
665 761 746 795 773
772 758 832 796 ed.
861 757 1007 797 Amst.:
1051 754 1310 804 ἀναπλεύσας
1354 756 1375 795 ὁ
1411 757 1619 824 νεανίσκος
1646 757 1706 802 εις

298 806 510 857 Αἴγυπτον
538 803 637 858 α’χρι
678 809 752 847 τοῦ
782 806 1041 860 Κλύσματος,
1071 811 1213 848 πλοίου
1242 810 1504 862 ἀναγομένου,
1532 810 1704 862 ἐπείσθη

298 877 364 900 και
398 860 522 908 αυτὸς
548 876 604 908 εις
628 860 776 900 Ηὶνδιαν
802 863 989 901 πλεῦσαι.
1058 870 1164 904 recte
1191 866 1343 917 quidem
1371 866 1551 905 Latinum
1581 867 1705 905 inter-

298 922 447 968 pretem
473 918 700 968 castigavit,
729 917 970 969 quiClysma
996 930 1075 957 non
1114 920 1422 971 observaverat;
1449 920 1550 972 quod
1577 920 1704 971 ipsum

299 976 339 1009 et
366 971 608 1021 Beveregius
638 971 731 1009 fecit
757 972 797 1010 in
830 971 981 1011 Canon.
1011 973 1150 1012 concil.
1179 973 1364 1012 Trullani
1391 987 1433 1025 p.
1453 974 1555 1013 151:
1587 977 1629 1013 at
1654 973 1705 1011 de

300 1027 410 1065 fossa
437 1025 651 1064 Ptolemaei
685 1030 750 1063 r'es
778 1026 859 1064 alia
892 1030 964 1065 est.
1031 1027 1105 1065 illa
1134 1026 1330 1066 Arsinoen
1365 1039 1486 1080 usque
1511 1028 1585 1066 fuit
1611 1038 1705 1081 pro-

298 1080 416 1118 ducta
445 1079 548 1130 apud
576 1079 763 1118 strabon.
790 1083 840 1118 17
869 1092 905 1131 p
923 1082 1015 1127 804,
1045 1080 1212 1119 Traiani
1240 1092 1335 1120 vero
1364 1081 1415 1120 ad
1444 1081 1612 1120 Heroum
1638 1091 1705 1119 ur-

298 1133 384 1172 bem
406 1133 600 1172 Arsinoae
626 1133 806 1181 vicinam,
835 1137 935 1172 teste
954 1135 1178 1174 Ptolemaeo
1207 1137 1233 1174 4
1258 1136 1298 1174 5
1351 1135 1402 1175 ab
1430 1140 1596 1187 utraque
1622 1145 1712 1174 am·
1733 1134 1736 1138 ’

299 1188 401 1237 plius
425 1191 479 1225 60
519 1187 572 1225 Μ.
616 1187 658 1225 P
692 1186 851 1235 Clysma
890 1192 979 1227 crat
1011 1192 1219 1235 semotum,
1263 1189 1583 1240 quemadmodum
1611 1187 1703 1228 Ant.

297 1242 384 1280 ltin.
414 1240 574 1287 indicat,
603 1242 797 1292 longeque
825 1241 924 1280 adeo
951 1254 977 1282 a
1005 1243 1115 1281 fossa
1128 1242 1308 1282 Traiana
1337 1242 1640 1294 Ptolemaeique.
1669 1242 1704 1282 si

299 1298 508 1346 praeterea
521 1295 684 1334 Luciani
712 1295 930 1334 orationem
955 1301 1063 1334 recte
1088 1295 1414 1345 consideraveris,
1440 1297 1589 1336 nullum
1616 1295 1706 1334 huic

298 1348 471 1400 opinioni
513 1350 766 1413 praesidium
789 1350 1030 1388 auxiliumve
1065 1349 1266 1390 invenies:
1305 1362 1431 1402 neque
1471 1350 1572 1389 enim
1603 1342 1705 1398 ἄχρι

299 1401 548 1450 Λλιὶσματος
580 1402 720 1439 πλοίου
742 1400 990 1451 ἀναγομέιου
1029 1408 1136 1442 recte
1167 1404 1336 1443 verteris
1365 1415 1496 1464 usque
1526 1402 1582 1444 ad
1605 1400 1704 1455 C'ly-

298 1467 391 1496 sma
417 1455 600 1495 adducto
626 1458 802 1507 navigio,
826 1457 1137 1508 quandoquidem
1167 1469 1290 1496 naves
1317 1452 1544 1507 α’ναγεσθαι
1573 1457 1709 1496 dicun-

297 1515 363 1549 tur
378 1522 478 1562 quac
504 1511 664 1573 solvunt
675 1514 714 1548 et
728 1522 778 1549 ex
790 1515 905 1573 portu
920 1510 1203 1574 provehuntur.
1225 1511 1442 1560 Polybiusl
1461 1516 1534 1551 6⁰:
1559 1505 1600 1554 ὃς
1613 1509 1709 1547 dva-

294 1565 413 1611 χθεις
441 1562 510 1600 καί
538 1559 719 1626 κατάρας
749 1560 818 1600 ἐπὶ
839 1560 909 1612 τὴν
932 1559 1064 1613 Ἱερὰν
1102 1564 1354 1615 καλουμένην
1384 1565 1515 1616 νῆσον,
1545 1570 1584 1607 et
1612 1567 1639 1603 5
1661 1568 1708 1603 2:

296 1631 343 1654 αι
349 1612 456 1666 ηγθη
489 1630 554 1653 και
590 1616 737 1668 κατῇρε
767 1615 999 1665 δευτεραῖος
1030 1616 1086 1662 εἰς
1116 1616 1304 1668 Πάτρας,
1335 1622 1375 1657 et
1400 1619 1546 1670 passim
1575 1619 1655 1670 alii,
1684 1629 1710 1656 a

298 1671 394 1710 viris
408 1670 642 1709 doctissimis
656 1671 706 1709 ad
730 1671 817 1709 Aet.
838 1674 889 1709 27
921 1674 946 1708 2
970 1674 997 1710 3
1026 1671 1199 1710 excitati.
1257 1672 1388 1724 itaque
1418 1672 1492 1711 hoc
1512 1673 1710 1712 Lucianus

298 1738 323 1764 v
314 1725 472 1764 oluisse
486 1725 677 1772 videtur‘,
668 1737 846 1763 iuvenem
864 1736 947 1763 eum
964 1725 1003 1763 in
1017 1726 1245 1764 interiorem
1259 1725 1483 1777 Aegyptum
1496 1727 1712 1778 navigasse

299 1785 338 1817 et
365 1779 527 1828 Clysma
567 1778 738 1824 adiisse,
770 1791 857 1816 cum
892 1790 988 1817 vero
1013 1780 1127 1818 navis
1150 1779 1242 1818 inde
1268 1781 1453 1830 solveret,
1481 1791 1711 1831 persuasum

298 1834 420 1872 fnisse
460 1838 504 1871 ut
535 1844 620 1872 eam
657 1833 939 1871 conscenderet
979 1837 1018 1871 et
1054 1833 1203 1872 Indiam
1243 1837 1416 1884 peteret:
1454 1837 1542 1873 erat
1569 1834 1712 1887 quippe

299 1887 511 1935 Clysmatis
543 1891 680 1938 portus
718 1887 768 1925 ad
806 1887 883 1925 iter
911 1887 1109 1936 Indicum,
1149 1892 1192 1926 ut
1229 1887 1476 1939 Epiphanius
1501 1887 1710 1939 significat,

299 1941 630 1981 accommodatus.
688 1941 779 1979 vide
808 1946 846 1978 et
875 1940 967 1978 Ant.
995 1941 1086 1979 ltin.
1121 1954 1156 1992 p.
1178 1945 1268 1980 170.

405 2004 513 2046 [bid.
547 2008 610 2045 18.
666 2002 899 2052 Ἀρκαδίας]
925 2017 1066 2044 nomen
1088 2005 1293 2057 provincia
1321 2005 1371 2044 ab
1401 2005 1574 2045 Arcadio
1601 2004 1712 2044 inde-

298 2064 368 2111 pta
397 2064 468 2106 est,
500 2064 636 2110 estque
663 2058 790 2109 prima
819 2059 913 2105 eius,
945 2060 1044 2110 quod
1076 2060 1208 2108 sciam,
1238 2059 1338 2110 apud
1370 2058 1561 2108 Cyrillum
1592 2059 1710 2110 epist.

297 2115 347 2153 ad
382 2113 550 2152 Atticum
581 2127 618 2164 p.
639 2115 719 2151 205
750 2116 789 2150 et
816 2113 993 2152 Concilio
1031 2113 1228 2163 Ephesino
1271 2126 1306 2163 p.
1332 2114 1411 2152 474
1438 2113 1596 2152 mentio.
1634 2112 1712 2152 Ar—

301 2168 454 2206 cadium
482 2167 540 2206 illi
569 2178 709 2206 nomen
732 2167 885 2206 dedisse
908 2167 1136 2206 Eustathius
1164 2167 1203 2205 in
1221 2167 1398 2215 Dionysii
1416 2167 1615 2218 Perieges.
1631 2169 1710 2205 251

299 2221 532 2269 testabitur3
564 2222 758 2272 facileque
789 2222 887 2260 adeo
915 2220 1105 2260 Harduini
1129 2221 1348 2260 carebimus
1377 2225 1605 2269 commento,
1634 2233 1711 2272 quo

298 2276 506 2327 provincia
547 2287 592 2313 eo
632 2275 745 2313 titulo
788 2275 936 2314 donata
973 2274 1222 2325 perhibetur,
1264 2275 1366 2326 quod
1394 2275 1512 2314 totius
1540 2274 1712 2326 Aegypti

299 2334 405 2367 esset
448 2329 578 2368 media
616 2329 673 2367 uti
703 2328 877 2368 Arcadia
922 2329 1200 2378 Peloponnesi3
1241 2340 1340 2380 quae
1381 2328 1415 2368 si
1451 2328 1581 2368 solida
1608 2329 1713 2366 foret

297 2382 415 2430 ratio,
445 2394 515 2420 cur
537 2395 727 2433 nusquam
742 2381 781 2419 id
802 2395 941 2421 nomen
969 2383 1124 2421 obvium
1144 2386 1203 2420 est
1225 2382 1300 2421 nisi
1328 2386 1416 2433 post
1441 2383 1534 2433 Imp.
1551 2381 1712 2420 Arcadii

297 2437 500 2477 aetatem?
531 2448 694 2487 praeses
722 2435 919 2475 Arcadiae
947 2439 1008 2474 est
1035 2436 1076 2475 ιιι
1103 2436 1251 2475 Notitia
1275 2436 1365 2487 imp.
1405 2436 1553 2475 orient.
1583 2447 1616 2475 c.
1647 2439 1683 2474 1.

406 2509 514 2551 Ihid.
573 2507 722 2562 Κυνώ]
751 2511 850 2551 haec
879 2511 1059 2563 superior
1096 2515 1155 2550 est
1183 2510 1313 2573 Cyno,
1342 2507 1365 2559 ἡ
1395 2502 1477 2547 ἄνω
1509 2505 1644 2560 Κυνώ,
1670 2509 1711 2548 ιιι

299 2565 451 2606 Meletii
480 2565 688 2603 Brevia1i0
721 2579 761 2616 p.
784 2569 883 2614 187;
910 2578 1011 2618 quae
1041 2566 1116 2604 etsi
1145 2566 1359 2616 principem
1387 2564 1428 2603 in
1455 2563 1607 2604 urbium
1640 2575 1711 2601 ca-

300 2623 439 2671 talogo
464 2620 592 2659 locum
617 2623 760 2669 teneat,
788 2619 1018 2671 metropolis
1046 2623 1178 2659 tamen
1200 2619 1396 2658 censenda
1419 2630 1499 2657 non
1525 2617 1601 2656 erit
1625 2628 1711 2655 cum
