<?xml version="1.0" encoding="UTF-8"?>
<!DOCTYPE html PUBLIC "-//W3C//DTD XHTML 1.0 Transitional//EN"
    "http://www.w3.org/TR/xhtml1/DTD/xhtml1-transitional.dtd">
<html xmlns="http://www.w3.org/1999/xhtml" xml:lang="en" lang="en">
 <head>
  <title>
</title>
<meta http-equiv="Content-Type" content="text/html;charset=utf-8" />
  <meta name='ocr-system' content='tesseract 3.04.00' />
  <meta name='ocr-capabilities' content='ocr_page ocr_carea ocr_par ocr_line ocrx_word'/>
</head>
<body>
  <div class='ocr_page' id='page_1' title='image "./corpusscriptorum09niebuoft_0189.png"; bbox 0 0 1780 3132; ppageno 0'>
   <div class='ocr_carea' id='block_1_1' title="bbox 273 167 1596 214">
    <p class='ocr_par' dir='ltr' id='par_1_1' title="bbox 273 167 1596 214">
     <span class='ocr_line' id='line_1_1' title="bbox 273 167 1596 214; baseline 0.001 -2"><span class='ocrx_word' id='word_1_1' title='bbox 273 173 345 212; x_wconf 89' lang='lat' dir='ltr'><strong>DE</strong></span> <span class='ocrx_word' id='word_1_2' title='bbox 383 170 829 212; x_wconf 76' lang='lat' dir='ltr'><strong>ADMlNlSTRANDO</strong></span> <span class='ocrx_word' id='word_1_3' title='bbox 871 171 1094 212; x_wconf 75' lang='lat' dir='ltr'><strong>IMPERIO</strong></span> <span class='ocrx_word' id='word_1_4' title='bbox 1135 171 1253 214; x_wconf 82' lang='lat' dir='ltr'><strong>CAP.</strong></span> <span class='ocrx_word' id='word_1_5' title='bbox 1291 172 1358 213; x_wconf 74' lang='lat'><strong>49.</strong></span> <span class='ocrx_word' id='word_1_6' title='bbox 1505 167 1596 213; x_wconf 78' lang='lat'><strong>179</strong></span> 
     </span>
    </p>
   </div>
   <div class='ocr_carea' id='block_1_2' title="bbox 97 265 1732 1837">
    <p class='ocr_par' dir='ltr' id='par_1_2' title="bbox 97 265 1732 1837">
     <span class='ocr_line' id='line_1_2' title="bbox 153 265 1599 325; baseline -0.004 -12"><span class='ocrx_word' id='word_1_7' title='bbox 153 270 322 319; x_wconf 82' lang='grc' dir='ltr'><strong><em>πόλεως.</em></strong></span> <span class='ocrx_word' id='word_1_8' title='bbox 379 270 454 311; x_wconf 86' lang='grc' dir='ltr'><strong>τοῦ</strong></span> <span class='ocrx_word' id='word_1_9' title='bbox 486 265 563 310; x_wconf 72' lang='grc' dir='ltr'><strong>οὖν</strong></span> <span class='ocrx_word' id='word_1_10' title='bbox 588 270 795 322; x_wconf 77' lang='grc' dir='ltr'><strong><em>βασιλέως</em></strong></span> <span class='ocrx_word' id='word_1_11' title='bbox 825 270 1039 324; x_wconf 70' lang='grc' dir='ltr'><strong><em>Θεοφίλου</em></strong></span> <span class='ocrx_word' id='word_1_12' title='bbox 1069 269 1172 325; x_wconf 80' lang='grc' dir='ltr'><strong><em>πρὸς</em></strong></span> <span class='ocrx_word' id='word_1_13' title='bbox 1202 274 1337 311; x_wconf 80' lang='grc' dir='ltr'><strong><em>ταῦτα</em></strong></span> <span class='ocrx_word' id='word_1_14' title='bbox 1365 273 1599 323; x_wconf 82' lang='grc' dir='ltr'><strong><em>βουλευσα-</em></strong></span> 
     </span>
     <span class='ocr_line' id='line_1_3' title="bbox 151 332 1599 391; baseline -0.002 -13"><span class='ocrx_word' id='word_1_15' title='bbox 151 339 281 390; x_wconf 77' lang='grc' dir='ltr'><strong><em>μένου</em></strong></span> <span class='ocrx_word' id='word_1_16' title='bbox 310 335 378 378; x_wconf 83' lang='grc' dir='ltr'><strong><em>τὸν</em></strong></span> <span class='ocrx_word' id='word_1_17' title='bbox 403 334 546 377; x_wconf 76' lang='grc' dir='ltr'><strong><em>ὃδέῑνα</em></strong></span> <span class='ocrx_word' id='word_1_18' title='bbox 571 337 862 385; x_wconf 77' lang='grc' dir='ltr'><strong><em>ἐξαποστεῖλαι</em></strong></span> <span class='ocrx_word' id='word_1_19' title='bbox 894 332 1168 391; x_wconf 78' lang='grc' dir='ltr'><strong><em>στρατηγὸνῆ</em></strong></span> <span class='ocrx_word' id='word_1_20' title='bbox 1195 334 1265 378; x_wconf 85' lang='grc' dir='ltr'><strong><em>τὸν</em></strong></span> <span class='ocrx_word' id='word_1_21' title='bbox 1293 335 1448 389; x_wconf 80' lang='grc' dir='ltr'><strong><em>ὄὸεῖνα,</em></strong></span> <span class='ocrx_word' id='word_1_22' title='bbox 1477 333 1599 376; x_wconf 75' lang='grc' dir='ltr'><strong><em>ὕστε-</em></strong></span> 
     </span>
     <span class='ocr_line' id='line_1_4' title="bbox 154 399 1600 458; baseline -0.001 -15"><span class='ocrx_word' id='word_1_23' title='bbox 154 418 228 458; x_wconf 85' lang='grc' dir='ltr'><strong>ρον</strong></span> <span class='ocrx_word' id='word_1_24' title='bbox 253 404 495 444; x_wconf 83' lang='grc' dir='ltr'><strong><em>α’ποστεῖλαι</em></strong></span> <span class='ocrx_word' id='word_1_25' title='bbox 527 403 740 454; x_wconf 80' lang='grc' dir='ltr'><em>προέκρινε</em></span> <span class='ocrx_word' id='word_1_26' title='bbox 766 399 838 442; x_wconf 85' lang='grc' dir='ltr'><strong><em>τὸν</em></strong></span> <span class='ocrx_word' id='word_1_27' title='bbox 873 405 1167 456; x_wconf 77' lang='grc' dir='ltr'><strong><em>προρρηθέντα</em></strong></span> <span class='ocrx_word' id='word_1_28' title='bbox 1199 403 1600 458; x_wconf 78' lang='grc' dir='ltr'><strong><em>σπαθαροκανὸιδᾶ-</em></strong></span> 
     </span>
     <span class='ocr_line' id='line_1_5' title="bbox 153 464 1602 522; baseline -0.001 -12"><span class='ocrx_word' id='word_1_29' title='bbox 153 483 223 510; x_wconf 77' lang='grc' dir='ltr'><strong><em>τον</em></strong></span> <span class='ocrx_word' id='word_1_30' title='bbox 237 470 448 522; x_wconf 81' lang='grc' dir='ltr'><strong><em>Πετρωνᾶ</em></strong></span> <span class='ocrx_word' id='word_1_31' title='bbox 475 464 533 516; x_wconf 78' lang='grc' dir='ltr'><strong>ὥς</strong></span> <span class='ocrx_word' id='word_1_32' title='bbox 560 465 757 520; x_wconf 67' lang='grc' dir='ltr'><strong><em>ἔμπειρον</em></strong></span> <span class='ocrx_word' id='word_1_33' title='bbox 783 468 856 507; x_wconf 88' lang='grc' dir='ltr'><strong>τοῦ</strong></span> <span class='ocrx_word' id='word_1_34' title='bbox 872 466 1001 508; x_wconf 82' lang='grc' dir='ltr'><em>τόπου</em></span> <span class='ocrx_word' id='word_1_35' title='bbox 1018 468 1236 521; x_wconf 81' lang='grc' dir='ltr'><strong><em>γενόμενον</em></strong></span> <span class='ocrx_word' id='word_1_36' title='bbox 1265 467 1339 509; x_wconf 80' lang='grc' dir='ltr'>καί</span> <span class='ocrx_word' id='word_1_37' title='bbox 1370 470 1454 509; x_wconf 76' lang='grc' dir='ltr'><strong><em>τῶν</em></strong></span> <span class='ocrx_word' id='word_1_38' title='bbox 1494 484 1602 522; x_wconf 84' lang='grc' dir='ltr'><strong><em>πρα-</em></strong></span> 
     </span>
     <span class='ocr_line' id='line_1_6' title="bbox 121 531 1602 588; baseline -0.003 -12"><span class='ocrx_word' id='word_1_39' title='bbox 121 532 326 588; x_wconf 77' lang='grc' dir='ltr'><strong><em>5γμάτων</em></strong></span> <span class='ocrx_word' id='word_1_40' title='bbox 349 533 426 574; x_wconf 74' lang='grc' dir='ltr'><strong><em>οῦκ</em></strong></span> <span class='ocrx_word' id='word_1_41' title='bbox 451 532 780 586; x_wconf 73' lang='grc' dir='ltr'><strong><em>ἀνεπιστήμονα·</em></strong></span> <span class='ocrx_word' id='word_1_42' title='bbox 809 531 854 573; x_wconf 83' lang='grc' dir='ltr'><strong>ὃν</strong></span> <span class='ocrx_word' id='word_1_43' title='bbox 874 531 1251 586; x_wconf 81' lang='grc' dir='ltr'><strong><em>πρωτοσπαθοῖριον</em></strong></span> <span class='ocrx_word' id='word_1_44' title='bbox 1278 534 1454 587; x_wconf 81' lang='grc' dir='ltr'><strong><em>τιμήσας</em></strong></span> <span class='ocrx_word' id='word_1_45' title='bbox 1481 548 1602 588; x_wconf 79' lang='grc' dir='ltr'><strong><em>προε-</em></strong></span> 
     </span>
     <span class='ocr_line' id='line_1_7' title="bbox 152 597 1603 654; baseline 0 -14"><span class='ocrx_word' id='word_1_46' title='bbox 152 599 304 654; x_wconf 74' lang='grc' dir='ltr'><strong><em>βάλετο</em></strong></span> <span class='ocrx_word' id='word_1_47' title='bbox 334 598 564 654; x_wconf 83' lang='grc' dir='ltr'><strong><em>στρατηγὸν</em></strong></span> <span class='ocrx_word' id='word_1_48' title='bbox 595 601 668 639; x_wconf 78' lang='grc' dir='ltr'><strong>καί</strong></span> <span class='ocrx_word' id='word_1_49' title='bbox 706 599 765 646; x_wconf 86' lang='grc' dir='ltr'><strong>εἰς</strong></span> <span class='ocrx_word' id='word_1_50' title='bbox 798 599 1004 652; x_wconf 78' lang='grc' dir='ltr'><strong><em>Χερσῶι·α</em></strong></span> <span class='ocrx_word' id='word_1_51' title='bbox 1034 601 1332 651; x_wconf 79' lang='grc' dir='ltr'><strong><em>ἐξαπέστειλεν,</em></strong></span> <span class='ocrx_word' id='word_1_52' title='bbox 1362 597 1509 652; x_wconf 75' lang='grc' dir='ltr'><strong><em>ὅρι’σας</em></strong></span> <span class='ocrx_word' id='word_1_53' title='bbox 1534 598 1603 641; x_wconf 85' lang='grc' dir='ltr'><strong><em>τὸν</em></strong></span> 
     </span>
     <span class='ocr_line' id='line_1_8' title="bbox 155 659 1602 722; baseline 0 -16"><span class='ocrx_word' id='word_1_54' title='bbox 155 666 248 706; x_wconf 80' lang='grc' dir='ltr'><strong><em>τότε</em></strong></span> <span class='ocrx_word' id='word_1_55' title='bbox 277 666 541 719; x_wconf 74' lang='grc' dir='ltr'><strong><em>πρωτεύοντα</em></strong></span> <span class='ocrx_word' id='word_1_56' title='bbox 571 665 645 705; x_wconf 78' lang='grc' dir='ltr'><em>καί</em></span> <span class='ocrx_word' id='word_1_57' title='bbox 670 662 828 711; x_wconf 78' lang='grc' dir='ltr'><strong><em>πάντας</em></strong></span> <span class='ocrx_word' id='word_1_58' title='bbox 857 664 1042 705; x_wconf 67' lang='grc' dir='ltr'><strong><em>ὑπείκειν</em></strong></span> <span class='ocrx_word' id='word_1_59' title='bbox 1082 665 1196 722; x_wconf 71' lang='grc' dir='ltr'><strong><em>αὐτῷ</em></strong></span> <span class='ocrx_word' id='word_1_60' title='bbox 1214 682 1225 693; x_wconf 91' lang='grc'><em>·</em></span> <span class='ocrx_word' id='word_1_61' title='bbox 1283 668 1326 716; x_wconf 78' lang='grc' dir='ltr'><strong>ἐξ</strong></span> <span class='ocrx_word' id='word_1_62' title='bbox 1361 659 1412 706; x_wconf 70' lang='grc' dir='ltr'><strong>οὗ</strong></span> <span class='ocrx_word' id='word_1_63' title='bbox 1433 665 1504 706; x_wconf 81' lang='grc' dir='ltr'><em>καί</em></span> <span class='ocrx_word' id='word_1_64' title='bbox 1529 669 1602 718; x_wconf 83' lang='grc' dir='ltr'><strong><em>με’·</em></strong></span> 
     </span>
     <span class='ocr_line' id='line_1_9' title="bbox 153 725 1602 785; baseline 0 -14"><span class='ocrx_word' id='word_1_65' title='bbox 153 747 229 785; x_wconf 82' lang='grc' dir='ltr'><strong>χρι</strong></span> <span class='ocrx_word' id='word_1_66' title='bbox 256 733 328 784; x_wconf 81' lang='grc' dir='ltr'><strong><em>τῆς</em></strong></span> <span class='ocrx_word' id='word_1_67' title='bbox 357 732 538 784; x_wconf 81' lang='grc' dir='ltr'><strong><em>σήμερον</em></strong></span> <span class='ocrx_word' id='word_1_68' title='bbox 566 729 841 784; x_wconf 79' lang='grc' dir='ltr'><strong><em>ἐπεκράτησεν</em></strong></span> <span class='ocrx_word' id='word_1_69' title='bbox 870 725 952 770; x_wconf 77' lang='grc' dir='ltr'><strong>οἷπὸ</strong></span> <span class='ocrx_word' id='word_1_70' title='bbox 982 732 1064 771; x_wconf 73' lang='grc' dir='ltr'><strong><em>τῶν</em></strong></span> <span class='ocrx_word' id='word_1_71' title='bbox 1092 733 1286 772; x_wconf 79' lang='grc' dir='ltr'><strong><em>ἐντεῦθεν</em></strong></span> <span class='ocrx_word' id='word_1_72' title='bbox 1312 733 1372 780; x_wconf 83' lang='grc' dir='ltr'><strong>εἰς</strong></span> <span class='ocrx_word' id='word_1_73' title='bbox 1394 733 1602 784; x_wconf 80' lang='grc' dir='ltr'><strong><em>Χερσῶνα</em></strong></span> 
     </span>
     <span class='ocr_line' id='line_1_10' title="bbox 154 793 1603 851; baseline 0 -14"><span class='ocrx_word' id='word_1_74' title='bbox 154 796 467 851; x_wconf 82' lang='grc' dir='ltr'><strong><em>προβάλλεσθαι</em></strong></span> <span class='ocrx_word' id='word_1_75' title='bbox 497 794 768 850; x_wconf 79' lang='grc' dir='ltr'><strong><em>στρατηγούς.</em></strong></span> <span class='ocrx_word' id='word_1_76' title='bbox 839 794 931 835; x_wconf 74' lang='grc' dir='ltr'><strong><em>ἀλλ’</em></strong></span> <span class='ocrx_word' id='word_1_77' title='bbox 976 793 1084 849; x_wconf 74' lang='grc' dir='ltr'><strong><em>αὕτη</em></strong></span> <span class='ocrx_word' id='word_1_78' title='bbox 1114 799 1193 848; x_wconf 81' lang='grc' dir='ltr'><strong><em>μὲν</em></strong></span> <span class='ocrx_word' id='word_1_79' title='bbox 1229 796 1254 850; x_wconf 81' lang='grc' dir='ltr'><em>ἢ</em></span> <span class='ocrx_word' id='word_1_80' title='bbox 1284 798 1465 851; x_wconf 77' lang='grc' dir='ltr'><strong><em>κάστρου</em></strong></span> <span class='ocrx_word' id='word_1_81' title='bbox 1493 796 1603 850; x_wconf 77' lang='grc' dir='ltr'><strong>Σάρ-</strong></span> 
     </span>
     <span class='ocr_line' id='line_1_11' title="bbox 101 859 1603 915; baseline 0.001 -12"><span class='ocrx_word' id='word_1_82' title='bbox 101 870 143 903; x_wconf 84' lang='lat'><strong>10</strong></span> <span class='ocrx_word' id='word_1_83' title='bbox 156 867 225 903; x_wconf 85' lang='grc' dir='ltr'><strong>κελ</strong></span> <span class='ocrx_word' id='word_1_84' title='bbox 254 865 385 910; x_wconf 74' lang='grc' dir='ltr'><strong><em>κτίσις</em></strong></span> <span class='ocrx_word' id='word_1_85' title='bbox 413 865 688 915; x_wconf 70' lang='grc' dir='ltr'><strong><em>καθέστηκεν,</em></strong></span> <span class='ocrx_word' id='word_1_86' title='bbox 732 859 813 901; x_wconf 82' lang='grc' dir='ltr'><strong>α’πὸ</strong></span> <span class='ocrx_word' id='word_1_87' title='bbox 846 862 893 902; x_wconf 76' lang='grc' dir='ltr'><strong>δὲ</strong></span> <span class='ocrx_word' id='word_1_88' title='bbox 921 864 998 902; x_wconf 85' lang='grc' dir='ltr'><strong>τοῦ</strong></span> <span class='ocrx_word' id='word_1_89' title='bbox 1027 862 1279 914; x_wconf 83' lang='grc' dir='ltr'><strong><em>Δανούβεως</em></strong></span> <span class='ocrx_word' id='word_1_90' title='bbox 1305 864 1500 914; x_wconf 78' lang='grc' dir='ltr'><strong><em>ποταμοῦ</em></strong></span> <span class='ocrx_word' id='word_1_91' title='bbox 1527 865 1603 914; x_wconf 79' lang='grc' dir='ltr'><strong><em>με’-</em></strong></span> 
     </span>
     <span class='ocr_line' id='line_1_12' title="bbox 151 924 1603 982; baseline 0.001 -14"><span class='ocrx_word' id='word_1_92' title='bbox 151 944 227 982; x_wconf 81' lang='grc' dir='ltr'><strong>χρι</strong></span> <span class='ocrx_word' id='word_1_93' title='bbox 256 930 329 969; x_wconf 83' lang='grc' dir='ltr'><strong>τοῦ</strong></span> <span class='ocrx_word' id='word_1_94' title='bbox 359 930 665 981; x_wconf 79' lang='grc' dir='ltr'><strong><em>προρρηθέντος</em></strong></span> <span class='ocrx_word' id='word_1_95' title='bbox 705 924 884 979; x_wconf 76' lang='grc' dir='ltr'><strong><em>κάστρου</em></strong></span> <span class='ocrx_word' id='word_1_96' title='bbox 924 930 1002 968; x_wconf 84' lang='grc' dir='ltr'><strong>τοῦ</strong></span> <span class='ocrx_word' id='word_1_97' title='bbox 1031 929 1194 982; x_wconf 76' lang='grc' dir='ltr'><strong><em>Σάρκελ</em></strong></span> <span class='ocrx_word' id='word_1_98' title='bbox 1231 926 1328 978; x_wconf 79' lang='grc' dir='ltr'><strong><em>ὁδός</em></strong></span> <span class='ocrx_word' id='word_1_99' title='bbox 1358 930 1471 969; x_wconf 83' lang='grc' dir='ltr'><strong><em>ἐστιν</em></strong></span> <span class='ocrx_word' id='word_1_100' title='bbox 1499 928 1603 982; x_wconf 84' lang='grc' dir='ltr'><strong><em>ἡμε-</em></strong></span> 
     </span>
     <span class='ocr_line' id='line_1_13' title="bbox 154 992 1601 1047; baseline 0 -13"><span class='ocrx_word' id='word_1_101' title='bbox 154 997 240 1046; x_wconf 80' lang='grc' dir='ltr'><strong>ρῶν</strong></span> <span class='ocrx_word' id='word_1_102' title='bbox 268 992 314 1044; x_wconf 83' lang='grc' dir='ltr'><strong>ξ’.</strong></span> <span class='ocrx_word' id='word_1_103' title='bbox 355 995 483 1046; x_wconf 82' lang='grc' dir='ltr'><strong><em>μέσον</em></strong></span> <span class='ocrx_word' id='word_1_104' title='bbox 514 995 560 1034; x_wconf 79' lang='grc' dir='ltr'><strong>δὲ</strong></span> <span class='ocrx_word' id='word_1_105' title='bbox 590 995 662 1046; x_wconf 87' lang='grc' dir='ltr'><strong><em>τῆς</em></strong></span> <span class='ocrx_word' id='word_1_106' title='bbox 692 992 886 1047; x_wconf 80' lang='grc' dir='ltr'><strong><em>τοιαύτης</em></strong></span> <span class='ocrx_word' id='word_1_107' title='bbox 913 995 989 1047; x_wconf 81' lang='grc' dir='ltr'><strong>γῆς</strong></span> <span class='ocrx_word' id='word_1_108' title='bbox 1016 996 1198 1046; x_wconf 81' lang='grc' dir='ltr'><strong><em>ποταμοί</em></strong></span> <span class='ocrx_word' id='word_1_109' title='bbox 1221 996 1298 1046; x_wconf 84' lang='grc' dir='ltr'><strong><em>μέν</em></strong></span> <span class='ocrx_word' id='word_1_110' title='bbox 1330 997 1412 1035; x_wconf 89' lang='grc' dir='ltr'><strong><em>εἰσι</em></strong></span> <span class='ocrx_word' id='word_1_111' title='bbox 1441 994 1601 1045; x_wconf 82' lang='grc' dir='ltr'><strong><em>πολλοί,</em></strong></span> 
     </span>
     <span class='ocr_line' id='line_1_14' title="bbox 155 1056 1600 1113; baseline 0 -12"><span class='ocrx_word' id='word_1_112' title='bbox 155 1060 233 1101; x_wconf 75' lang='grc' dir='ltr'><strong>δύο</strong></span> <span class='ocrx_word' id='word_1_113' title='bbox 265 1061 313 1101; x_wconf 79' lang='grc' dir='ltr'><strong>δὲ</strong></span> <span class='ocrx_word' id='word_1_114' title='bbox 342 1061 530 1112; x_wconf 83' lang='grc' dir='ltr'><strong><em>μέγιστοι</em></strong></span> <span class='ocrx_word' id='word_1_115' title='bbox 570 1060 614 1109; x_wconf 79' lang='grc' dir='ltr'><strong>ἐξ</strong></span> <span class='ocrx_word' id='word_1_116' title='bbox 640 1058 801 1111; x_wconf 75' lang='grc' dir='ltr'><strong><em>αῦτῶν,</em></strong></span> <span class='ocrx_word' id='word_1_117' title='bbox 831 1056 855 1099; x_wconf 80' lang='grc' dir='ltr'><em>ὃ</em></span> <span class='ocrx_word' id='word_1_118' title='bbox 882 1074 925 1100; x_wconf 85' lang='grc' dir='ltr'><strong><em>τε</em></strong></span> <span class='ocrx_word' id='word_1_119' title='bbox 952 1060 1192 1113; x_wconf 84' lang='grc' dir='ltr'><strong><em>Δάναστρις</em></strong></span> <span class='ocrx_word' id='word_1_120' title='bbox 1216 1061 1289 1100; x_wconf 83' lang='grc' dir='ltr'><em>καί</em></span> <span class='ocrx_word' id='word_1_121' title='bbox 1316 1058 1338 1099; x_wconf 79' lang='grc' dir='ltr'><em>ὅ</em></span> <span class='ocrx_word' id='word_1_122' title='bbox 1366 1058 1600 1111; x_wconf 78' lang='grc' dir='ltr'><strong><em>Δάναπρις.</em></strong></span> 
     </span>
     <span class='ocr_line' id='line_1_15' title="bbox 107 1120 1602 1180; baseline -0.001 -13"><span class='ocrx_word' id='word_1_123' title='bbox 107 1153 112 1157; x_wconf 88' lang='grc'>-</span> <span class='ocrx_word' id='word_1_124' title='bbox 154 1123 238 1167; x_wconf 82' lang='grc' dir='ltr'><strong>εἰσί</strong></span> <span class='ocrx_word' id='word_1_125' title='bbox 263 1127 310 1167; x_wconf 79' lang='grc' dir='ltr'><strong>δὲ</strong></span> <span class='ocrx_word' id='word_1_126' title='bbox 338 1124 472 1179; x_wconf 75' lang='grc' dir='ltr'><strong><em>ἕτεροι</em></strong></span> <span class='ocrx_word' id='word_1_127' title='bbox 499 1126 690 1180; x_wconf 69' lang='grc' dir='ltr'><strong><em>ποταμοί,</em></strong></span> <span class='ocrx_word' id='word_1_128' title='bbox 717 1120 741 1164; x_wconf 78' lang='grc' dir='ltr'>ὅ</span> <span class='ocrx_word' id='word_1_129' title='bbox 771 1139 814 1166; x_wconf 86' lang='grc' dir='ltr'><strong><em>τε</em></strong></span> <span class='ocrx_word' id='word_1_130' title='bbox 842 1124 1056 1180; x_wconf 84' lang='grc' dir='ltr'><strong><em>λεγόμενος</em></strong></span> <span class='ocrx_word' id='word_1_131' title='bbox 1091 1124 1282 1179; x_wconf 71' lang='grc' dir='ltr'><strong>Συγγοιὶλ</strong></span> <span class='ocrx_word' id='word_1_132' title='bbox 1309 1127 1383 1166; x_wconf 82' lang='grc' dir='ltr'>καί</span> <span class='ocrx_word' id='word_1_133' title='bbox 1409 1124 1430 1167; x_wconf 80' lang='grc' dir='ltr'>ὁ</span> <span class='ocrx_word' id='word_1_134' title='bbox 1447 1122 1466 1138; x_wconf 86' lang='lat'><strong>‘¹</strong></span> <span class='ocrx_word' id='word_1_135' title='bbox 1477 1128 1602 1180; x_wconf 71' lang='grc' dir='ltr'><strong><em>Ῡβυλ,</em></strong></span> 
     </span>
     <span class='ocr_line' id='line_1_16' title="bbox 102 1188 1599 1245; baseline 0.001 -15"><span class='ocrx_word' id='word_1_136' title='bbox 102 1190 176 1233; x_wconf 80' lang='grc' dir='ltr'><strong>1δὸ</strong></span> <span class='ocrx_word' id='word_1_137' title='bbox 203 1193 412 1243; x_wconf 83' lang='grc' dir='ltr'><strong><em>Ἇλματαί</em></strong></span> <span class='ocrx_word' id='word_1_138' title='bbox 453 1193 525 1232; x_wconf 82' lang='grc' dir='ltr'>καί</span> <span class='ocrx_word' id='word_1_139' title='bbox 561 1188 583 1231; x_wconf 76' lang='grc' dir='ltr'>ὅ</span> <span class='ocrx_word' id='word_1_140' title='bbox 615 1192 782 1245; x_wconf 84' lang='grc' dir='ltr'><strong><em>Κοῦφις</em></strong></span> <span class='ocrx_word' id='word_1_141' title='bbox 821 1193 893 1232; x_wconf 82' lang='grc' dir='ltr'><em>καί</em></span> <span class='ocrx_word' id='word_1_142' title='bbox 935 1189 957 1231; x_wconf 79' lang='grc' dir='ltr'><em>ὅ</em></span> <span class='ocrx_word' id='word_1_143' title='bbox 982 1192 1148 1244; x_wconf 81' lang='grc' dir='ltr'><strong><em>Βογοῦ,</em></strong></span> <span class='ocrx_word' id='word_1_144' title='bbox 1184 1190 1258 1232; x_wconf 77' lang='grc' dir='ltr'><strong><em>καί</em></strong></span> <span class='ocrx_word' id='word_1_145' title='bbox 1282 1189 1414 1245; x_wconf 74' lang='grc' dir='ltr'><strong><em>ἕτεροι</em></strong></span> <span class='ocrx_word' id='word_1_146' title='bbox 1443 1192 1599 1232; x_wconf 83' lang='grc' dir='ltr'><strong><em>πολλοί.</em></strong></span> 
     </span>
     <span class='ocr_line' id='line_1_17' title="bbox 154 1253 1601 1312; baseline 0 -15"><span class='ocrx_word' id='word_1_147' title='bbox 154 1257 212 1306; x_wconf 85' lang='grc' dir='ltr'><strong>εἰς</strong></span> <span class='ocrx_word' id='word_1_148' title='bbox 239 1258 286 1298; x_wconf 79' lang='grc' dir='ltr'><strong>δὲ</strong></span> <span class='ocrx_word' id='word_1_149' title='bbox 313 1255 362 1298; x_wconf 63' lang='lat' dir='ltr'><strong>tc}</strong></span> <span class='ocrx_word' id='word_1_150' title='bbox 393 1254 636 1311; x_wconf 74' lang='grc' dir='ltr'><strong><em>ὑψηλότερα</em></strong></span> <span class='ocrx_word' id='word_1_151' title='bbox 665 1257 742 1297; x_wconf 87' lang='grc' dir='ltr'><strong>τοῦ</strong></span> <span class='ocrx_word' id='word_1_152' title='bbox 758 1253 1015 1312; x_wconf 75' lang='grc' dir='ltr'><strong><em>Δανάπρεως</em></strong></span> <span class='ocrx_word' id='word_1_153' title='bbox 1032 1258 1224 1309; x_wconf 82' lang='grc' dir='ltr'><strong><em>ποταμοῦ</em></strong></span> <span class='ocrx_word' id='word_1_154' title='bbox 1246 1257 1356 1311; x_wconf 83' lang='grc' dir='ltr'><strong><em>μέρη</em></strong></span> <span class='ocrx_word' id='word_1_155' title='bbox 1384 1259 1601 1298; x_wconf 86' lang='grc' dir='ltr'><strong><em>κατοικοῦ-</em></strong></span> 
     </span>
     <span class='ocr_line' id='line_1_18' title="bbox 152 1316 1602 1375; baseline 0 -11"><span class='ocrx_word' id='word_1_156' title='bbox 152 1338 221 1364; x_wconf 82' lang='grc' dir='ltr'><strong>σιν</strong></span> <span class='ocrx_word' id='word_1_157' title='bbox 251 1320 290 1364; x_wconf 83' lang='grc' dir='ltr'><strong>οἱ</strong></span> <span class='ocrx_word' id='word_1_158' title='bbox 314 1322 450 1370; x_wconf 64' lang='lat' dir='ltr'>‘fizg-</span> <span class='ocrx_word' id='word_1_159' title='bbox 518 1323 572 1362; x_wconf 76' lang='grc' dir='ltr'><strong>δι’</strong></span> <span class='ocrx_word' id='word_1_160' title='bbox 609 1316 661 1362; x_wconf 73' lang='grc' dir='ltr'><strong>οὗ</strong></span> <span class='ocrx_word' id='word_1_161' title='bbox 703 1325 896 1373; x_wconf 79' lang='grc' dir='ltr'><strong><em>ποταμοῦ</em></strong></span> <span class='ocrx_word' id='word_1_162' title='bbox 934 1323 1208 1371; x_wconf 75' lang='grc' dir='ltr'><strong><em>ἀποπλέοντες</em></strong></span> <span class='ocrx_word' id='word_1_163' title='bbox 1246 1321 1602 1375; x_wconf 84' lang='grc' dir='ltr'><strong><em>πρὸςῬωμαιόυς</em></strong></span> 
     </span>
     <span class='ocr_line' id='line_1_19' title="bbox 153 1383 1602 1444; baseline 0.001 -15"><span class='ocrx_word' id='word_1_164' title='bbox 153 1391 369 1430; x_wconf 82' lang='grc' dir='ltr'><strong><em>ποιοῦνται</em></strong></span> <span class='ocrx_word' id='word_1_165' title='bbox 398 1385 471 1442; x_wconf 69' lang='grc' dir='ltr'><strong><em>τὴν</em></strong></span> <span class='ocrx_word' id='word_1_166' title='bbox 515 1383 670 1442; x_wconf 70' lang='grc' dir='ltr'><strong><em>ἄφιξιν.</em></strong></span> <span class='ocrx_word' id='word_1_167' title='bbox 740 1387 764 1442; x_wconf 77' lang='grc' dir='ltr'><em>ἦ</em></span> <span class='ocrx_word' id='word_1_168' title='bbox 795 1389 842 1429; x_wconf 81' lang='grc' dir='ltr'><strong>δὲ</strong></span> <span class='ocrx_word' id='word_1_169' title='bbox 870 1389 1136 1439; x_wconf 86' lang='grc' dir='ltr'><strong><em>Πατζινακιά</em></strong></span> <span class='ocrx_word' id='word_1_170' title='bbox 1165 1391 1303 1430; x_wconf 77' lang='grc' dir='ltr'><strong><em>πᾶσαν</em></strong></span> <span class='ocrx_word' id='word_1_171' title='bbox 1330 1388 1403 1444; x_wconf 80' lang='grc' dir='ltr'><strong><em>τὴν</em></strong></span> <span class='ocrx_word' id='word_1_172' title='bbox 1429 1391 1503 1443; x_wconf 80' lang='grc' dir='ltr'><strong>γῆν</strong></span> <span class='ocrx_word' id='word_1_173' title='bbox 1529 1389 1602 1442; x_wconf 80' lang='grc' dir='ltr'><strong><em>τῆς</em></strong></span> 
     </span>
     <span class='ocr_line' id='line_1_20' title="bbox 151 1451 1732 1509; baseline 0 -14"><span class='ocrx_word' id='word_1_174' title='bbox 151 1470 196 1496; x_wconf 73' lang='grc' dir='ltr'><strong><em>τε</em></strong></span> <span class='ocrx_word' id='word_1_175' title='bbox 218 1453 398 1502; x_wconf 85' lang='grc' dir='ltr'><strong><em>Ῥωσίας</em></strong></span> <span class='ocrx_word' id='word_1_176' title='bbox 420 1455 492 1495; x_wconf 81' lang='grc' dir='ltr'><strong><em>καί</em></strong></span> <span class='ocrx_word' id='word_1_177' title='bbox 516 1451 740 1507; x_wconf 79' lang='grc' dir='ltr'><strong><em>Βοσπόρου</em></strong></span> <span class='ocrx_word' id='word_1_178' title='bbox 758 1459 1020 1509; x_wconf 80' lang='grc' dir='ltr'><strong><em>κατακρατεῖ,</em></strong></span> <span class='ocrx_word' id='word_1_179' title='bbox 1048 1456 1119 1495; x_wconf 83' lang='grc' dir='ltr'><em>καί</em></span> <span class='ocrx_word' id='word_1_180' title='bbox 1136 1456 1264 1508; x_wconf 78' lang='grc' dir='ltr'><strong><em>μέχρι</em></strong></span> <span class='ocrx_word' id='word_1_181' title='bbox 1280 1457 1504 1509; x_wconf 81' lang='grc' dir='ltr'><strong><em>Χερσιῦνος</em></strong></span> <span class='ocrx_word' id='word_1_182' title='bbox 1533 1456 1639 1495; x_wconf 82' lang='grc' dir='ltr'><strong>καίΡ</strong></span> <span class='ocrx_word' id='word_1_183' title='bbox 1667 1458 1732 1491; x_wconf 81' lang='grc'><strong>113</strong></span> 
     </span>
     <span class='ocr_line' id='line_1_21' title="bbox 97 1517 1603 1574; baseline -0.001 -12"><span class='ocrx_word' id='word_1_184' title='bbox 97 1518 231 1569; x_wconf 66' lang='grc' dir='ltr'><strong>ἓθὲως</strong></span> <span class='ocrx_word' id='word_1_185' title='bbox 254 1518 302 1561; x_wconf 80' lang='grc' dir='ltr'><strong><em>τὸ</em></strong></span> <span class='ocrx_word' id='word_1_186' title='bbox 332 1519 485 1573; x_wconf 81' lang='grc' dir='ltr'><strong><em>Σαράτ,</em></strong></span> <span class='ocrx_word' id='word_1_187' title='bbox 515 1518 684 1572; x_wconf 86' lang='grc' dir='ltr'><strong><em>Βουράτ</em></strong></span> <span class='ocrx_word' id='word_1_188' title='bbox 714 1521 787 1560; x_wconf 88' lang='grc' dir='ltr'><strong><em>καί</em></strong></span> <span class='ocrx_word' id='word_1_189' title='bbox 824 1523 906 1560; x_wconf 76' lang='grc' dir='ltr'><strong><em>τῶν</em></strong></span> <span class='ocrx_word' id='word_1_190' title='bbox 946 1517 978 1561; x_wconf 88' lang='grc' dir='ltr'><strong>λ’</strong></span> <span class='ocrx_word' id='word_1_191' title='bbox 1004 1523 1157 1573; x_wconf 74' lang='grc' dir='ltr'><strong><em>μερῶν.</em></strong></span> <span class='ocrx_word' id='word_1_192' title='bbox 1214 1519 1260 1561; x_wconf 84' lang='grc' dir='ltr'><strong><em>τὸ</em></strong></span> <span class='ocrx_word' id='word_1_193' title='bbox 1287 1522 1334 1562; x_wconf 79' lang='grc' dir='ltr'><strong>δὲ</strong></span> <span class='ocrx_word' id='word_1_194' title='bbox 1362 1521 1435 1574; x_wconf 86' lang='grc' dir='ltr'><strong><em>τῆς</em></strong></span> <span class='ocrx_word' id='word_1_195' title='bbox 1465 1536 1603 1574; x_wconf 83' lang='grc' dir='ltr'><strong><em>παρα-</em></strong></span> 
     </span>
     <span class='ocr_line' id='line_1_22' title="bbox 153 1583 1601 1640; baseline -0.001 -13"><span class='ocrx_word' id='word_1_196' title='bbox 153 1589 244 1634; x_wconf 86' lang='grc' dir='ltr'><strong>λιάς</strong></span> <span class='ocrx_word' id='word_1_197' title='bbox 275 1586 348 1639; x_wconf 82' lang='grc' dir='ltr'><strong><em>τῆς</em></strong></span> <span class='ocrx_word' id='word_1_198' title='bbox 380 1583 597 1640; x_wconf 75' lang='grc' dir='ltr'><strong><em>θαλάσσης</em></strong></span> <span class='ocrx_word' id='word_1_199' title='bbox 639 1584 719 1626; x_wconf 81' lang='grc' dir='ltr'><strong>α’πὸ</strong></span> <span class='ocrx_word' id='word_1_200' title='bbox 764 1587 842 1626; x_wconf 84' lang='grc' dir='ltr'><strong>τοῦ</strong></span> <span class='ocrx_word' id='word_1_201' title='bbox 869 1584 1115 1639; x_wconf 82' lang='grc' dir='ltr'><strong><em>Δανούβεως</em></strong></span> <span class='ocrx_word' id='word_1_202' title='bbox 1154 1588 1349 1637; x_wconf 84' lang='grc' dir='ltr'><strong><em>ποταμοῦ</em></strong></span> <span class='ocrx_word' id='word_1_203' title='bbox 1389 1584 1601 1639; x_wconf 77' lang='grc' dir='ltr'><strong><em>διάστημα</em></strong></span> 
     </span>
     <span class='ocr_line' id='line_1_23' title="bbox 149 1651 1601 1706; baseline -0.001 -13"><span class='ocrx_word' id='word_1_204' title='bbox 149 1654 278 1706; x_wconf 81' lang='grc' dir='ltr'><strong><em>μέχρι</em></strong></span> <span class='ocrx_word' id='word_1_205' title='bbox 307 1653 384 1692; x_wconf 87' lang='grc' dir='ltr'><strong>τοῦ</strong></span> <span class='ocrx_word' id='word_1_206' title='bbox 407 1651 664 1703; x_wconf 79' lang='grc' dir='ltr'><strong><em>Δανάπρεως</em></strong></span> <span class='ocrx_word' id='word_1_207' title='bbox 709 1653 902 1704; x_wconf 85' lang='grc' dir='ltr'><strong><em>ποταμοῦ</em></strong></span> <span class='ocrx_word' id='word_1_208' title='bbox 949 1652 1033 1693; x_wconf 82' lang='grc' dir='ltr'><strong>εἰσί</strong></span> <span class='ocrx_word' id='word_1_209' title='bbox 1058 1651 1180 1704; x_wconf 83' lang='grc' dir='ltr'><strong><em>μι’λια</em></strong></span> <span class='ocrx_word' id='word_1_210' title='bbox 1209 1652 1283 1706; x_wconf 88' lang='grc' dir='ltr'><strong>ρκ’.</strong></span> <span class='ocrx_word' id='word_1_211' title='bbox 1341 1651 1422 1692; x_wconf 83' lang='grc' dir='ltr'><strong><em>οἷπὸ</em></strong></span> <span class='ocrx_word' id='word_1_212' title='bbox 1453 1652 1500 1692; x_wconf 72' lang='grc' dir='ltr'><strong>δὲ</strong></span> <span class='ocrx_word' id='word_1_213' title='bbox 1526 1654 1601 1692; x_wconf 83' lang='grc' dir='ltr'><strong>τοῦ</strong></span> 
     </span>
     <span class='ocr_line' id='line_1_24' title="bbox 151 1716 1601 1771; baseline -0.001 -12"><span class='ocrx_word' id='word_1_214' title='bbox 151 1718 426 1770; x_wconf 79' lang='grc' dir='ltr'><strong><em>Δανάστρεως</em></strong></span> <span class='ocrx_word' id='word_1_215' title='bbox 453 1719 639 1769; x_wconf 78' lang='grc' dir='ltr'><strong><em>ποταμοῦ</em></strong></span> <span class='ocrx_word' id='word_1_216' title='bbox 665 1719 795 1771; x_wconf 83' lang='grc' dir='ltr'><strong><em>μέχρι</em></strong></span> <span class='ocrx_word' id='word_1_217' title='bbox 824 1720 899 1759; x_wconf 88' lang='grc' dir='ltr'><strong>τοῦ</strong></span> <span class='ocrx_word' id='word_1_218' title='bbox 927 1720 1120 1771; x_wconf 87' lang='grc' dir='ltr'><strong><em>ποταμοῦ</em></strong></span> <span class='ocrx_word' id='word_1_219' title='bbox 1135 1716 1395 1771; x_wconf 76' lang='grc' dir='ltr'><strong><em>Δανάπρεώς</em></strong></span> <span class='ocrx_word' id='word_1_220' title='bbox 1416 1718 1497 1759; x_wconf 83' lang='grc' dir='ltr'><strong><em>εἰσι</em></strong></span> <span class='ocrx_word' id='word_1_221' title='bbox 1529 1719 1601 1769; x_wconf 76' lang='grc' dir='ltr'><strong><em>μί-</em></strong></span> 
     </span>
     <span class='ocr_line' id='line_1_25' title="bbox 151 1779 1597 1837; baseline 0 -13"><span class='ocrx_word' id='word_1_222' title='bbox 151 1787 222 1825; x_wconf 85' lang='grc' dir='ltr'><strong>λια</strong></span> <span class='ocrx_word' id='word_1_223' title='bbox 250 1780 304 1836; x_wconf 79' lang='grc' dir='ltr'><strong><em>π’,</em></strong></span> <span class='ocrx_word' id='word_1_224' title='bbox 333 1779 354 1822; x_wconf 86' lang='grc' dir='ltr'><em>ὃ</em></span> <span class='ocrx_word' id='word_1_225' title='bbox 384 1783 544 1836; x_wconf 85' lang='grc' dir='ltr'><strong><em>χρυσὸς</em></strong></span> <span class='ocrx_word' id='word_1_226' title='bbox 569 1780 786 1836; x_wconf 80' lang='grc' dir='ltr'><strong><em>λεγόμενος</em></strong></span> <span class='ocrx_word' id='word_1_227' title='bbox 816 1781 1016 1837; x_wconf 83' lang='grc' dir='ltr'><strong><em>αἰγιαλός.</em></strong></span> <span class='ocrx_word' id='word_1_228' title='bbox 1085 1782 1166 1825; x_wconf 79' lang='grc' dir='ltr'><strong>ἀπὸ</strong></span> <span class='ocrx_word' id='word_1_229' title='bbox 1198 1781 1243 1825; x_wconf 88' lang='grc' dir='ltr'><strong><em>τὸ</em></strong></span> <span class='ocrx_word' id='word_1_230' title='bbox 1275 1782 1446 1837; x_wconf 85' lang='grc' dir='ltr'><strong><em>στόμιον</em></strong></span> <span class='ocrx_word' id='word_1_231' title='bbox 1471 1799 1597 1824; x_wconf 89' lang='grc' dir='ltr'><strong><em>ποτα-</em></strong></span> 
     </span>
    </p>
   </div>
   <div class='ocr_carea' id='block_1_3' title="bbox 245 1907 1021 1956">
    <p class='ocr_par' dir='ltr' id='par_1_3' title="bbox 245 1907 1021 1956">
     <span class='ocr_line' id='line_1_26' title="bbox 245 1907 1021 1956; baseline 0.003 -14"><span class='ocrx_word' id='word_1_232' title='bbox 245 1909 268 1942; x_wconf 88' lang='grc'><strong>5</strong></span> <span class='ocrx_word' id='word_1_233' title='bbox 290 1907 531 1955; x_wconf 78' lang='grc' dir='ltr'><strong><em>προεβάλλετο</em></strong></span> <span class='ocrx_word' id='word_1_234' title='bbox 555 1910 659 1954; x_wconf 83' lang='lat' dir='ltr'><strong>vulgo</strong></span> <span class='ocrx_word' id='word_1_235' title='bbox 740 1923 742 1926; x_wconf 95' lang='lat'>·</span> <span class='ocrx_word' id='word_1_236' title='bbox 778 1907 822 1943; x_wconf 78' lang='lat'><strong>14</strong></span> <span class='ocrx_word' id='word_1_237' title='bbox 842 1909 958 1956; x_wconf 80' lang='grc' dir='ltr'><strong><em>Ὑψύλ</em></strong></span> <span class='ocrx_word' id='word_1_238' title='bbox 983 1910 1021 1943; x_wconf 93' lang='grc' dir='ltr'><strong>Μ</strong></span> 
     </span>
    </p>
   </div>
   <div class='ocr_carea' id='block_1_4' title="bbox 145 2032 1627 2784">
    <p class='ocr_par' dir='ltr' id='par_1_4' title="bbox 145 2032 1627 2784">
     <span class='ocr_line' id='line_1_27' title="bbox 148 2032 1627 2078; baseline -0.001 -13"><span class='ocrx_word' id='word_1_239' title='bbox 148 2033 256 2076; x_wconf 78' lang='lat' dir='ltr'><strong>igitur</strong></span> <span class='ocrx_word' id='word_1_240' title='bbox 278 2032 483 2078; x_wconf 84' lang='lat' dir='ltr'><strong>Theophilo</strong></span> <span class='ocrx_word' id='word_1_241' title='bbox 522 2044 710 2078; x_wconf 85' lang='lat' dir='ltr'><strong>quemnam</strong></span> <span class='ocrx_word' id='word_1_242' title='bbox 747 2034 834 2066; x_wconf 90' lang='lat' dir='ltr'><strong>illuc</strong></span> <span class='ocrx_word' id='word_1_243' title='bbox 867 2039 1067 2078; x_wconf 82' lang='lat' dir='ltr'><strong>praetorem</strong></span> <span class='ocrx_word' id='word_1_244' title='bbox 1099 2033 1269 2066; x_wconf 85' lang='lat' dir='ltr'><strong>missurus</strong></span> <span class='ocrx_word' id='word_1_245' title='bbox 1305 2037 1422 2074; x_wconf 81' lang='lat' dir='ltr'><strong>esset,</strong></span> <span class='ocrx_word' id='word_1_246' title='bbox 1448 2032 1592 2067; x_wconf 81' lang='lat' dir='ltr'><strong>tandem</strong></span> <span class='ocrx_word' id='word_1_247' title='bbox 1623 2059 1627 2063; x_wconf 89' lang='lat'><em>.</em></span> 
     </span>
     <span class='ocr_line' id='line_1_28' title="bbox 147 2080 1592 2126; baseline 0.001 -14"><span class='ocrx_word' id='word_1_248' title='bbox 147 2081 258 2112; x_wconf 86' lang='lat' dir='ltr'><strong>visum</strong></span> <span class='ocrx_word' id='word_1_249' title='bbox 284 2085 337 2113; x_wconf 85' lang='lat' dir='ltr'><strong>est</strong></span> <span class='ocrx_word' id='word_1_250' title='bbox 362 2081 547 2113; x_wconf 80' lang='lat' dir='ltr'><strong>Petronam</strong></span> <span class='ocrx_word' id='word_1_251' title='bbox 575 2080 698 2119; x_wconf 86' lang='lat' dir='ltr'><strong>illum,</strong></span> <span class='ocrx_word' id='word_1_252' title='bbox 725 2081 822 2113; x_wconf 85' lang='lat' dir='ltr'><strong>cuius</strong></span> <span class='ocrx_word' id='word_1_253' title='bbox 852 2092 956 2126; x_wconf 77' lang='lat' dir='ltr'><strong>supra</strong></span> <span class='ocrx_word' id='word_1_254' title='bbox 982 2080 1217 2121; x_wconf 83' lang='lat' dir='ltr'><strong>meminimus,</strong></span> <span class='ocrx_word' id='word_1_255' title='bbox 1248 2080 1592 2125; x_wconf 81' lang='lat' dir='ltr'><strong>spatharocandida-</strong></span> 
     </span>
     <span class='ocr_line' id='line_1_29' title="bbox 147 2126 1593 2173; baseline 0.001 -14"><span class='ocrx_word' id='word_1_256' title='bbox 147 2132 221 2160; x_wconf 85' lang='lat' dir='ltr'><strong>tum</strong></span> <span class='ocrx_word' id='word_1_257' title='bbox 256 2126 345 2159; x_wconf 90' lang='lat' dir='ltr'><strong>illuc</strong></span> <span class='ocrx_word' id='word_1_258' title='bbox 385 2127 565 2160; x_wconf 85' lang='lat' dir='ltr'><strong>destinare</strong></span> <span class='ocrx_word' id='word_1_259' title='bbox 601 2133 728 2173; x_wconf 79' lang='lat' dir='ltr'><strong>utpote</strong></span> <span class='ocrx_word' id='word_1_260' title='bbox 766 2128 834 2160; x_wconf 89' lang='lat' dir='ltr'><strong>loci</strong></span> <span class='ocrx_word' id='word_1_261' title='bbox 867 2139 1012 2172; x_wconf 81' lang='lat' dir='ltr'><strong>gnarum</strong></span> <span class='ocrx_word' id='word_1_262' title='bbox 1050 2138 1236 2173; x_wconf 85' lang='lat' dir='ltr'><strong>rerumque</strong></span> <span class='ocrx_word' id='word_1_263' title='bbox 1269 2138 1343 2160; x_wconf 90' lang='lat' dir='ltr'><strong>non</strong></span> <span class='ocrx_word' id='word_1_264' title='bbox 1376 2127 1593 2172; x_wconf 84' lang='lat' dir='ltr'><strong>imperitum,</strong></span> 
     </span>
     <span class='ocr_line' id='line_1_30' title="bbox 147 2174 1592 2219; baseline 0 -13"><span class='ocrx_word' id='word_1_265' title='bbox 147 2184 253 2218; x_wconf 77' lang='lat' dir='ltr'><strong>quem</strong></span> <span class='ocrx_word' id='word_1_266' title='bbox 278 2179 315 2207; x_wconf 77' lang='lat' dir='ltr'><strong>et</strong></span> <span class='ocrx_word' id='word_1_267' title='bbox 341 2174 616 2219; x_wconf 83' lang='lat' dir='ltr'><strong>protospatharii</strong></span> <span class='ocrx_word' id='word_1_268' title='bbox 646 2176 782 2208; x_wconf 84' lang='lat' dir='ltr'><strong>honore</strong></span> <span class='ocrx_word' id='word_1_269' title='bbox 806 2174 959 2208; x_wconf 79' lang='lat' dir='ltr'><strong>afficiens</strong></span> <span class='ocrx_word' id='word_1_270' title='bbox 988 2180 1185 2218; x_wconf 79' lang='lat' dir='ltr'><strong>praetorem</strong></span> <span class='ocrx_word' id='word_1_271' title='bbox 1213 2175 1250 2207; x_wconf 90' lang='lat' dir='ltr'><strong>in</strong></span> <span class='ocrx_word' id='word_1_272' title='bbox 1275 2174 1455 2208; x_wconf 82' lang='lat' dir='ltr'><strong>Chersona</strong></span> <span class='ocrx_word' id='word_1_273' title='bbox 1482 2174 1592 2215; x_wconf 88' lang='lat' dir='ltr'><strong>misit,</strong></span> 
     </span>
     <span class='ocr_line' id='line_1_31' title="bbox 146 2221 1592 2266; baseline 0 -13"><span class='ocrx_word' id='word_1_274' title='bbox 146 2225 360 2264; x_wconf 79' lang='lat' dir='ltr'><strong>proteuonte</strong></span> <span class='ocrx_word' id='word_1_275' title='bbox 387 2221 462 2253; x_wconf 83' lang='lat' dir='ltr'><strong>eius</strong></span> <span class='ocrx_word' id='word_1_276' title='bbox 505 2223 675 2266; x_wconf 84' lang='lat' dir='ltr'><strong>temporis</strong></span> <span class='ocrx_word' id='word_1_277' title='bbox 709 2222 907 2266; x_wconf 85' lang='lat' dir='ltr'><strong>ceterisque</strong></span> <span class='ocrx_word' id='word_1_278' title='bbox 935 2232 1058 2266; x_wconf 83' lang='lat' dir='ltr'><strong>parere</strong></span> <span class='ocrx_word' id='word_1_279' title='bbox 1092 2221 1147 2253; x_wconf 88' lang='lat' dir='ltr'><strong>illi</strong></span> <span class='ocrx_word' id='word_1_280' title='bbox 1177 2222 1300 2264; x_wconf 79' lang='lat' dir='ltr'><strong>iussis3</strong></span> <span class='ocrx_word' id='word_1_281' title='bbox 1327 2227 1435 2266; x_wconf 85' lang='lat' dir='ltr'><strong>atque</strong></span> <span class='ocrx_word' id='word_1_282' title='bbox 1463 2221 1592 2254; x_wconf 84' lang='lat' dir='ltr'><strong>exinde</strong></span> 
     </span>
     <span class='ocr_line' id='line_1_32' title="bbox 147 2266 1593 2313; baseline 0.001 -15"><span class='ocrx_word' id='word_1_283' title='bbox 147 2267 186 2299; x_wconf 88' lang='lat' dir='ltr'><strong>in</strong></span> <span class='ocrx_word' id='word_1_284' title='bbox 208 2266 303 2300; x_wconf 87' lang='lat' dir='ltr'><strong>hunc</strong></span> <span class='ocrx_word' id='word_1_285' title='bbox 330 2278 443 2312; x_wconf 85' lang='lat' dir='ltr'><strong>usque</strong></span> <span class='ocrx_word' id='word_1_286' title='bbox 467 2267 561 2301; x_wconf 86' lang='lat' dir='ltr'><strong>diem</strong></span> <span class='ocrx_word' id='word_1_287' title='bbox 588 2269 759 2309; x_wconf 83' lang='lat' dir='ltr'><strong>obtinuit,</strong></span> <span class='ocrx_word' id='word_1_288' title='bbox 784 2274 823 2301; x_wconf 89' lang='lat' dir='ltr'><strong>ut</strong></span> <span class='ocrx_word' id='word_1_289' title='bbox 848 2268 931 2301; x_wconf 89' lang='lat' dir='ltr'><strong>hinc</strong></span> <span class='ocrx_word' id='word_1_290' title='bbox 960 2274 1141 2313; x_wconf 77' lang='lat' dir='ltr'><strong>praetores</strong></span> <span class='ocrx_word' id='word_1_291' title='bbox 1167 2268 1284 2300; x_wconf 85' lang='lat' dir='ltr'><strong>isthuc</strong></span> <span class='ocrx_word' id='word_1_292' title='bbox 1306 2268 1506 2301; x_wconf 84' lang='lat' dir='ltr'><strong>mittantur.</strong></span> <span class='ocrx_word' id='word_1_293' title='bbox 1556 2274 1593 2301; x_wconf 87' lang='lat' dir='ltr'><strong>et</strong></span> 
     </span>
     <span class='ocr_line' id='line_1_33' title="bbox 147 2313 1592 2358; baseline 0.001 -12"><span class='ocrx_word' id='word_1_294' title='bbox 147 2313 216 2346; x_wconf 89' lang='lat' dir='ltr'><strong>hoc</strong></span> <span class='ocrx_word' id='word_1_295' title='bbox 240 2313 387 2358; x_wconf 85' lang='lat' dir='ltr'><strong>quidem</strong></span> <span class='ocrx_word' id='word_1_296' title='bbox 414 2314 520 2348; x_wconf 89' lang='lat' dir='ltr'><strong>modo</strong></span> <span class='ocrx_word' id='word_1_297' title='bbox 547 2315 629 2348; x_wconf 85' lang='lat' dir='ltr'><strong>urbs</strong></span> <span class='ocrx_word' id='word_1_298' title='bbox 656 2315 775 2349; x_wconf 83' lang='lat' dir='ltr'><strong>Sarcel</strong></span> <span class='ocrx_word' id='word_1_299' title='bbox 799 2315 943 2348; x_wconf 85' lang='lat' dir='ltr'><strong>condita</strong></span> <span class='ocrx_word' id='word_1_300' title='bbox 970 2315 1049 2347; x_wconf 85' lang='lat' dir='ltr'><strong>fuit.</strong></span> <span class='ocrx_word' id='word_1_301' title='bbox 1099 2326 1118 2346; x_wconf 86' lang='lat' dir='ltr'><strong>a</strong></span> <span class='ocrx_word' id='word_1_302' title='bbox 1137 2315 1304 2348; x_wconf 88' lang='lat' dir='ltr'><strong>Danubio</strong></span> <span class='ocrx_word' id='word_1_303' title='bbox 1329 2320 1447 2347; x_wconf 83' lang='lat' dir='ltr'><strong>autem</strong></span> <span class='ocrx_word' id='word_1_304' title='bbox 1474 2315 1592 2347; x_wconf 84' lang='lat' dir='ltr'><strong>flumi-</strong></span> 
     </span>
     <span class='ocr_line' id='line_1_34' title="bbox 146 2360 1591 2408; baseline 0.001 -15"><span class='ocrx_word' id='word_1_305' title='bbox 146 2371 192 2393; x_wconf 91' lang='lat' dir='ltr'><strong>ne</strong></span> <span class='ocrx_word' id='word_1_306' title='bbox 218 2360 263 2393; x_wconf 83' lang='lat' dir='ltr'><strong>ad</strong></span> <span class='ocrx_word' id='word_1_307' title='bbox 289 2360 409 2393; x_wconf 90' lang='lat' dir='ltr'><strong>urbem</strong></span> <span class='ocrx_word' id='word_1_308' title='bbox 437 2362 614 2395; x_wconf 77' lang='lat' dir='ltr'><strong>laudatam</strong></span> <span class='ocrx_word' id='word_1_309' title='bbox 634 2362 752 2396; x_wconf 83' lang='lat' dir='ltr'><strong>Sarcel</strong></span> <span class='ocrx_word' id='word_1_310' title='bbox 776 2373 889 2408; x_wconf 84' lang='lat' dir='ltr'><strong>usque</strong></span> <span class='ocrx_word' id='word_1_311' title='bbox 914 2363 981 2395; x_wconf 88' lang='lat' dir='ltr'><strong>iter</strong></span> <span class='ocrx_word' id='word_1_312' title='bbox 1010 2368 1063 2395; x_wconf 90' lang='lat' dir='ltr'><strong>est</strong></span> <span class='ocrx_word' id='word_1_313' title='bbox 1085 2362 1221 2394; x_wconf 87' lang='lat' dir='ltr'><strong>dierum</strong></span> <span class='ocrx_word' id='word_1_314' title='bbox 1248 2363 1450 2406; x_wconf 79' lang='lat' dir='ltr'><strong>sexaginta:</strong></span> <span class='ocrx_word' id='word_1_315' title='bbox 1476 2362 1591 2395; x_wconf 80' lang='lat' dir='ltr'><strong>inter-</strong></span> 
     </span>
     <span class='ocr_line' id='line_1_35' title="bbox 147 2407 1590 2454; baseline 0.001 -15"><span class='ocrx_word' id='word_1_316' title='bbox 147 2407 265 2441; x_wconf 85' lang='lat' dir='ltr'><strong>iacent</strong></span> <span class='ocrx_word' id='word_1_317' title='bbox 291 2410 374 2440; x_wconf 87' lang='lat' dir='ltr'><strong>vero</strong></span> <span class='ocrx_word' id='word_1_318' title='bbox 399 2409 597 2453; x_wconf 86' lang='lat' dir='ltr'><strong>complures</strong></span> <span class='ocrx_word' id='word_1_319' title='bbox 621 2409 733 2449; x_wconf 90' lang='lat' dir='ltr'><strong>fluvii,</strong></span> <span class='ocrx_word' id='word_1_320' title='bbox 760 2421 911 2454; x_wconf 87' lang='lat' dir='ltr'><strong>quorum</strong></span> <span class='ocrx_word' id='word_1_321' title='bbox 930 2409 1072 2441; x_wconf 84' lang='lat' dir='ltr'><strong>maximi</strong></span> <span class='ocrx_word' id='word_1_322' title='bbox 1091 2408 1174 2449; x_wconf 84' lang='lat' dir='ltr'><strong>duo,</strong></span> <span class='ocrx_word' id='word_1_323' title='bbox 1202 2409 1380 2442; x_wconf 83' lang='lat' dir='ltr'><strong>Danastris</strong></span> <span class='ocrx_word' id='word_1_324' title='bbox 1407 2414 1444 2442; x_wconf 83' lang='lat' dir='ltr'><strong>et</strong></span> <span class='ocrx_word' id='word_1_325' title='bbox 1468 2409 1590 2441; x_wconf 85' lang='lat' dir='ltr'><strong>Dana-</strong></span> 
     </span>
     <span class='ocr_line' id='line_1_36' title="bbox 145 2454 1590 2500; baseline 0.001 -14"><span class='ocrx_word' id='word_1_326' title='bbox 145 2455 236 2500; x_wconf 64' lang='lat' dir='ltr'><strong>prisg</strong></span> <span class='ocrx_word' id='word_1_327' title='bbox 283 2454 415 2499; x_wconf 86' lang='lat' dir='ltr'><strong>reliqui</strong></span> <span class='ocrx_word' id='word_1_328' title='bbox 440 2461 524 2488; x_wconf 85' lang='lat' dir='ltr'><strong>sunt</strong></span> <span class='ocrx_word' id='word_1_329' title='bbox 546 2457 701 2500; x_wconf 81' lang='lat' dir='ltr'><strong>Syngul,</strong></span> <span class='ocrx_word' id='word_1_330' title='bbox 727 2457 868 2499; x_wconf 81' lang='lat' dir='ltr'><strong>Hybul,</strong></span> <span class='ocrx_word' id='word_1_331' title='bbox 895 2456 1079 2495; x_wconf 87' lang='lat' dir='ltr'><strong>Almatae‚</strong></span> <span class='ocrx_word' id='word_1_332' title='bbox 1117 2455 1273 2500; x_wconf 88' lang='lat' dir='ltr'><strong>Cuphis,</strong></span> <span class='ocrx_word' id='word_1_333' title='bbox 1299 2456 1418 2499; x_wconf 85' lang='lat' dir='ltr'><strong>Bogu,</strong></span> <span class='ocrx_word' id='word_1_334' title='bbox 1453 2456 1590 2500; x_wconf 79' lang='lat' dir='ltr'><strong>aliique</strong></span> 
     </span>
     <span class='ocr_line' id='line_1_37' title="bbox 146 2501 1588 2548; baseline 0.001 -15"><span class='ocrx_word' id='word_1_335' title='bbox 146 2501 413 2546; x_wconf 85' lang='lat' dir='ltr'><strong>quamplurimi.</strong></span> <span class='ocrx_word' id='word_1_336' title='bbox 463 2509 500 2535; x_wconf 83' lang='lat' dir='ltr'><strong>et</strong></span> <span class='ocrx_word' id='word_1_337' title='bbox 526 2504 726 2548; x_wconf 85' lang='lat' dir='ltr'><strong>superiores</strong></span> <span class='ocrx_word' id='word_1_338' title='bbox 750 2504 955 2548; x_wconf 80' lang='lat' dir='ltr'><strong>Danapreos</strong></span> <span class='ocrx_word' id='word_1_339' title='bbox 971 2503 1126 2535; x_wconf 88' lang='lat' dir='ltr'><strong>fluminis</strong></span> <span class='ocrx_word' id='word_1_340' title='bbox 1149 2508 1268 2547; x_wconf 83' lang='lat' dir='ltr'><strong>partes</strong></span> <span class='ocrx_word' id='word_1_341' title='bbox 1286 2503 1387 2535; x_wconf 85' lang='lat' dir='ltr'><strong>Russi</strong></span> <span class='ocrx_word' id='word_1_342' title='bbox 1413 2503 1588 2542; x_wconf 83' lang='lat' dir='ltr'><strong>accolunt,</strong></span> 
     </span>
     <span class='ocr_line' id='line_1_38' title="bbox 145 2547 1590 2594; baseline 0.002 -15"><span class='ocrx_word' id='word_1_343' title='bbox 145 2559 212 2593; x_wconf 86' lang='lat' dir='ltr'><strong>per</strong></span> <span class='ocrx_word' id='word_1_344' title='bbox 242 2547 342 2593; x_wconf 88' lang='lat' dir='ltr'><strong>quod</strong></span> <span class='ocrx_word' id='word_1_345' title='bbox 379 2550 585 2593; x_wconf 76' lang='lat' dir='ltr'><strong>navigantes</strong></span> <span class='ocrx_word' id='word_1_346' title='bbox 619 2550 663 2583; x_wconf 81' lang='lat' dir='ltr'><strong>ad</strong></span> <span class='ocrx_word' id='word_1_347' title='bbox 704 2553 878 2583; x_wconf 83' lang='lat' dir='ltr'><strong>Romanos</strong></span> <span class='ocrx_word' id='word_1_348' title='bbox 917 2550 1200 2594; x_wconf 85' lang='lat' dir='ltr'><strong>proficiscuntur.</strong></span> <span class='ocrx_word' id='word_1_349' title='bbox 1249 2550 1447 2583; x_wconf 78' lang='lat' dir='ltr'><strong>Patzinacia</strong></span> <span class='ocrx_word' id='word_1_350' title='bbox 1470 2555 1590 2583; x_wconf 86' lang='lat' dir='ltr'><strong>autem</strong></span> 
     </span>
     <span class='ocr_line' id='line_1_39' title="bbox 146 2595 1590 2643; baseline 0 -15"><span class='ocrx_word' id='word_1_351' title='bbox 146 2595 302 2628; x_wconf 82' lang='lat' dir='ltr'><strong>Russiam</strong></span> <span class='ocrx_word' id='word_1_352' title='bbox 321 2596 520 2628; x_wconf 78' lang='lat' dir='ltr'><strong>universam</strong></span> <span class='ocrx_word' id='word_1_353' title='bbox 548 2602 584 2630; x_wconf 88' lang='lat' dir='ltr'><strong>et</strong></span> <span class='ocrx_word' id='word_1_354' title='bbox 599 2598 795 2643; x_wconf 89' lang='lat' dir='ltr'><strong>Bosporum</strong></span> <span class='ocrx_word' id='word_1_355' title='bbox 821 2597 1067 2642; x_wconf 86' lang='lat' dir='ltr'><strong>complectitur</strong></span> <span class='ocrx_word' id='word_1_356' title='bbox 1090 2607 1201 2642; x_wconf 88' lang='lat' dir='ltr'><strong>usque</strong></span> <span class='ocrx_word' id='word_1_357' title='bbox 1227 2596 1442 2630; x_wconf 85' lang='lat' dir='ltr'><strong>Chersonem</strong></span> <span class='ocrx_word' id='word_1_358' title='bbox 1471 2602 1507 2629; x_wconf 79' lang='lat' dir='ltr'><strong>et</strong></span> <span class='ocrx_word' id='word_1_359' title='bbox 1531 2608 1590 2628; x_wconf 83' lang='lat' dir='ltr'><strong>us-</strong></span> 
     </span>
     <span class='ocr_line' id='line_1_40' title="bbox 146 2641 1590 2690; baseline 0.001 -16"><span class='ocrx_word' id='word_1_360' title='bbox 146 2641 217 2686; x_wconf 79' lang='lat' dir='ltr'><strong>que</strong></span> <span class='ocrx_word' id='word_1_361' title='bbox 243 2641 343 2675; x_wconf 81' lang='lat' dir='ltr'><strong>Sar-at</strong></span> <span class='ocrx_word' id='word_1_362' title='bbox 369 2643 476 2676; x_wconf 84' lang='lat' dir='ltr'><strong>Burat</strong></span> <span class='ocrx_word' id='word_1_363' title='bbox 499 2649 536 2676; x_wconf 85' lang='lat' dir='ltr'><strong>et</strong></span> <span class='ocrx_word' id='word_1_364' title='bbox 557 2644 701 2688; x_wconf 84' lang='lat' dir='ltr'><strong>triginta</strong></span> <span class='ocrx_word' id='word_1_365' title='bbox 726 2649 856 2690; x_wconf 86' lang='lat' dir='ltr'><strong>partes.</strong></span> <span class='ocrx_word' id='word_1_366' title='bbox 885 2644 1059 2677; x_wconf 76' lang='lat' dir='ltr'><strong>maritima</strong></span> <span class='ocrx_word' id='word_1_367' title='bbox 1084 2655 1168 2677; x_wconf 84' lang='lat' dir='ltr'><strong>vero</strong></span> <span class='ocrx_word' id='word_1_368' title='bbox 1197 2654 1257 2677; x_wconf 81' lang='lat' dir='ltr'><strong>ora</strong></span> <span class='ocrx_word' id='word_1_369' title='bbox 1282 2655 1302 2675; x_wconf 83' lang='lat' dir='ltr'><strong>a</strong></span> <span class='ocrx_word' id='word_1_370' title='bbox 1327 2643 1494 2676; x_wconf 88' lang='lat' dir='ltr'><strong>Danubio</strong></span> <span class='ocrx_word' id='word_1_371' title='bbox 1521 2643 1590 2675; x_wconf 88' lang='lat' dir='ltr'><strong>flu-</strong></span> 
     </span>
     <span class='ocr_line' id='line_1_41' title="bbox 146 2687 1588 2736; baseline 0.001 -16"><span class='ocrx_word' id='word_1_372' title='bbox 146 2688 241 2721; x_wconf 84' lang='lat' dir='ltr'><strong>mine</strong></span> <span class='ocrx_word' id='word_1_373' title='bbox 267 2687 313 2721; x_wconf 85' lang='lat' dir='ltr'><strong>ad</strong></span> <span class='ocrx_word' id='word_1_374' title='bbox 329 2689 522 2734; x_wconf 83' lang='lat' dir='ltr'><strong>Danaprim</strong></span> <span class='ocrx_word' id='word_1_375' title='bbox 548 2702 660 2736; x_wconf 87' lang='lat' dir='ltr'><strong>usque</strong></span> <span class='ocrx_word' id='word_1_376' title='bbox 686 2692 848 2724; x_wconf 81' lang='lat' dir='ltr'><strong>continet</strong></span> <span class='ocrx_word' id='word_1_377' title='bbox 870 2691 1022 2724; x_wconf 81' lang='lat' dir='ltr'><strong>miliaria</strong></span> <span class='ocrx_word' id='word_1_378' title='bbox 1047 2696 1188 2724; x_wconf 87' lang='lat' dir='ltr'><strong>centum</strong></span> <span class='ocrx_word' id='word_1_379' title='bbox 1214 2691 1355 2735; x_wconf 77' lang='lat' dir='ltr'><strong>viginti.</strong></span> <span class='ocrx_word' id='word_1_380' title='bbox 1405 2690 1588 2723; x_wconf 73' lang='lat' dir='ltr'><strong>Danastris</strong></span> 
     </span>
     <span class='ocr_line' id='line_1_42' title="bbox 147 2735 1587 2784; baseline 0.001 -17"><span class='ocrx_word' id='word_1_381' title='bbox 147 2745 168 2767; x_wconf 79' lang='lat' dir='ltr'><strong>a</strong></span> <span class='ocrx_word' id='word_1_382' title='bbox 193 2735 348 2781; x_wconf 78' lang='lat' dir='ltr'><strong>Danapri</strong></span> <span class='ocrx_word' id='word_1_383' title='bbox 374 2735 484 2770; x_wconf 82' lang='lat' dir='ltr'><strong>distat</strong></span> <span class='ocrx_word' id='word_1_384' title='bbox 507 2737 658 2771; x_wconf 80' lang='lat' dir='ltr'><strong>miliaria</strong></span> <span class='ocrx_word' id='word_1_385' title='bbox 693 2738 891 2783; x_wconf 79' lang='lat' dir='ltr'><strong>octoginta3</strong></span> <span class='ocrx_word' id='word_1_386' title='bbox 925 2737 1089 2784; x_wconf 85' lang='lat' dir='ltr'><strong>illudque</strong></span> <span class='ocrx_word' id='word_1_387' title='bbox 1117 2749 1264 2772; x_wconf 79' lang='lat' dir='ltr'><strong>aureum</strong></span> <span class='ocrx_word' id='word_1_388' title='bbox 1296 2738 1399 2772; x_wconf 78' lang='lat' dir='ltr'><strong>littus</strong></span> <span class='ocrx_word' id='word_1_389' title='bbox 1424 2737 1587 2783; x_wconf 76' lang='lat' dir='ltr'><strong>appella·-</strong></span> 
     </span>
    </p>
   </div>
  </div>
 </body>
</html>
