<?xml version="1.0" encoding="UTF-8"?>
<!DOCTYPE html PUBLIC "-//W3C//DTD XHTML 1.0 Transitional//EN"
    "http://www.w3.org/TR/xhtml1/DTD/xhtml1-transitional.dtd">
<html xmlns="http://www.w3.org/1999/xhtml" xml:lang="en" lang="en">
 <head>
  <title>
</title>
<meta http-equiv="Content-Type" content="text/html;charset=utf-8" />
  <meta name='ocr-system' content='tesseract 3.04.00' />
  <meta name='ocr-capabilities' content='ocr_page ocr_carea ocr_par ocr_line ocrx_word'/>
</head>
<body>
  <div class='ocr_page' id='page_1' title='image "./corpusscriptorum09niebuoft_0386.png"; bbox 0 0 1780 3132; ppageno 0'>
   <div class='ocr_carea' id='block_1_1' title="bbox 291 144 1379 192">
    <p class='ocr_par' dir='ltr' id='par_1_1' title="bbox 291 144 1379 192">
     <span class='ocr_line' id='line_1_1' title="bbox 291 144 1379 192; baseline 0.005 -5"><span class='ocrx_word' id='word_1_1' title='bbox 291 144 383 188; x_wconf 84' lang='grc'><strong>376</strong></span> <span class='ocrx_word' id='word_1_2' title='bbox 598 148 850 189; x_wconf 78' lang='lat' dir='ltr'><strong>BANDURlI</strong></span> <span class='ocrx_word' id='word_1_3' title='bbox 890 148 1379 192; x_wconf 78' lang='lat' dir='ltr'>ANIMADVERSIONES</span> 
     </span>
    </p>
   </div>
   <div class='ocr_carea' id='block_1_2' title="bbox 285 255 1694 524">
    <p class='ocr_par' dir='ltr' id='par_1_2' title="bbox 285 255 1694 524">
     <span class='ocr_line' id='line_1_2' title="bbox 286 255 1693 314; baseline 0.003 -16"><span class='ocrx_word' id='word_1_4' title='bbox 286 269 431 298; x_wconf 83' lang='lat' dir='ltr'><strong>nomen</strong></span> <span class='ocrx_word' id='word_1_5' title='bbox 463 262 502 298; x_wconf 89' lang='lat' dir='ltr'><strong>et</strong></span> <span class='ocrx_word' id='word_1_6' title='bbox 529 269 715 311; x_wconf 82' lang='lat' dir='ltr'><strong>persona</strong></span> <span class='ocrx_word' id='word_1_7' title='bbox 741 259 896 308; x_wconf 80' lang='lat' dir='ltr'><strong>dicitur,</strong></span> <span class='ocrx_word' id='word_1_8' title='bbox 934 259 992 299; x_wconf 86' lang='lat' dir='ltr'><strong>ita</strong></span> <span class='ocrx_word' id='word_1_9' title='bbox 1019 258 1063 297; x_wconf 75' lang='grc' dir='ltr'><strong>ἐκ</strong></span> <span class='ocrx_word' id='word_1_10' title='bbox 1092 255 1307 308; x_wconf 77' lang='grc' dir='ltr'><strong><em>προσώπου</em></strong></span> <span class='ocrx_word' id='word_1_11' title='bbox 1337 263 1407 314; x_wconf 72' lang='lat' dir='ltr'><strong>qui</strong></span> <span class='ocrx_word' id='word_1_12' title='bbox 1442 264 1559 301; x_wconf 71' lang='lat' dir='ltr'><strong>vices</strong></span> <span class='ocrx_word' id='word_1_13' title='bbox 1585 260 1693 302; x_wconf 77' lang='lat' dir='ltr'><strong>alte-</strong></span> 
     </span>
     <span class='ocr_line' id='line_1_3' title="bbox 287 311 1692 366; baseline 0.003 -15"><span class='ocrx_word' id='word_1_14' title='bbox 287 314 381 352; x_wconf 80' lang='lat' dir='ltr'><strong>rius</strong></span> <span class='ocrx_word' id='word_1_15' title='bbox 407 311 513 362; x_wconf 84' lang='lat' dir='ltr'><strong>obit,</strong></span> <span class='ocrx_word' id='word_1_16' title='bbox 552 315 761 361; x_wconf 64' lang='lat' dir='ltr'><strong>vicariam,</strong></span> <span class='ocrx_word' id='word_1_17' title='bbox 801 311 978 363; x_wconf 74' lang='lat' dir='ltr'><strong>leyatus.</strong></span> <span class='ocrx_word' id='word_1_18' title='bbox 1050 314 1107 352; x_wconf 86' lang='lat' dir='ltr'><strong>sic</strong></span> <span class='ocrx_word' id='word_1_19' title='bbox 1134 314 1282 364; x_wconf 89' lang='lat' dir='ltr'><strong>passim</strong></span> <span class='ocrx_word' id='word_1_20' title='bbox 1305 315 1518 366; x_wconf 83' lang='lat' dir='ltr'><strong>scriptores</strong></span> <span class='ocrx_word' id='word_1_21' title='bbox 1545 315 1692 356; x_wconf 84' lang='lat' dir='ltr'><strong>Graeci</strong></span> 
     </span>
     <span class='ocr_line' id='line_1_4' title="bbox 285 366 1690 420; baseline 0.003 -16"><span class='ocrx_word' id='word_1_22' title='bbox 285 367 538 405; x_wconf 84' lang='lat' dir='ltr'><strong>recentiores.</strong></span> <span class='ocrx_word' id='word_1_23' title='bbox 610 371 781 405; x_wconf 87' lang='lat' dir='ltr'><strong>ceterum</strong></span> <span class='ocrx_word' id='word_1_24' title='bbox 818 366 1048 406; x_wconf 80' lang='lat' dir='ltr'><strong>Eustathius</strong></span> <span class='ocrx_word' id='word_1_25' title='bbox 1091 367 1155 406; x_wconf 85' lang='lat' dir='ltr'><strong>hic</strong></span> <span class='ocrx_word' id='word_1_26' title='bbox 1188 367 1372 418; x_wconf 84' lang='lat' dir='ltr'><strong>Argyrus</strong></span> <span class='ocrx_word' id='word_1_27' title='bbox 1407 369 1550 408; x_wconf 83' lang='lat' dir='ltr'><strong>Leonis</strong></span> <span class='ocrx_word' id='word_1_28' title='bbox 1577 374 1690 420; x_wconf 84' lang='lat' dir='ltr'><strong>pater</strong></span> 
     </span>
     <span class='ocr_line' id='line_1_5' title="bbox 287 419 1694 472; baseline 0.004 -15"><span class='ocrx_word' id='word_1_29' title='bbox 287 420 388 469; x_wconf 87' lang='lat' dir='ltr'><strong>fuit,</strong></span> <span class='ocrx_word' id='word_1_30' title='bbox 431 423 474 458; x_wconf 92' lang='lat' dir='ltr'><strong>ut</strong></span> <span class='ocrx_word' id='word_1_31' title='bbox 512 419 649 458; x_wconf 85' lang='lat' dir='ltr'><strong>scribit</strong></span> <span class='ocrx_word' id='word_1_32' title='bbox 676 420 795 470; x_wconf 86' lang='lat' dir='ltr'><strong>paulo</strong></span> <span class='ocrx_word' id='word_1_33' title='bbox 833 421 1014 471; x_wconf 87' lang='lat' dir='ltr'><strong>superius</strong></span> <span class='ocrx_word' id='word_1_34' title='bbox 1051 421 1435 472; x_wconf 81' lang='lat' dir='ltr'><strong>Porphyrogenitus,</strong></span> <span class='ocrx_word' id='word_1_35' title='bbox 1462 426 1502 462; x_wconf 82' lang='lat' dir='ltr'><strong>et</strong></span> <span class='ocrx_word' id='word_1_36' title='bbox 1527 423 1694 463; x_wconf 84' lang='lat' dir='ltr'><strong>Romani</strong></span> 
     </span>
     <span class='ocr_line' id='line_1_6' title="bbox 285 473 1561 524; baseline 0.002 -12"><span class='ocrx_word' id='word_1_37' title='bbox 285 473 436 524; x_wconf 85' lang='lat' dir='ltr'><strong>Argyri</strong></span> <span class='ocrx_word' id='word_1_38' title='bbox 457 473 708 524; x_wconf 85' lang='lat' dir='ltr'><strong>imperatoris</strong></span> <span class='ocrx_word' id='word_1_39' title='bbox 735 486 847 514; x_wconf 89' lang='lat' dir='ltr'><strong>avus.</strong></span> <span class='ocrx_word' id='word_1_40' title='bbox 1558 484 1561 486; x_wconf 85' lang='grc'><strong>’</strong></span> 
     </span>
    </p>
   </div>
   <div class='ocr_carea' id='block_1_3' title="bbox 284 547 1693 654">
    <p class='ocr_par' dir='ltr' id='par_1_3' title="bbox 284 547 1693 654">
     <span class='ocr_line' id='line_1_7' title="bbox 392 547 1693 602; baseline 0.003 -17"><span class='ocrx_word' id='word_1_41' title='bbox 392 550 483 594; x_wconf 83' lang='grc'>231,</span> <span class='ocrx_word' id='word_1_42' title='bbox 513 551 551 586; x_wconf 76' lang='grc'><strong>7.</strong></span> <span class='ocrx_word' id='word_1_43' title='bbox 622 547 697 585; x_wconf 83' lang='grc' dir='ltr'><strong>τοῦ</strong></span> <span class='ocrx_word' id='word_1_44' title='bbox 725 547 1098 598; x_wconf 70' lang='grc' dir='ltr'><strong><em>Χρυσοπρικλιίὀν]</em></strong></span> <span class='ocrx_word' id='word_1_45' title='bbox 1140 549 1188 586; x_wconf 73' lang='lat' dir='ltr'><strong>de</strong></span> <span class='ocrx_word' id='word_1_46' title='bbox 1217 549 1387 588; x_wconf 79' lang='lat' dir='ltr'><strong>triclinio</strong></span> <span class='ocrx_word' id='word_1_47' title='bbox 1415 549 1545 589; x_wconf 81' lang='lat' dir='ltr'><strong>Aureo</strong></span> <span class='ocrx_word' id='word_1_48' title='bbox 1570 551 1693 602; x_wconf 81' lang='lat' dir='ltr'><strong>pluri-</strong></span> 
     </span>
     <span class='ocr_line' id='line_1_8' title="bbox 284 601 1223 654; baseline 0.001 -13"><span class='ocrx_word' id='word_1_49' title='bbox 284 601 358 641; x_wconf 86' lang='lat' dir='ltr'><strong>bus</strong></span> <span class='ocrx_word' id='word_1_50' title='bbox 385 602 534 652; x_wconf 83' lang='lat' dir='ltr'><strong>egimus</strong></span> <span class='ocrx_word' id='word_1_51' title='bbox 563 602 590 641; x_wconf 90' lang='lat' dir='ltr'><strong>l.</strong></span> <span class='ocrx_word' id='word_1_52' title='bbox 620 606 642 640; x_wconf 89' lang='lat'>1</span> <span class='ocrx_word' id='word_1_53' title='bbox 673 602 886 642; x_wconf 89' lang='lat' dir='ltr'><strong>Comment.</strong></span> <span class='ocrx_word' id='word_1_54' title='bbox 920 603 961 642; x_wconf 89' lang='lat' dir='ltr'><strong>in</strong></span> <span class='ocrx_word' id='word_1_55' title='bbox 985 603 1117 654; x_wconf 86' lang='lat' dir='ltr'><strong>Antiq.</strong></span> <span class='ocrx_word' id='word_1_56' title='bbox 1149 602 1223 642; x_wconf 81' lang='lat' dir='ltr'><strong>CP.</strong></span> 
     </span>
    </p>
   </div>
   <div class='ocr_carea' id='block_1_4' title="bbox 281 665 1692 1117">
    <p class='ocr_par' dir='ltr' id='par_1_4' title="bbox 281 665 1692 921">
     <span class='ocr_line' id='line_1_9' title="bbox 390 665 1692 718; baseline 0.002 -14"><span class='ocrx_word' id='word_1_57' title='bbox 390 668 482 714; x_wconf 85' lang='grc'>232,</span> <span class='ocrx_word' id='word_1_58' title='bbox 505 669 544 705; x_wconf 87' lang='grc'><strong>9.</strong></span> <span class='ocrx_word' id='word_1_59' title='bbox 600 666 795 705; x_wconf 86' lang='lat' dir='ltr'><strong>Samonas</strong></span> <span class='ocrx_word' id='word_1_60' title='bbox 821 666 885 705; x_wconf 87' lang='lat' dir='ltr'><strong>hic</strong></span> <span class='ocrx_word' id='word_1_61' title='bbox 913 671 1000 706; x_wconf 87' lang='lat' dir='ltr'><strong>erat</strong></span> <span class='ocrx_word' id='word_1_62' title='bbox 1026 667 1234 718; x_wconf 86' lang='lat' dir='ltr'><strong>Agarenus</strong></span> <span class='ocrx_word' id='word_1_63' title='bbox 1255 667 1380 718; x_wconf 84' lang='lat' dir='ltr'><strong>spado</strong></span> <span class='ocrx_word' id='word_1_64' title='bbox 1405 670 1445 706; x_wconf 88' lang='lat' dir='ltr'><strong>et</strong></span> <span class='ocrx_word' id='word_1_65' title='bbox 1471 665 1593 706; x_wconf 79' lang='lat' dir='ltr'><strong>Leoni</strong></span> <span class='ocrx_word' id='word_1_66' title='bbox 1620 667 1692 706; x_wconf 87' lang='lat' dir='ltr'><strong>im-</strong></span> 
     </span>
     <span class='ocr_line' id='line_1_10' title="bbox 284 719 1691 772; baseline 0.002 -15"><span class='ocrx_word' id='word_1_67' title='bbox 284 719 461 769; x_wconf 87' lang='lat' dir='ltr'><strong>peratori</strong></span> <span class='ocrx_word' id='word_1_68' title='bbox 489 731 605 758; x_wconf 87' lang='lat' dir='ltr'><strong>carus</strong></span> <span class='ocrx_word' id='word_1_69' title='bbox 634 720 683 758; x_wconf 90' lang='lat' dir='ltr'><strong>ob</strong></span> <span class='ocrx_word' id='word_1_70' title='bbox 700 720 890 759; x_wconf 86' lang='lat' dir='ltr'><strong>detectam</strong></span> <span class='ocrx_word' id='word_1_71' title='bbox 901 720 1038 760; x_wconf 86' lang='lat' dir='ltr'><strong>Basilii</strong></span> <span class='ocrx_word' id='word_1_72' title='bbox 1059 720 1392 768; x_wconf 79' lang='lat' dir='ltr'><strong>coniurationem3</strong></span> <span class='ocrx_word' id='word_1_73' title='bbox 1420 733 1447 760; x_wconf 88' lang='lat' dir='ltr'><strong>a</strong></span> <span class='ocrx_word' id='word_1_74' title='bbox 1473 732 1549 772; x_wconf 85' lang='lat' dir='ltr'><strong>quo</strong></span> <span class='ocrx_word' id='word_1_75' title='bbox 1573 720 1691 760; x_wconf 73' lang='lat' dir='ltr'><strong>etiam</strong></span> 
     </span>
     <span class='ocr_line' id='line_1_11' title="bbox 282 773 1692 824; baseline 0.002 -13"><span class='ocrx_word' id='word_1_76' title='bbox 282 773 593 824; x_wconf 74' lang='lat' dir='ltr'><strong>protospatharii</strong></span> <span class='ocrx_word' id='word_1_77' title='bbox 629 774 779 812; x_wconf 87' lang='lat' dir='ltr'><strong>honore</strong></span> <span class='ocrx_word' id='word_1_78' title='bbox 817 778 953 813; x_wconf 86' lang='lat' dir='ltr'><strong>auctus</strong></span> <span class='ocrx_word' id='word_1_79' title='bbox 990 775 1086 822; x_wconf 80' lang='lat' dir='ltr'><strong>fuit,</strong></span> <span class='ocrx_word' id='word_1_80' title='bbox 1116 778 1160 813; x_wconf 88' lang='lat' dir='ltr'><strong>ut</strong></span> <span class='ocrx_word' id='word_1_81' title='bbox 1198 774 1337 813; x_wconf 83' lang='lat' dir='ltr'><strong>scribit</strong></span> <span class='ocrx_word' id='word_1_82' title='bbox 1364 774 1548 814; x_wconf 77' lang='lat' dir='ltr'><strong>Zonaras</strong></span> <span class='ocrx_word' id='word_1_83' title='bbox 1576 774 1618 814; x_wconf 86' lang='lat' dir='ltr'><strong>in</strong></span> <span class='ocrx_word' id='word_1_84' title='bbox 1644 786 1692 813; x_wconf 80' lang='lat' dir='ltr'><strong>eo</strong></span> 
     </span>
     <span class='ocr_line' id='line_1_12' title="bbox 281 826 1691 880; baseline 0.001 -15"><span class='ocrx_word' id='word_1_85' title='bbox 281 826 462 877; x_wconf 74' lang='lat' dir='ltr'><strong>Augusto</strong></span> <span class='ocrx_word' id='word_1_86' title='bbox 491 840 528 877; x_wconf 90' lang='lat' dir='ltr'><strong>p.</strong></span> <span class='ocrx_word' id='word_1_87' title='bbox 547 831 638 865; x_wconf 76' lang='lat'>177.</span> <span class='ocrx_word' id='word_1_88' title='bbox 698 827 871 866; x_wconf 78' lang='lat' dir='ltr'><strong>meminit</strong></span> <span class='ocrx_word' id='word_1_89' title='bbox 893 827 1010 867; x_wconf 90' lang='lat' dir='ltr'><strong>etiam</strong></span> <span class='ocrx_word' id='word_1_90' title='bbox 1038 827 1151 867; x_wconf 88' lang='lat' dir='ltr'><strong>huius</strong></span> <span class='ocrx_word' id='word_1_91' title='bbox 1178 827 1376 868; x_wconf 80' lang='lat' dir='ltr'><strong>Samonae</strong></span> <span class='ocrx_word' id='word_1_92' title='bbox 1403 828 1623 880; x_wconf 79' lang='lat' dir='ltr'><strong>Gregorius</strong></span> <span class='ocrx_word' id='word_1_93' title='bbox 1650 828 1691 867; x_wconf 90' lang='lat' dir='ltr'><strong>in</strong></span> 
     </span>
     <span class='ocr_line' id='line_1_13' title="bbox 289 881 958 921; baseline 0 -1"><span class='ocrx_word' id='word_1_94' title='bbox 289 881 381 920; x_wconf 80' lang='lat' dir='ltr'><strong>vita</strong></span> <span class='ocrx_word' id='word_1_95' title='bbox 412 881 457 920; x_wconf 88' lang='lat' dir='ltr'><strong>S.</strong></span> <span class='ocrx_word' id='word_1_96' title='bbox 489 881 628 920; x_wconf 88' lang='lat' dir='ltr'><strong>Basilii</strong></span> <span class='ocrx_word' id='word_1_97' title='bbox 655 881 823 921; x_wconf 82' lang='lat' dir='ltr'><strong>Iunioris</strong></span> <span class='ocrx_word' id='word_1_98' title='bbox 852 893 890 920; x_wconf 90' lang='lat' dir='ltr'><strong>n.</strong></span> <span class='ocrx_word' id='word_1_99' title='bbox 918 884 958 920; x_wconf 80' lang='lat'><strong>3.</strong></span> 
     </span>
    </p>

    <p class='ocr_par' dir='ltr' id='par_1_5' title="bbox 281 951 1689 1117">
     <span class='ocr_line' id='line_1_14' title="bbox 389 951 1689 1008; baseline -0.002 -13"><span class='ocrx_word' id='word_1_100' title='bbox 389 955 497 996; x_wconf 74' lang='lat' dir='ltr'><strong>Ibid.</strong></span> <span class='ocrx_word' id='word_1_101' title='bbox 531 960 594 996; x_wconf 93' lang='lat'><strong>11.</strong></span> <span class='ocrx_word' id='word_1_102' title='bbox 652 951 980 1005; x_wconf 75' lang='grc' dir='ltr'><strong><em>ἐπικούτζουλον]</em></strong></span> <span class='ocrx_word' id='word_1_103' title='bbox 1014 955 1104 995; x_wconf 80' lang='lat' dir='ltr'><strong>vide</strong></span> <span class='ocrx_word' id='word_1_104' title='bbox 1131 955 1196 996; x_wconf 82' lang='lat' dir='ltr'><strong>Gl.</strong></span> <span class='ocrx_word' id='word_1_105' title='bbox 1219 955 1504 1008; x_wconf 68' lang='lat' dir='ltr'><strong>Gr.l)ucangii</strong></span> <span class='ocrx_word' id='word_1_106' title='bbox 1522 954 1689 995; x_wconf 61' lang='lat' dir='ltr'><strong>wlton-</strong></span> 
     </span>
     <span class='ocr_line' id='line_1_15' title="bbox 281 1009 1688 1062; baseline 0.001 -15"><span class='ocrx_word' id='word_1_107' title='bbox 281 1009 462 1056; x_wconf 78' lang='grc' dir='ltr'><strong>τζουλον.</strong></span> <span class='ocrx_word' id='word_1_108' title='bbox 530 1011 579 1049; x_wconf 90' lang='lat' dir='ltr'><strong>de</strong></span> <span class='ocrx_word' id='word_1_109' title='bbox 621 1011 814 1050; x_wconf 81' lang='lat' dir='ltr'><strong>Lausiaco</strong></span> <span class='ocrx_word' id='word_1_110' title='bbox 856 1014 985 1050; x_wconf 90' lang='lat' dir='ltr'><strong>autem</strong></span> <span class='ocrx_word' id='word_1_111' title='bbox 1028 1010 1178 1062; x_wconf 86' lang='lat' dir='ltr'><strong>palatio</strong></span> <span class='ocrx_word' id='word_1_112' title='bbox 1222 1010 1399 1061; x_wconf 90' lang='lat' dir='ltr'><strong>pluribus</strong></span> <span class='ocrx_word' id='word_1_113' title='bbox 1427 1009 1580 1062; x_wconf 79' lang='lat' dir='ltr'><strong>egimus</strong></span> <span class='ocrx_word' id='word_1_114' title='bbox 1609 1009 1638 1048; x_wconf 90' lang='lat'><strong>1.</strong></span> <span class='ocrx_word' id='word_1_115' title='bbox 1664 1012 1688 1049; x_wconf 85' lang='lat'>1</span> 
     </span>
     <span class='ocr_line' id='line_1_16' title="bbox 283 1063 1136 1117; baseline -0.002 -13"><span class='ocrx_word' id='word_1_116' title='bbox 283 1064 498 1104; x_wconf 79' lang='lat' dir='ltr'><strong>Connnent.</strong></span> <span class='ocrx_word' id='word_1_117' title='bbox 529 1064 570 1104; x_wconf 90' lang='lat' dir='ltr'><strong>in</strong></span> <span class='ocrx_word' id='word_1_118' title='bbox 597 1064 732 1117; x_wconf 85' lang='lat' dir='ltr'><strong>Antiq.</strong></span> <span class='ocrx_word' id='word_1_119' title='bbox 765 1063 842 1104; x_wconf 64' lang='lat' dir='ltr'><strong>cl).</strong></span> <span class='ocrx_word' id='word_1_120' title='bbox 1132 1077 1136 1083; x_wconf 73' lang='lat'>¹</span> 
     </span>
    </p>
   </div>
   <div class='ocr_carea' id='block_1_5' title="bbox 278 1133 1692 1462">
    <p class='ocr_par' dir='ltr' id='par_1_6' title="bbox 278 1133 1692 1462">
     <span class='ocr_line' id='line_1_17' title="bbox 389 1133 1691 1190; baseline -0.002 -10"><span class='ocrx_word' id='word_1_121' title='bbox 389 1144 482 1188; x_wconf 80' lang='lat'>233,</span> <span class='ocrx_word' id='word_1_122' title='bbox 511 1143 574 1179; x_wconf 87' lang='grc'><strong>14.</strong></span> <span class='ocrx_word' id='word_1_123' title='bbox 632 1133 830 1189; x_wconf 78' lang='grc' dir='ltr'><em>α’γράριον</em></span> <span class='ocrx_word' id='word_1_124' title='bbox 864 1139 1116 1190; x_wconf 84' lang='lat' dir='ltr'><strong>imperatoris</strong></span> <span class='ocrx_word' id='word_1_125' title='bbox 1153 1150 1231 1177; x_wconf 89' lang='lat' dir='ltr'><strong>non</strong></span> <span class='ocrx_word' id='word_1_126' title='bbox 1267 1139 1394 1178; x_wconf 88' lang='lat' dir='ltr'><strong>solum</strong></span> <span class='ocrx_word' id='word_1_127' title='bbox 1419 1141 1561 1178; x_wconf 85' lang='lat' dir='ltr'><strong>tectum</strong></span> <span class='ocrx_word' id='word_1_128' title='bbox 1590 1142 1691 1189; x_wconf 79' lang='lat' dir='ltr'><strong>crat,</strong></span> 
     </span>
     <span class='ocr_line' id='line_1_18' title="bbox 284 1192 1689 1244; baseline -0.001 -12"><span class='ocrx_word' id='word_1_129' title='bbox 284 1192 340 1236; x_wconf 79' lang='lat' dir='ltr'><strong>uti</strong></span> <span class='ocrx_word' id='word_1_130' title='bbox 368 1194 603 1234; x_wconf 83' lang='lat' dir='ltr'><strong>describitur</strong></span> <span class='ocrx_word' id='word_1_131' title='bbox 633 1194 683 1234; x_wconf 91' lang='lat' dir='ltr'><strong>ab</strong></span> <span class='ocrx_word' id='word_1_132' title='bbox 710 1193 825 1232; x_wconf 84' lang='lat' dir='ltr'><strong>Anna</strong></span> <span class='ocrx_word' id='word_1_133' title='bbox 855 1192 1068 1242; x_wconf 75' lang='lat' dir='ltr'><strong>comnena,</strong></span> <span class='ocrx_word' id='word_1_134' title='bbox 1101 1193 1170 1231; x_wconf 89' lang='lat' dir='ltr'><strong>sed</strong></span> <span class='ocrx_word' id='word_1_135' title='bbox 1198 1196 1237 1231; x_wconf 89' lang='lat' dir='ltr'><strong>et</strong></span> <span class='ocrx_word' id='word_1_136' title='bbox 1262 1204 1498 1244; x_wconf 89' lang='lat' dir='ltr'><strong>purpureum</strong></span> <span class='ocrx_word' id='word_1_137' title='bbox 1527 1193 1593 1232; x_wconf 87' lang='lat' dir='ltr'><strong>vel</strong></span> <span class='ocrx_word' id='word_1_138' title='bbox 1622 1203 1689 1231; x_wconf 88' lang='lat' dir='ltr'><strong>ru-</strong></span> 
     </span>
     <span class='ocr_line' id='line_1_19' title="bbox 280 1246 1690 1298; baseline -0.001 -13"><span class='ocrx_word' id='word_1_139' title='bbox 280 1247 406 1297; x_wconf 88' lang='lat' dir='ltr'><strong>beum,</strong></span> <span class='ocrx_word' id='word_1_140' title='bbox 433 1260 481 1287; x_wconf 88' lang='lat' dir='ltr'><strong>ac</strong></span> <span class='ocrx_word' id='word_1_141' title='bbox 510 1248 610 1287; x_wconf 89' lang='lat' dir='ltr'><strong>velis</strong></span> <span class='ocrx_word' id='word_1_142' title='bbox 641 1252 681 1286; x_wconf 88' lang='lat' dir='ltr'><strong>et</strong></span> <span class='ocrx_word' id='word_1_143' title='bbox 710 1247 861 1287; x_wconf 88' lang='lat' dir='ltr'><strong>aulaeis</strong></span> <span class='ocrx_word' id='word_1_144' title='bbox 900 1246 1071 1286; x_wconf 88' lang='lat' dir='ltr'><strong>eiusdem</strong></span> <span class='ocrx_word' id='word_1_145' title='bbox 1099 1246 1244 1285; x_wconf 89' lang='lat' dir='ltr'><strong>coloris</strong></span> <span class='ocrx_word' id='word_1_146' title='bbox 1266 1247 1420 1298; x_wconf 86' lang='lat' dir='ltr'><strong>pariter</strong></span> <span class='ocrx_word' id='word_1_147' title='bbox 1445 1246 1690 1295; x_wconf 87' lang='lat' dir='ltr'><strong>instructum,</strong></span> 
     </span>
     <span class='ocr_line' id='line_1_20' title="bbox 281 1296 1692 1354; baseline -0.002 -13"><span class='ocrx_word' id='word_1_148' title='bbox 281 1302 385 1341; x_wconf 88' lang='lat' dir='ltr'><strong>unde</strong></span> <span class='ocrx_word' id='word_1_149' title='bbox 415 1296 580 1351; x_wconf 76' lang='grc' dir='ltr'>ῥούσιον</span> <span class='ocrx_word' id='word_1_150' title='bbox 608 1303 875 1354; x_wconf 88' lang='lat' dir='ltr'><strong>appellatum;</strong></span> <span class='ocrx_word' id='word_1_151' title='bbox 903 1300 943 1340; x_wconf 91' lang='lat' dir='ltr'><strong>in</strong></span> <span class='ocrx_word' id='word_1_152' title='bbox 974 1313 1050 1352; x_wconf 91' lang='lat' dir='ltr'><strong>quo</strong></span> <span class='ocrx_word' id='word_1_153' title='bbox 1081 1301 1235 1352; x_wconf 89' lang='lat' dir='ltr'><strong>quidem</strong></span> <span class='ocrx_word' id='word_1_154' title='bbox 1265 1300 1408 1340; x_wconf 90' lang='lat' dir='ltr'><strong>nemini</strong></span> <span class='ocrx_word' id='word_1_155' title='bbox 1435 1311 1522 1339; x_wconf 88' lang='lat' dir='ltr'><strong>esse</strong></span> <span class='ocrx_word' id='word_1_156' title='bbox 1547 1299 1692 1339; x_wconf 78' lang='lat' dir='ltr'><strong>licebat</strong></span> 
     </span>
     <span class='ocr_line' id='line_1_21' title="bbox 278 1354 1689 1408; baseline -0.001 -14"><span class='ocrx_word' id='word_1_157' title='bbox 278 1360 556 1408; x_wconf 84' lang='lat' dir='ltr'><strong>praeterquam</strong></span> <span class='ocrx_word' id='word_1_158' title='bbox 598 1355 827 1408; x_wconf 85' lang='lat' dir='ltr'><strong>drungariis</strong></span> <span class='ocrx_word' id='word_1_159' title='bbox 858 1355 1110 1395; x_wconf 84' lang='lat' dir='ltr'><strong>excubiarum</strong></span> <span class='ocrx_word' id='word_1_160' title='bbox 1143 1359 1181 1393; x_wconf 93' lang='lat' dir='ltr'><strong>et</strong></span> <span class='ocrx_word' id='word_1_161' title='bbox 1207 1354 1267 1394; x_wconf 87' lang='lat' dir='ltr'><strong>rei</strong></span> <span class='ocrx_word' id='word_1_162' title='bbox 1292 1354 1448 1394; x_wconf 85' lang='lat' dir='ltr'><strong>navalis</strong></span> <span class='ocrx_word' id='word_1_163' title='bbox 1474 1357 1513 1393; x_wconf 93' lang='lat' dir='ltr'><strong>et</strong></span> <span class='ocrx_word' id='word_1_164' title='bbox 1538 1354 1689 1405; x_wconf 76' lang='lat' dir='ltr'><strong>aliquot</strong></span> 
     </span>
     <span class='ocr_line' id='line_1_22' title="bbox 278 1407 1687 1462; baseline -0.001 -14"><span class='ocrx_word' id='word_1_165' title='bbox 278 1409 371 1449; x_wconf 91' lang='lat' dir='ltr'><strong>aliis</strong></span> <span class='ocrx_word' id='word_1_166' title='bbox 387 1422 438 1450; x_wconf 84' lang='lat' dir='ltr'><strong>ex</strong></span> <span class='ocrx_word' id='word_1_167' title='bbox 465 1409 664 1461; x_wconf 89' lang='lat' dir='ltr'><strong>primariis</strong></span> <span class='ocrx_word' id='word_1_168' title='bbox 684 1409 826 1462; x_wconf 88' lang='lat' dir='ltr'><strong>palatii</strong></span> <span class='ocrx_word' id='word_1_169' title='bbox 851 1408 1097 1458; x_wconf 84' lang='lat' dir='ltr'><strong>officialibus,</strong></span> <span class='ocrx_word' id='word_1_170' title='bbox 1127 1421 1224 1460; x_wconf 89' lang='lat' dir='ltr'><strong>quos</strong></span> <span class='ocrx_word' id='word_1_171' title='bbox 1240 1408 1456 1460; x_wconf 87' lang='lat' dir='ltr'><strong>imperator</strong></span> <span class='ocrx_word' id='word_1_172' title='bbox 1474 1407 1687 1460; x_wconf 83' lang='lat' dir='ltr'><strong>deligebat.</strong></span> 
     </span>
    </p>
   </div>
   <div class='ocr_carea' id='block_1_6' title="bbox 278 1483 1691 2129">
    <p class='ocr_par' dir='ltr' id='par_1_7' title="bbox 278 1483 1691 2129">
     <span class='ocr_line' id='line_1_23' title="bbox 389 1483 1690 1535; baseline -0.001 -11"><span class='ocrx_word' id='word_1_173' title='bbox 389 1483 496 1524; x_wconf 77' lang='lat' dir='ltr'><strong>Ibid.</strong></span> <span class='ocrx_word' id='word_1_174' title='bbox 526 1489 591 1524; x_wconf 88' lang='grc'><strong>21.</strong></span> <span class='ocrx_word' id='word_1_175' title='bbox 657 1485 821 1525; x_wconf 89' lang='lat' dir='ltr'><strong>Stenum</strong></span> <span class='ocrx_word' id='word_1_176' title='bbox 863 1487 1136 1535; x_wconf 81' lang='lat' dir='ltr'><strong>nuncuparunt</strong></span> <span class='ocrx_word' id='word_1_177' title='bbox 1176 1484 1340 1535; x_wconf 87' lang='lat' dir='ltr'><strong>primum</strong></span> <span class='ocrx_word' id='word_1_178' title='bbox 1381 1483 1526 1523; x_wconf 83' lang='lat' dir='ltr'><strong>Graeci</strong></span> <span class='ocrx_word' id='word_1_179' title='bbox 1567 1487 1690 1522; x_wconf 80' lang='lat' dir='ltr'><strong>totum</strong></span> 
     </span>
     <span class='ocr_line' id='line_1_24' title="bbox 279 1537 1688 1591; baseline -0.002 -13"><span class='ocrx_word' id='word_1_180' title='bbox 279 1539 377 1578; x_wconf 83' lang='lat' dir='ltr'><strong>illud</strong></span> <span class='ocrx_word' id='word_1_181' title='bbox 405 1539 527 1578; x_wconf 68' lang='lat' dir='ltr'><strong>:naris</strong></span> <span class='ocrx_word' id='word_1_182' title='bbox 554 1541 696 1578; x_wconf 85' lang='lat' dir='ltr'><strong>fretum</strong></span> <span class='ocrx_word' id='word_1_183' title='bbox 726 1538 829 1591; x_wconf 87' lang='lat' dir='ltr'><strong>quod</strong></span> <span class='ocrx_word' id='word_1_184' title='bbox 856 1538 1090 1587; x_wconf 82' lang='lat' dir='ltr'><strong>Byzantium</strong></span> <span class='ocrx_word' id='word_1_185' title='bbox 1126 1538 1229 1576; x_wconf 88' lang='lat' dir='ltr'><strong>inter</strong></span> <span class='ocrx_word' id='word_1_186' title='bbox 1258 1541 1296 1576; x_wconf 88' lang='lat' dir='ltr'><strong>et</strong></span> <span class='ocrx_word' id='word_1_187' title='bbox 1327 1538 1490 1577; x_wconf 88' lang='lat' dir='ltr'><strong>Pontum</strong></span> <span class='ocrx_word' id='word_1_188' title='bbox 1520 1537 1688 1577; x_wconf 81' lang='lat' dir='ltr'><strong>interia-</strong></span> 
     </span>
     <span class='ocr_line' id='line_1_25' title="bbox 279 1591 1689 1645; baseline -0.002 -13"><span class='ocrx_word' id='word_1_189' title='bbox 279 1598 367 1640; x_wconf 88' lang='lat' dir='ltr'><strong>cet;</strong></span> <span class='ocrx_word' id='word_1_190' title='bbox 397 1594 501 1645; x_wconf 87' lang='lat' dir='ltr'><strong>quod</strong></span> <span class='ocrx_word' id='word_1_191' title='bbox 523 1594 678 1645; x_wconf 87' lang='lat' dir='ltr'><strong>quidem</strong></span> <span class='ocrx_word' id='word_1_192' title='bbox 695 1593 880 1632; x_wconf 87' lang='lat' dir='ltr'><strong>trecentis</strong></span> <span class='ocrx_word' id='word_1_193' title='bbox 908 1593 996 1643; x_wconf 91' lang='lat' dir='ltr'><strong>plus</strong></span> <span class='ocrx_word' id='word_1_194' title='bbox 1013 1592 1138 1631; x_wconf 90' lang='lat' dir='ltr'><strong>minus</strong></span> <span class='ocrx_word' id='word_1_195' title='bbox 1169 1591 1310 1630; x_wconf 84' lang='lat' dir='ltr'><strong>stadiis</strong></span> <span class='ocrx_word' id='word_1_196' title='bbox 1336 1591 1376 1630; x_wconf 91' lang='lat' dir='ltr'><strong>in</strong></span> <span class='ocrx_word' id='word_1_197' title='bbox 1405 1591 1689 1643; x_wconf 83' lang='lat' dir='ltr'><strong>longitudinem</strong></span> 
     </span>
     <span class='ocr_line' id='line_1_26' title="bbox 278 1644 1689 1697; baseline -0.003 -11"><span class='ocrx_word' id='word_1_198' title='bbox 278 1651 399 1697; x_wconf 85' lang='lat' dir='ltr'><strong>patet.</strong></span> <span class='ocrx_word' id='word_1_199' title='bbox 474 1647 616 1686; x_wconf 88' lang='lat' dir='ltr'><strong>deinde</strong></span> <span class='ocrx_word' id='word_1_200' title='bbox 652 1659 748 1686; x_wconf 90' lang='lat' dir='ltr'><strong>vero</strong></span> <span class='ocrx_word' id='word_1_201' title='bbox 787 1646 1002 1697; x_wconf 87' lang='lat' dir='ltr'><strong>scriptores</strong></span> <span class='ocrx_word' id='word_1_202' title='bbox 1042 1645 1283 1684; x_wconf 81' lang='lat' dir='ltr'><strong>recentiores</strong></span> <span class='ocrx_word' id='word_1_203' title='bbox 1311 1645 1475 1685; x_wconf 85' lang='lat' dir='ltr'><strong>Steuum</strong></span> <span class='ocrx_word' id='word_1_204' title='bbox 1498 1657 1572 1696; x_wconf 87' lang='lat' dir='ltr'><strong>pro</strong></span> <span class='ocrx_word' id='word_1_205' title='bbox 1604 1644 1689 1695; x_wconf 88' lang='lat' dir='ltr'><strong>ipso</strong></span> 
     </span>
     <span class='ocr_line' id='line_1_27' title="bbox 281 1698 1689 1752; baseline -0.003 -12"><span class='ocrx_word' id='word_1_206' title='bbox 281 1701 395 1740; x_wconf 90' lang='lat' dir='ltr'><strong>Steni</strong></span> <span class='ocrx_word' id='word_1_207' title='bbox 420 1701 555 1740; x_wconf 90' lang='lat' dir='ltr'><strong>littore</strong></span> <span class='ocrx_word' id='word_1_208' title='bbox 590 1702 739 1752; x_wconf 87' lang='lat' dir='ltr'><strong>passim</strong></span> <span class='ocrx_word' id='word_1_209' title='bbox 766 1702 1030 1751; x_wconf 80' lang='lat' dir='ltr'><strong>usurparunt3</strong></span> <span class='ocrx_word' id='word_1_210' title='bbox 1067 1699 1234 1751; x_wconf 85' lang='lat' dir='ltr'><strong>proinde</strong></span> <span class='ocrx_word' id='word_1_211' title='bbox 1260 1699 1563 1750; x_wconf 81' lang='lat' dir='ltr'><strong>Europaeauum</strong></span> <span class='ocrx_word' id='word_1_212' title='bbox 1590 1698 1689 1737; x_wconf 87' lang='lat' dir='ltr'><strong>illud</strong></span> 
     </span>
     <span class='ocr_line' id='line_1_28' title="bbox 279 1750 1688 1806; baseline -0.002 -14"><span class='ocrx_word' id='word_1_213' title='bbox 279 1754 405 1803; x_wconf 88' lang='lat' dir='ltr'><strong>littus,</strong></span> <span class='ocrx_word' id='word_1_214' title='bbox 436 1768 462 1794; x_wconf 86' lang='lat' dir='ltr'><strong>a</strong></span> <span class='ocrx_word' id='word_1_215' title='bbox 490 1755 618 1806; x_wconf 89' lang='lat' dir='ltr'><strong>capite</strong></span> <span class='ocrx_word' id='word_1_216' title='bbox 653 1759 792 1806; x_wconf 88' lang='lat' dir='ltr'><strong>portus</strong></span> <span class='ocrx_word' id='word_1_217' title='bbox 820 1753 1020 1804; x_wconf 71' lang='lat' dir='ltr'><strong>Ceu-atini,</strong></span> <span class='ocrx_word' id='word_1_218' title='bbox 1060 1753 1127 1792; x_wconf 91' lang='lat' dir='ltr'><strong>ubi</strong></span> <span class='ocrx_word' id='word_1_219' title='bbox 1160 1753 1314 1792; x_wconf 87' lang='lat' dir='ltr'><strong>exstitit</strong></span> <span class='ocrx_word' id='word_1_220' title='bbox 1339 1753 1619 1792; x_wconf 87' lang='lat' dir='ltr'><strong>monasterium</strong></span> <span class='ocrx_word' id='word_1_221' title='bbox 1644 1750 1688 1790; x_wconf 91' lang='lat' dir='ltr'><strong>S.</strong></span> 
     </span>
     <span class='ocr_line' id='line_1_29' title="bbox 279 1805 1691 1858; baseline -0.004 -10"><span class='ocrx_word' id='word_1_222' title='bbox 279 1808 514 1858; x_wconf 73' lang='lat' dir='ltr'><strong>mamantis,</strong></span> <span class='ocrx_word' id='word_1_223' title='bbox 549 1809 601 1848; x_wconf 86' lang='lat' dir='ltr'><strong>ad</strong></span> <span class='ocrx_word' id='word_1_224' title='bbox 642 1809 745 1848; x_wconf 90' lang='lat' dir='ltr'><strong>ostia</strong></span> <span class='ocrx_word' id='word_1_225' title='bbox 790 1807 906 1847; x_wconf 87' lang='lat' dir='ltr'><strong>Ponti</strong></span> <span class='ocrx_word' id='word_1_226' title='bbox 936 1807 1109 1858; x_wconf 80' lang='lat' dir='ltr'><strong>Euxini,</strong></span> <span class='ocrx_word' id='word_1_227' title='bbox 1136 1805 1310 1846; x_wconf 67' lang='lat' dir='ltr'><strong>Stemma</strong></span> <span class='ocrx_word' id='word_1_228' title='bbox 1341 1807 1484 1846; x_wconf 89' lang='lat' dir='ltr'><strong>dictum</strong></span> <span class='ocrx_word' id='word_1_229' title='bbox 1511 1806 1598 1846; x_wconf 82' lang='lat' dir='ltr'><strong>fuit.</strong></span> <span class='ocrx_word' id='word_1_230' title='bbox 1651 1809 1691 1844; x_wconf 87' lang='lat' dir='ltr'><strong>et</strong></span> 
     </span>
     <span class='ocr_line' id='line_1_30' title="bbox 279 1859 1690 1914; baseline -0.001 -13"><span class='ocrx_word' id='word_1_231' title='bbox 279 1862 355 1901; x_wconf 85' lang='lat' dir='ltr'><strong>hac</strong></span> <span class='ocrx_word' id='word_1_232' title='bbox 379 1863 532 1914; x_wconf 86' lang='lat' dir='ltr'><strong>quidem</strong></span> <span class='ocrx_word' id='word_1_233' title='bbox 571 1863 868 1902; x_wconf 82' lang='lat' dir='ltr'><strong>nomenclatura</strong></span> <span class='ocrx_word' id='word_1_234' title='bbox 911 1862 1087 1900; x_wconf 52' lang='lat' dir='ltr'><strong>donatur&gt;</strong></span> <span class='ocrx_word' id='word_1_235' title='bbox 1118 1860 1153 1900; x_wconf 89' lang='lat' dir='ltr'><strong>is</strong></span> <span class='ocrx_word' id='word_1_236' title='bbox 1191 1861 1436 1912; x_wconf 88' lang='lat' dir='ltr'><strong>potissimum</strong></span> <span class='ocrx_word' id='word_1_237' title='bbox 1473 1859 1690 1900; x_wconf 82' lang='lat' dir='ltr'><strong>maritimus</strong></span> 
     </span>
     <span class='ocr_line' id='line_1_31' title="bbox 280 1914 1690 1968; baseline -0.003 -13"><span class='ocrx_word' id='word_1_238' title='bbox 280 1920 429 1955; x_wconf 89' lang='lat' dir='ltr'><strong>tractus</strong></span> <span class='ocrx_word' id='word_1_239' title='bbox 458 1917 523 1967; x_wconf 86' lang='lat' dir='ltr'><strong>qui</strong></span> <span class='ocrx_word' id='word_1_240' title='bbox 550 1929 670 1968; x_wconf 85' lang='lat' dir='ltr'><strong>supra</strong></span> <span class='ocrx_word' id='word_1_241' title='bbox 700 1916 887 1955; x_wconf 83' lang='lat' dir='ltr'><strong>Galatam</strong></span> <span class='ocrx_word' id='word_1_242' title='bbox 915 1916 967 1955; x_wconf 86' lang='lat' dir='ltr'><strong>ad</strong></span> <span class='ocrx_word' id='word_1_243' title='bbox 989 1915 1082 1954; x_wconf 88' lang='lat' dir='ltr'><strong>freti</strong></span> <span class='ocrx_word' id='word_1_244' title='bbox 1107 1919 1224 1966; x_wconf 85' lang='lat' dir='ltr'><strong>caput</strong></span> <span class='ocrx_word' id='word_1_245' title='bbox 1250 1914 1339 1954; x_wconf 87' lang='lat' dir='ltr'><strong>urbi</strong></span> <span class='ocrx_word' id='word_1_246' title='bbox 1366 1914 1532 1954; x_wconf 86' lang='lat' dir='ltr'><strong>obiacet.</strong></span> <span class='ocrx_word' id='word_1_247' title='bbox 1577 1917 1690 1952; x_wconf 68' lang='lat' dir='ltr'><strong>‘cete-</strong></span> 
     </span>
     <span class='ocr_line' id='line_1_32' title="bbox 280 1966 1691 2019; baseline -0.003 -10"><span class='ocrx_word' id='word_1_248' title='bbox 280 1982 366 2009; x_wconf 90' lang='lat' dir='ltr'><strong>rum</strong></span> <span class='ocrx_word' id='word_1_249' title='bbox 394 1983 420 2010; x_wconf 87' lang='lat' dir='ltr'><strong>a</strong></span> <span class='ocrx_word' id='word_1_250' title='bbox 448 1970 571 2010; x_wconf 90' lang='lat' dir='ltr'><strong>Steno</strong></span> <span class='ocrx_word' id='word_1_251' title='bbox 616 1970 793 2010; x_wconf 82' lang='lat' dir='ltr'><strong>Stenitas</strong></span> <span class='ocrx_word' id='word_1_252' title='bbox 835 1969 960 2008; x_wconf 89' lang='lat' dir='ltr'><strong>dictos</strong></span> <span class='ocrx_word' id='word_1_253' title='bbox 984 1973 1139 2018; x_wconf 87' lang='lat' dir='ltr'><strong>nautas,</strong></span> <span class='ocrx_word' id='word_1_254' title='bbox 1164 1969 1230 2019; x_wconf 84' lang='lat' dir='ltr'><strong>qui</strong></span> <span class='ocrx_word' id='word_1_255' title='bbox 1257 1979 1377 2019; x_wconf 88' lang='lat' dir='ltr'><strong>supra</strong></span> <span class='ocrx_word' id='word_1_256' title='bbox 1406 1967 1568 2018; x_wconf 79' lang='lat' dir='ltr'><strong>Stenum</strong></span> <span class='ocrx_word' id='word_1_257' title='bbox 1596 1966 1691 2005; x_wconf 85' lang='lat' dir='ltr'><strong>cbe-</strong></span> 
     </span>
     <span class='ocr_line' id='line_1_33' title="bbox 279 2020 1688 2075; baseline -0.002 -13"><span class='ocrx_word' id='word_1_258' title='bbox 279 2024 416 2063; x_wconf 88' lang='lat' dir='ltr'><strong>landia</strong></span> <span class='ocrx_word' id='word_1_259' title='bbox 457 2036 526 2064; x_wconf 86' lang='lat' dir='ltr'><strong>seu</strong></span> <span class='ocrx_word' id='word_1_260' title='bbox 562 2024 644 2065; x_wconf 87' lang='lat' dir='ltr'><strong>alia</strong></span> <span class='ocrx_word' id='word_1_261' title='bbox 678 2023 846 2075; x_wconf 77' lang='lat' dir='ltr'><strong>navigia</strong></span> <span class='ocrx_word' id='word_1_262' title='bbox 888 2023 1102 2072; x_wconf 85' lang='lat' dir='ltr'><strong>ducebant,</strong></span> <span class='ocrx_word' id='word_1_263' title='bbox 1153 2021 1278 2062; x_wconf 85' lang='lat' dir='ltr'><strong>tradit</strong></span> <span class='ocrx_word' id='word_1_264' title='bbox 1318 2021 1421 2061; x_wconf 90' lang='lat' dir='ltr'><strong>idem</strong></span> <span class='ocrx_word' id='word_1_265' title='bbox 1461 2020 1688 2073; x_wconf 81' lang='lat' dir='ltr'><strong>Porphyro-</strong></span> 
     </span>
     <span class='ocr_line' id='line_1_34' title="bbox 279 2079 450 2129; baseline 0.012 -13"><span class='ocrx_word' id='word_1_266' title='bbox 279 2079 450 2129; x_wconf 86' lang='lat' dir='ltr'><strong>genitus.</strong></span> 
     </span>
    </p>
   </div>
   <div class='ocr_carea' id='block_1_7' title="bbox 275 2141 1692 2544">
    <p class='ocr_par' dir='ltr' id='par_1_8' title="bbox 279 2141 1690 2307">
     <span class='ocr_line' id='line_1_35' title="bbox 387 2141 1690 2199; baseline -0.005 -12"><span class='ocrx_word' id='word_1_267' title='bbox 387 2150 480 2197; x_wconf 80' lang='grc'>234,</span> <span class='ocrx_word' id='word_1_268' title='bbox 509 2151 548 2199; x_wconf 87' lang='grc'><strong>2,</strong></span> <span class='ocrx_word' id='word_1_269' title='bbox 573 2143 871 2198; x_wconf 73' lang='grc' dir='ltr'><strong><em>μεταστᾰσιμα]</em></strong></span> <span class='ocrx_word' id='word_1_270' title='bbox 907 2141 1211 2194; x_wconf 78' lang='grc' dir='ltr'><em>μεταστὰσιμον</em></span> <span class='ocrx_word' id='word_1_271' title='bbox 1249 2144 1339 2183; x_wconf 91' lang='lat' dir='ltr'><strong>vide</strong></span> <span class='ocrx_word' id='word_1_272' title='bbox 1366 2155 1468 2196; x_wconf 82' lang='lat' dir='ltr'><strong>quae</strong></span> <span class='ocrx_word' id='word_1_273' title='bbox 1501 2143 1551 2181; x_wconf 88' lang='lat' dir='ltr'><strong>de</strong></span> <span class='ocrx_word' id='word_1_274' title='bbox 1576 2141 1690 2194; x_wconf 83' lang='lat' dir='ltr'><strong>pala-</strong></span> 
     </span>
     <span class='ocr_line' id='line_1_36' title="bbox 280 2197 1690 2252; baseline -0.004 -13"><span class='ocrx_word' id='word_1_275' title='bbox 280 2201 335 2239; x_wconf 88' lang='lat' dir='ltr'><strong>tio</strong></span> <span class='ocrx_word' id='word_1_276' title='bbox 363 2202 546 2252; x_wconf 75' lang='lat' dir='ltr'><strong>pegam,</strong></span> <span class='ocrx_word' id='word_1_277' title='bbox 571 2202 620 2240; x_wconf 83' lang='lat' dir='ltr'><strong>de</strong></span> <span class='ocrx_word' id='word_1_278' title='bbox 646 2202 858 2249; x_wconf 86' lang='lat' dir='ltr'><strong>Hebdomo,</strong></span> <span class='ocrx_word' id='word_1_279' title='bbox 886 2201 936 2239; x_wconf 88' lang='lat' dir='ltr'><strong>dc</strong></span> <span class='ocrx_word' id='word_1_280' title='bbox 963 2200 1098 2240; x_wconf 86' lang='lat' dir='ltr'><strong>Hieria</strong></span> <span class='ocrx_word' id='word_1_281' title='bbox 1123 2204 1164 2238; x_wconf 84' lang='lat' dir='ltr'><strong>et</strong></span> <span class='ocrx_word' id='word_1_282' title='bbox 1190 2200 1239 2238; x_wconf 89' lang='lat' dir='ltr'><strong>de</strong></span> <span class='ocrx_word' id='word_1_283' title='bbox 1255 2199 1430 2247; x_wconf 87' lang='lat' dir='ltr'><strong>Bryante</strong></span> <span class='ocrx_word' id='word_1_284' title='bbox 1457 2197 1690 2237; x_wconf 84' lang='lat' dir='ltr'><strong>adnotamus</strong></span> 
     </span>
     <span class='ocr_line' id='line_1_37' title="bbox 279 2254 1055 2307; baseline -0.003 -14"><span class='ocrx_word' id='word_1_285' title='bbox 279 2267 401 2306; x_wconf 86' lang='lat' dir='ltr'><strong>supra</strong></span> <span class='ocrx_word' id='word_1_286' title='bbox 426 2255 468 2294; x_wconf 88' lang='lat' dir='ltr'><strong>in</strong></span> <span class='ocrx_word' id='word_1_287' title='bbox 496 2255 709 2295; x_wconf 88' lang='lat' dir='ltr'><strong>Comment.</strong></span> <span class='ocrx_word' id='word_1_288' title='bbox 741 2255 783 2294; x_wconf 91' lang='lat' dir='ltr'><strong>in</strong></span> <span class='ocrx_word' id='word_1_289' title='bbox 810 2255 945 2307; x_wconf 86' lang='lat' dir='ltr'><strong>Autiq.</strong></span> <span class='ocrx_word' id='word_1_290' title='bbox 980 2254 1055 2294; x_wconf 80' lang='grc' dir='ltr'><strong>ΟΡ.</strong></span> 
     </span>
    </p>

    <p class='ocr_par' dir='ltr' id='par_1_9' title="bbox 275 2320 1692 2544">
     <span class='ocr_line' id='line_1_38' title="bbox 387 2320 1692 2379; baseline -0.004 -11"><span class='ocrx_word' id='word_1_291' title='bbox 387 2334 479 2379; x_wconf 79' lang='grc'>237,</span> <span class='ocrx_word' id='word_1_292' title='bbox 509 2335 573 2370; x_wconf 87' lang='grc'><strong>19.</strong></span> <span class='ocrx_word' id='word_1_293' title='bbox 641 2327 793 2377; x_wconf 53' lang='lat' dir='ltr'><strong>aaran]</strong></span> <span class='ocrx_word' id='word_1_294' title='bbox 831 2329 873 2368; x_wconf 91' lang='lat' dir='ltr'><strong>in</strong></span> <span class='ocrx_word' id='word_1_295' title='bbox 910 2329 1024 2368; x_wconf 89' lang='lat' dir='ltr'><strong>editis</strong></span> <span class='ocrx_word' id='word_1_296' title='bbox 1053 2328 1201 2379; x_wconf 86' lang='lat' dir='ltr'><strong>legitur</strong></span> <span class='ocrx_word' id='word_1_297' title='bbox 1236 2320 1349 2378; x_wconf 72' lang='grc' dir='ltr'><strong>αὐτῷ</strong></span> <span class='ocrx_word' id='word_1_298' title='bbox 1376 2338 1448 2378; x_wconf 86' lang='lat' dir='ltr'><strong>pro</strong></span> <span class='ocrx_word' id='word_1_299' title='bbox 1477 2322 1623 2374; x_wconf 70' lang='grc' dir='ltr'><em>αὐτῶν,</em></span> <span class='ocrx_word' id='word_1_300' title='bbox 1653 2327 1692 2363; x_wconf 87' lang='lat' dir='ltr'><strong>et</strong></span> 
     </span>
     <span class='ocr_line' id='line_1_39' title="bbox 279 2380 1690 2434; baseline -0.004 -12"><span class='ocrx_word' id='word_1_301' title='bbox 279 2383 369 2423; x_wconf 88' lang='lat' dir='ltr'><strong>ideo</strong></span> <span class='ocrx_word' id='word_1_302' title='bbox 396 2385 593 2424; x_wconf 85' lang='lat' dir='ltr'><strong>Meursius</strong></span> <span class='ocrx_word' id='word_1_303' title='bbox 632 2385 691 2424; x_wconf 91' lang='lat' dir='ltr'><strong>sic</strong></span> <span class='ocrx_word' id='word_1_304' title='bbox 726 2384 1012 2434; x_wconf 89' lang='lat' dir='ltr'><strong>interpretatur</strong></span> <span class='ocrx_word' id='word_1_305' title='bbox 1054 2382 1156 2421; x_wconf 92' lang='lat' dir='ltr'><strong>hunc</strong></span> <span class='ocrx_word' id='word_1_306' title='bbox 1192 2381 1341 2419; x_wconf 83' lang='lat' dir='ltr'><strong>locum:</strong></span> <span class='ocrx_word' id='word_1_307' title='bbox 1387 2390 1481 2418; x_wconf 81' lang='lat' dir='ltr'><strong>cum</strong></span> <span class='ocrx_word' id='word_1_308' title='bbox 1524 2380 1690 2418; x_wconf 70' lang='lat' dir='ltr'><strong>interea</strong></span> 
     </span>
     <span class='ocr_line' id='line_1_40' title="bbox 279 2431 1690 2488; baseline -0.004 -12"><span class='ocrx_word' id='word_1_309' title='bbox 279 2435 449 2478; x_wconf 74' lang='lat' dir='ltr'><strong>illorum</strong></span> <span class='ocrx_word' id='word_1_310' title='bbox 483 2440 615 2478; x_wconf 77' lang='lat' dir='ltr'><strong>vicem</strong></span> <span class='ocrx_word' id='word_1_311' title='bbox 643 2449 736 2477; x_wconf 80' lang='lat' dir='ltr'><strong>cum</strong></span> <span class='ocrx_word' id='word_1_312' title='bbox 773 2438 971 2488; x_wconf 66' lang='lat' dir='ltr'><strong>remigum</strong></span> <span class='ocrx_word' id='word_1_313' title='bbox 1007 2437 1159 2487; x_wconf 78' lang='lat' dir='ltr'><strong>primis</strong></span> <span class='ocrx_word' id='word_1_314' title='bbox 1186 2431 1406 2485; x_wconf 72' lang='lat' dir='ltr'><strong>imperiale</strong></span> <span class='ocrx_word' id='word_1_315' title='bbox 1433 2432 1690 2473; x_wconf 73' lang='lat' dir='ltr'><strong>ammonium</strong></span> 
     </span>
     <span class='ocr_line' id='line_1_41' title="bbox 275 2486 1324 2544; baseline -0.005 -12"><span class='ocrx_word' id='word_1_316' title='bbox 275 2490 533 2544; x_wconf 75' lang='lat' dir='ltr'><strong>yubernaret</strong></span> <span class='ocrx_word' id='word_1_317' title='bbox 560 2504 696 2532; x_wconf 70' lang='lat' dir='ltr'><strong>senem</strong></span> <span class='ocrx_word' id='word_1_318' title='bbox 722 2490 799 2532; x_wconf 81' lang='lat' dir='ltr'><strong>ille</strong></span> <span class='ocrx_word' id='word_1_319' title='bbox 824 2490 1091 2543; x_wconf 78' lang='lat' dir='ltr'><strong>prudensque</strong></span> <span class='ocrx_word' id='word_1_320' title='bbox 1119 2486 1324 2529; x_wconf 66' lang='lat' dir='ltr'><strong>Michael.</strong></span> 
     </span>
    </p>
   </div>
   <div class='ocr_carea' id='block_1_8' title="bbox 279 2559 1690 2674">
    <p class='ocr_par' dir='ltr' id='par_1_10' title="bbox 279 2559 1690 2674">
     <span class='ocr_line' id='line_1_42' title="bbox 387 2559 1690 2617; baseline -0.008 -10"><span class='ocrx_word' id='word_1_321' title='bbox 387 2571 478 2617; x_wconf 82' lang='grc'>241,</span> <span class='ocrx_word' id='word_1_322' title='bbox 514 2572 580 2607; x_wconf 89' lang='grc'><strong>20.</strong></span> <span class='ocrx_word' id='word_1_323' title='bbox 635 2564 835 2613; x_wconf 80' lang='grc' dir='ltr'>Ἰωάννου]</span> <span class='ocrx_word' id='word_1_324' title='bbox 882 2567 1049 2605; x_wconf 85' lang='lat' dir='ltr'><strong>loannes</strong></span> <span class='ocrx_word' id='word_1_325' title='bbox 1084 2564 1148 2604; x_wconf 87' lang='lat' dir='ltr'><strong>hic</strong></span> <span class='ocrx_word' id='word_1_326' title='bbox 1192 2567 1252 2602; x_wconf 91' lang='lat' dir='ltr'><strong>est</strong></span> <span class='ocrx_word' id='word_1_327' title='bbox 1292 2563 1361 2602; x_wconf 91' lang='lat' dir='ltr'><strong>ille</strong></span> <span class='ocrx_word' id='word_1_328' title='bbox 1399 2559 1610 2601; x_wconf 84' lang='lat' dir='ltr'><strong>monachus</strong></span> <span class='ocrx_word' id='word_1_329' title='bbox 1650 2563 1690 2597; x_wconf 78' lang='lat' dir='ltr'><strong>ct</strong></span> 
     </span>
     <span class='ocr_line' id='line_1_43' title="bbox 279 2615 1690 2674; baseline -0.008 -11"><span class='ocrx_word' id='word_1_330' title='bbox 279 2622 511 2674; x_wconf 82' lang='lat' dir='ltr'><strong>presbyter,</strong></span> <span class='ocrx_word' id='word_1_331' title='bbox 539 2626 799 2673; x_wconf 81' lang='lat' dir='ltr'><strong>cognomento</strong></span> <span class='ocrx_word' id='word_1_332' title='bbox 844 2621 1043 2669; x_wconf 83' lang='lat' dir='ltr'><strong>Lazares,</strong></span> <span class='ocrx_word' id='word_1_333' title='bbox 1075 2630 1188 2670; x_wconf 87' lang='lat' dir='ltr'><strong>quem</strong></span> <span class='ocrx_word' id='word_1_334' title='bbox 1215 2616 1446 2658; x_wconf 83' lang='lat' dir='ltr'><strong>Alexander</strong></span> <span class='ocrx_word' id='word_1_335' title='bbox 1473 2615 1690 2666; x_wconf 74' lang='lat' dir='ltr'><strong>imperator</strong></span> 
     </span>
    </p>
   </div>
  </div>
 </body>
</html>
