1780 3132
235 132 297 180 14
493 136 862 180 CONSTANTINI
898 135 1388 179 PORPHYROGENITI

227 243 416 299 θεμάτων
444 246 679 300 ὀνομασίας,
713 247 753 288 ἓν
783 244 963 303 συντόμῳ
997 247 1160 303 ἐροῦμεν
1190 245 1245 297 ὡς
1269 245 1344 300 ἔχει
1376 245 1475 300 αὐτὴ
1500 244 1526 300 ἦ
1551 243 1649 299 ἀλή-

229 316 336 355 θεια.

364 400 422 443 Τὸ
450 402 579 443 τοίνυν
597 397 843 441 Ἀνατολικόν
865 399 995 452 θέμα,
1030 398 1084 449 ὥς
1102 405 1171 442 νῦν
1192 399 1442 454 ὀνομάζεται,
1475 401 1518 443 ἐκ
1537 400 1646 442 πέντε

227 467 357 509 ἐθνῶν
384 467 456 522 τὴν
486 467 580 519 ὅλην
610 467 806 508 κατοικίαν
835 464 1006 519 ἔσχηκεν.
1075 467 1199 523 ἀρχὴν
1223 467 1299 523 γὰρ
1328 468 1449 510 αὐτοῦ
1477 466 1554 509 ἀπὸ
1578 472 1649 520 τῆς

226 533 485 588 κωμοπόλειος
522 537 592 587 τῆς
629 533 916 586 ὄνομαζομείἠς
947 536 1098 588 Μηροῦ
1129 537 1353 588 πεποίηται,
1396 535 1463 576 καὶ
1499 534 1680 588 λέγεταιδ

229 602 385 656 Φρυγία
423 601 692 656 Σαλουταρία,
740 600 812 648 ἕως
852 603 923 640 τοῦ
956 599 1129 642 Ἰκονίου.
1195 601 1244 643 τὰ
1277 603 1320 642 δὲ
1347 599 1540 658 πρόσοικα
1570 604 1648 643 τῶν

221 666 410 721 Ἰσαύρων
439 666 489 708 τὰ
517 667 617 722 πρὸς
646 666 714 708 τὸν
739 670 899 722 Ταῦρον
921 670 1094 708 καλεῖται
1113 669 1337 710 Λυκαονία.
1401 667 1452 710 τὰ
1480 667 1524 709 δὲ
1549 666 1650 722 πρὸς

226 733 439 775 θάλασσαν
469 735 533 775 καὶ
565 733 633 775 τὸν
661 732 797 782 νότον,
832 735 897 774 καὶ
926 732 976 775 τὰ
1004 738 1076 775 τοῦ
1102 736 1343 788 καλουμένου
1372 735 1536 788 Ψυχροῦ
1560 733 1646 790 ὅρη,

227 803 294 842 καὶ
323 802 395 849 ἕως
425 800 547 853 αὐτῆς
567 799 809 850 Ἀτταλείας,
843 803 1013 841 καλεῖται
1038 803 1278 857 Παμφυλία.
1342 800 1391 843 τὰ
1414 803 1458 843 δὲ
1479 800 1560 843 ἄνω
1581 803 1647 842 καὶ

222 865 414 921 μεσόγαια
436 871 608 908 καλεῖται
626 868 807 908 Πισιδία.
874 866 926 908 τὰ
953 867 997 908 δὲ
1023 866 1100 909 ἀπὸ
1125 873 1198 910 τοῦ
1215 869 1415 924 Ἀκροΐνοῢ
1438 869 1504 910 καὶ
1529 867 1644 922 μέχρι
1658 872 1701 907 10

224 939 295 976 τοῦ
311 934 506 989 Ἀμωρίυυ
528 937 700 975 καλεῖται
724 933 880 988 Φρυγία
896 933 1146 987 Πακατιανή.
1213 935 1264 977 τὰ
1294 935 1338 977 δὲ
1364 934 1464 991 πρὸς
1485 933 1647 976 θάλασ-

223 1017 299 1042 σαν
317 999 478 1042 νεύοντα
494 1002 558 1041 καὶ
577 1002 792 1055 διορίζοντα
809 999 881 1053 τὴν
900 1001 1057 1055 Καρίαν
1073 1006 1247 1043 καλεῖται
1263 1002 1415 1043 Λυκία.
1481 999 1557 1043 ὅσα
1574 1001 1646 1054 μὲν

221 1062 292 1108 οὖν
310 1069 382 1110 εἶσὶ
402 1065 593 1121 μεσόγαια
616 1069 681 1108 καὶ
700 1065 893 1122 πρόσοικα
909 1071 965 1122 τῷ
984 1065 1133 1124 Ταύρῳ
1152 1071 1218 1109 καὶ
1237 1067 1420 1121 διήκοντα
1437 1068 1551 1124 μέχρι
1566 1071 1646 1110 τῶν

221 1132 338 1189 ὁρίων
370 1135 686 1185 Καππαδοκίας,
731 1137 904 1175 καλεῖται
933 1132 1188 1176 Ἀνατολικά·
1232 1135 1332 1191 με’ρη
1362 1133 1438 1191 γάρ
1469 1137 1543 1177 εἶσι
1574 1137 1647 1176 τοῦ

213 1200 463 1243 Ἀνατολικοῢ
484 1202 672 1254 θίματος.
739 1200 916 1242 ἐνταῦθα
935 1201 1066 1243 τοίνυν
1085 1202 1130 1243 τὸ
1150 1206 1223 1243 τοῦ
1240 1202 1492 1244 Ἀνατολικοῦ
1513 1201 1643 1254 θὲμα-
1657 1205 1699 1241 15
1742 1205 1744 1208 '

219 1267 289 1318 τός
320 1270 401 1310 ἔστι
432 1269 576 1325 πέρας,
611 1266 738 1323 ἀρχὴν
765 1268 838 1321 μὲν
866 1266 955 1320 ἔχον
983 1267 1061 1310 ἀπὸ
1089 1272 1160 1322 τῆς
1185 1271 1359 1325 Μηροῦ,
1391 1267 1418 1322 ἦ
1437 1269 1517 1311 ἔστι
1535 1268 1646 1317 τέλος

218 1340 291 1377 τοῦ
314 1334 496 1388 Ὀψικίου
506 1367 520 1385 ,
553 1335 781 1388 τερματίζον
803 1335 847 1376 δὲ
865 1335 980 1389 μέχρι
999 1339 1077 1376 τῶν
1097 1333 1214 1390 ὁρίων
1233 1335 1429 1391 Ἰσαυρίας
1447 1335 1546 1391 πρὸς
1564 1339 1645 1388 μῆ-

217 1415 308 1452 κος·
341 1402 441 1456 πρὸς
469 1403 512 1443 δὲ
538 1401 686 1451 πλάτος
711 1400 787 1454 ἔχει
816 1401 888 1454 μὲν
921 1402 962 1451 ἐξ
987 1401 1203 1458 ἀριστερῶν
1216 1403 1317 1458 μέρη
1338 1401 1426 1443 τινὰ
1446 1407 1515 1444 τοῦ
1535 1404 1643 1443 Βου-

216 1471 423 1524 κελλαρίου
443 1470 507 1510 καὶ
527 1470 599 1523 τὴν
616 1469 742 1523 ἀρχὴν
760 1473 832 1521 τῆς
853 1469 1163 1519 Καππαδοκίας,
1188 1469 1287 1525 πρὸς
1305 1469 1348 1511 δὲ
1366 1469 1497 1519 δεξιὰν
1514 1467 1585 1522 τήν
1602 1485 1643 1511 τε

212 1536 410 1594 Ἰσαυρίαν
429 1538 493 1577 καὶ
515 1536 586 1590 τὴν
612 1536 738 1591 ἀρχὴν
758 1540 837 1577 τῶν
856 1540 989 1592 μερῶν
1009 1540 1080 1577 τοῦ
1100 1535 1420 1592 Κιβυρραιώτου.
1651 1539 1698 1575 20

307 1664 326 1698 1
350 1661 621 1706 συντομώτερον
643 1662 677 1695 V
824 1663 846 1696 6
871 1660 993 1706 Φρύνη
1015 1662 1063 1707 A,
1088 1661 1244 1704 Φρυγίας
1265 1662 1298 1690 V
1453 1661 1641 1694 Σαλουτα-

304 1707 386 1749 ploce
402 1708 468 1741 AV
614 1709 635 1741 9
660 1703 796 1750 αὐτῆς]
819 1708 884 1750 τῆς
907 1709 936 1741 C
1087 1709 1129 1742 10
1152 1707 1314 1749 Κροϊνοῦ
1337 1706 1370 1737 V
1518 1707 1558 1739 11
1581 1703 1643 1738 nat

302 1751 461 1795 πατιανή
483 1752 544 1786 Ac
557 1779 566 1795 ‚
607 1752 835 1795 καπατιανῆς
859 1752 1040 1787 Vulcanius
1064 1758 1097 1786 et
1120 1752 1323 1785 Bandurius.
1370 1750 1431 1785 sed
1451 1750 1642 1785 Bandurius

304 1796 588 1884 ζιιὲοαὲιὶῗιᾱνοῐε.
614 1803 653 1831 ut
675 1797 800 1831 editum
823 1802 887 1831 est.
1025 1797 1067 1831 14
1089 1794 1306 1831 α’νατολικόν
1327 1795 1387 1829 Ac
1521 1795 1564 1830 16
1584 1806 1642 1838 μι-

215 1951 332 1986 dicere
353 1953 397 1986 de
419 1952 600 1987 thematum
627 1950 876 1997 appellatione,
901 1951 1054 1987 breviter
1074 1950 1126 1985 rei
1145 1949 1272 1996 ipsius,
1297 1949 1348 1985 ita
1370 1953 1409 1984 ut
1430 1959 1507 1984 sese
1526 1948 1642 1993 habet,

215 1997 395 2031 veritatem
418 2008 638 2043 exponemus.

301 2063 512 2098 Anatolicum
540 2065 656 2107 itaque
684 2063 818 2105 thema,
852 2066 890 2096 ut
912 2073 1002 2096 nunc
1024 2061 1231 2106 appellatur,
1268 2071 1289 2094 a
1312 2060 1461 2104 quinque
1483 2059 1642 2104 gentibus

214 2111 320 2142 totum
353 2109 523 2142 incolitur.
570 2109 702 2143 initium
726 2109 814 2142 enim
837 2119 858 2142 a
881 2107 1079 2151 Comopoli,
1110 2117 1196 2150 quae
1217 2105 1342 2139 dicitur
1364 2106 1502 2148 Metus,
1529 2105 1643 2148 sumit,

214 2159 251 2187 et
281 2159 425 2187 vocatur
457 2154 610 2196 Phrygia
641 2153 833 2195 Salutaris,
866 2152 1015 2186 Iconium
1048 2162 1167 2195 usque.
1223 2150 1366 2183 finitima
1398 2161 1480 2183 vero
1511 2149 1641 2183 Isauris

213 2198 365 2232 Taurum
388 2209 506 2232 versus
531 2198 747 2242 appellantur
768 2197 962 2241 Lycaonia3
998 2207 1085 2240 quae
1108 2206 1191 2228 vero
1217 2195 1258 2228 ad
1282 2205 1392 2237 mare,
1425 2195 1468 2228 ad
1492 2199 1641 2228 austrum

213 2248 248 2276 et
272 2243 316 2276 ad
338 2248 467 2277 montes
490 2243 625 2286 Frigidi
649 2242 902 2286 cognominatos
921 2248 1084 2285 vergunt,
1108 2239 1266 2273 Attaliam
1288 2250 1414 2282 usque,
1437 2238 1642 2282 Pamphylia

211 2294 434 2332 nuncupatur.
470 2288 633 2321 ulteriora
655 2294 765 2321 autem
789 2293 824 2321 et
847 2287 1094 2320 mediterranea
1111 2284 1241 2318 Pisidia
1255 2283 1430 2325 dicuntur3
1454 2294 1540 2328 quae
1557 2295 1638 2317 vero

212 2334 257 2366 ab
290 2332 437 2366 Acroino
469 2333 641 2366 Amorium
671 2343 798 2375 usque,
832 2332 984 2376 Phrygia
1005 2331 1189 2364 Pacatiana
1213 2334 1364 2364 vocatur.
1412 2333 1449 2362 at
1479 2339 1566 2372 quae
1596 2329 1639 2362 ad

211 2388 305 2411 mare
326 2382 474 2419 vergunt
495 2382 530 2410 et
552 2377 687 2411 Cariam
709 2377 961 2419 disterminant,
986 2376 1096 2419 Lycia
1115 2374 1251 2408 dicitur.
1299 2383 1520 2417 quaecunque
1535 2373 1640 2416 igitur

211 2428 290 2455 sunt
323 2422 568 2456 mediterranea
601 2428 636 2456 et
668 2421 811 2455 finitima
842 2422 958 2456 Tauro
988 2426 1022 2454 et
1052 2420 1096 2454 ad
1118 2423 1247 2453 montes
1271 2418 1510 2462 Cappadociae
1531 2427 1640 2461 usque

211 2466 427 2511 pertingunt,
454 2467 633 2501 Anatolica
659 2471 915 2510 nuncupantur,
941 2470 1055 2510 partes
1079 2464 1245 2508 siquidem
1269 2469 1346 2497 sunt
1366 2461 1536 2496 Anatolici
1559 2462 1638 2495 the-

211 2512 324 2545 matis.
370 2511 423 2545 his
446 2511 550 2555 igitur
571 2512 735 2546 limitibus
757 2512 969 2545 Anatolicum
984 2511 1097 2544 thema
1111 2508 1330 2551 terminatur,
1354 2507 1486 2541 initium
1502 2506 1638 2551 quidem

211 2556 340 2590 habens
371 2568 391 2590 a
420 2556 537 2599 Mero,
571 2568 658 2601 quae
689 2562 741 2590 est
769 2556 848 2589 finis
879 2555 1068 2600 Obsequii,
1101 2554 1299 2598 pertingens
1322 2564 1406 2586 vero
1427 2551 1462 2585 in
1486 2551 1638 2595 longitu-

209 2602 322 2635 dinem
355 2602 398 2635 ad
431 2608 561 2636 montes
595 2602 747 2635 Isauriae
778 2611 897 2644 usque.
945 2601 1034 2644 quod
1067 2605 1175 2632 autem
1202 2599 1243 2632 ad
1268 2597 1477 2631 latitudinem
1502 2596 1637 2640 attinet,

209 2646 313 2679 habet
344 2647 478 2691 quidem
507 2658 526 2679 a
555 2646 694 2680 sinistra
722 2651 836 2690 partes
868 2646 1028 2689 quasdam
1053 2642 1256 2678 Buccellarii
1282 2646 1317 2676 et
1341 2642 1471 2676 initium
1496 2641 1636 2685 Cappa—

209 2690 346 2733 dociae,
386 2690 429 2725 ad
471 2691 624 2726 dextram
662 2702 746 2726 vero
785 2690 951 2725 Isauriam
983 2696 1019 2725 et
1046 2689 1179 2723 initium
1209 2687 1357 2733 partium
1387 2685 1637 2730 Cibyrraeotici

210 2736 381 2770 thematis.
