<?xml version="1.0" encoding="UTF-8"?>
<!DOCTYPE html PUBLIC "-//W3C//DTD XHTML 1.0 Transitional//EN"
    "http://www.w3.org/TR/xhtml1/DTD/xhtml1-transitional.dtd">
<html xmlns="http://www.w3.org/1999/xhtml" xml:lang="en" lang="en">
 <head>
  <title>
</title>
<meta http-equiv="Content-Type" content="text/html;charset=utf-8" />
  <meta name='ocr-system' content='tesseract 3.04.00' />
  <meta name='ocr-capabilities' content='ocr_page ocr_carea ocr_par ocr_line ocrx_word'/>
</head>
<body>
  <div class='ocr_page' id='page_1' title='image "./corpusscriptorum09niebuoft_0331.png"; bbox 0 0 1780 3132; ppageno 0'>
   <div class='ocr_carea' id='block_1_1' title="bbox 202 135 1518 191">
    <p class='ocr_par' dir='ltr' id='par_1_1' title="bbox 202 135 1518 191">
     <span class='ocr_line' id='line_1_1' title="bbox 202 135 1518 191; baseline -0.01 0"><span class='ocrx_word' id='word_1_1' title='bbox 202 149 258 191; x_wconf 83' lang='lat' dir='ltr'><strong>1N</strong></span> <span class='ocrx_word' id='word_1_2' title='bbox 297 143 651 188; x_wconf 67' lang='lat' dir='ltr'><strong>consummi</strong></span> <span class='ocrx_word' id='word_1_3' title='bbox 676 143 996 185; x_wconf 73' lang='lat' dir='ltr'>PORPH.L113.</span> <span class='ocrx_word' id='word_1_4' title='bbox 1021 141 1092 182; x_wconf 80' lang='lat' dir='ltr'><strong>DE</strong></span> <span class='ocrx_word' id='word_1_5' title='bbox 1115 139 1245 182; x_wconf 78' lang='grc' dir='ltr'><strong>ΑΒΜ.</strong></span> <span class='ocrx_word' id='word_1_6' title='bbox 1274 142 1379 182; x_wconf 81' lang='lat' dir='ltr'><strong>lMP.</strong></span> <span class='ocrx_word' id='word_1_7' title='bbox 1428 135 1518 186; x_wconf 65' lang='lat'><strong>3221</strong></span> 
     </span>
    </p>
   </div>
   <div class='ocr_carea' id='block_1_2' title="bbox 88 249 1527 468">
    <p class='ocr_par' dir='ltr' id='par_1_2' title="bbox 88 249 1527 468">
     <span class='ocr_line' id='line_1_2' title="bbox 196 249 1527 310; baseline -0.005 -10"><span class='ocrx_word' id='word_1_8' title='bbox 196 265 264 310; x_wconf 76' lang='lat'><strong>99,</strong></span> <span class='ocrx_word' id='word_1_9' title='bbox 296 261 335 300; x_wconf 89' lang='lat'><strong>5.</strong></span> <span class='ocrx_word' id='word_1_10' title='bbox 392 251 560 309; x_wconf 78' lang='grc' dir='ltr'><strong><em>ἄγαλμα</em></strong></span> <span class='ocrx_word' id='word_1_11' title='bbox 589 257 635 296; x_wconf 80' lang='grc' dir='ltr'><strong>δὲ</strong></span> <span class='ocrx_word' id='word_1_12' title='bbox 664 249 730 309; x_wconf 77' lang='grc' dir='ltr'><strong>ἦν]</strong></span> <span class='ocrx_word' id='word_1_13' title='bbox 761 258 811 298; x_wconf 91' lang='lat' dir='ltr'><strong>de</strong></span> <span class='ocrx_word' id='word_1_14' title='bbox 837 257 913 298; x_wconf 89' lang='lat' dir='ltr'><strong>hoc</strong></span> <span class='ocrx_word' id='word_1_15' title='bbox 939 257 1097 297; x_wconf 82' lang='lat' dir='ltr'><strong>colosso</strong></span> <span class='ocrx_word' id='word_1_16' title='bbox 1125 256 1281 296; x_wconf 85' lang='lat' dir='ltr'><strong>Rhodio</strong></span> <span class='ocrx_word' id='word_1_17' title='bbox 1308 257 1359 296; x_wconf 87' lang='lat' dir='ltr'><strong>ef.</strong></span> <span class='ocrx_word' id='word_1_18' title='bbox 1390 255 1527 295; x_wconf 85' lang='lat' dir='ltr'><strong>Eudo-</strong></span> 
     </span>
     <span class='ocr_line' id='line_1_3' title="bbox 93 311 1526 366; baseline -0.006 -7"><span class='ocrx_word' id='word_1_19' title='bbox 93 317 165 360; x_wconf 82' lang='lat' dir='ltr'><strong>xia</strong></span> <span class='ocrx_word' id='word_1_20' title='bbox 192 314 565 364; x_wconf 85' lang='lat' dir='ltr'><strong>Macrembolitissa‚</strong></span> <span class='ocrx_word' id='word_1_21' title='bbox 594 325 698 354; x_wconf 83' lang='lat' dir='ltr'><strong>uxor</strong></span> <span class='ocrx_word' id='word_1_22' title='bbox 737 313 930 366; x_wconf 85' lang='lat' dir='ltr'><strong>Diogenis</strong></span> <span class='ocrx_word' id='word_1_23' title='bbox 960 312 1143 359; x_wconf 85' lang='lat' dir='ltr'><strong>Romani,</strong></span> <span class='ocrx_word' id='word_1_24' title='bbox 1171 312 1214 352; x_wconf 90' lang='lat' dir='ltr'><strong>in</strong></span> <span class='ocrx_word' id='word_1_25' title='bbox 1241 311 1377 352; x_wconf 85' lang='lat' dir='ltr'><strong>Ioniis.</strong></span> <span class='ocrx_word' id='word_1_26' title='bbox 1433 311 1526 351; x_wconf 90' lang='lat' dir='ltr'><strong>vide</strong></span> 
     </span>
     <span class='ocr_line' id='line_1_4' title="bbox 88 365 1526 424; baseline -0.004 -12"><span class='ocrx_word' id='word_1_27' title='bbox 88 373 209 412; x_wconf 79' lang='lat' dir='ltr'><strong>etiam</strong></span> <span class='ocrx_word' id='word_1_28' title='bbox 239 383 342 424; x_wconf 84' lang='lat' dir='ltr'><strong>quae</strong></span> <span class='ocrx_word' id='word_1_29' title='bbox 381 370 432 408; x_wconf 86' lang='lat' dir='ltr'><strong>de</strong></span> <span class='ocrx_word' id='word_1_30' title='bbox 463 369 621 408; x_wconf 87' lang='lat' dir='ltr'><strong>colosso</strong></span> <span class='ocrx_word' id='word_1_31' title='bbox 650 369 808 409; x_wconf 83' lang='lat' dir='ltr'><strong>Rhodio</strong></span> <span class='ocrx_word' id='word_1_32' title='bbox 842 380 966 420; x_wconf 86' lang='lat' dir='ltr'><strong>supra</strong></span> <span class='ocrx_word' id='word_1_33' title='bbox 994 367 1226 418; x_wconf 88' lang='lat' dir='ltr'><strong>monuimus,</strong></span> <span class='ocrx_word' id='word_1_34' title='bbox 1255 370 1296 406; x_wconf 87' lang='lat' dir='ltr'><strong>et</strong></span> <span class='ocrx_word' id='word_1_35' title='bbox 1324 378 1426 419; x_wconf 84' lang='lat' dir='ltr'><strong>quae</strong></span> <span class='ocrx_word' id='word_1_36' title='bbox 1453 365 1526 406; x_wconf 84' lang='lat' dir='ltr'><strong>ad-</strong></span> 
     </span>
     <span class='ocr_line' id='line_1_5' title="bbox 91 422 1326 468; baseline -0.006 1"><span class='ocrx_word' id='word_1_37' title='bbox 91 432 209 468; x_wconf 82' lang='lat' dir='ltr'><strong>notat</strong></span> <span class='ocrx_word' id='word_1_38' title='bbox 232 426 316 466; x_wconf 81' lang='lat' dir='ltr'><strong>Leo</strong></span> <span class='ocrx_word' id='word_1_39' title='bbox 344 423 520 464; x_wconf 88' lang='lat' dir='ltr'><strong>Allatius</strong></span> <span class='ocrx_word' id='word_1_40' title='bbox 551 424 603 464; x_wconf 91' lang='lat' dir='ltr'><strong>ad</strong></span> <span class='ocrx_word' id='word_1_41' title='bbox 631 424 811 464; x_wconf 89' lang='lat' dir='ltr'><strong>libellum</strong></span> <span class='ocrx_word' id='word_1_42' title='bbox 839 423 890 463; x_wconf 92' lang='lat' dir='ltr'><strong>de</strong></span> <span class='ocrx_word' id='word_1_43' title='bbox 918 427 944 463; x_wconf 72' lang='lat'>7</span> <span class='ocrx_word' id='word_1_44' title='bbox 974 423 1084 463; x_wconf 92' lang='lat' dir='ltr'><strong>orbis</strong></span> <span class='ocrx_word' id='word_1_45' title='bbox 1110 422 1326 463; x_wconf 81' lang='lat' dir='ltr'><strong>miraculis.</strong></span> 
     </span>
    </p>
   </div>
   <div class='ocr_carea' id='block_1_3' title="bbox 73 484 1578 2742">
    <p class='ocr_par' dir='ltr' id='par_1_3' title="bbox 85 484 1527 601">
     <span class='ocr_line' id='line_1_6' title="bbox 197 484 1527 540; baseline -0.005 -7"><span class='ocrx_word' id='word_1_46' title='bbox 197 489 306 533; x_wconf 75' lang='lat' dir='ltr'><strong>thid.</strong></span> <span class='ocrx_word' id='word_1_47' title='bbox 336 494 376 530; x_wconf 85' lang='grc'><strong>6.</strong></span> <span class='ocrx_word' id='word_1_48' title='bbox 434 484 578 539; x_wconf 72' lang='grc' dir='ltr'><em>πήχεις</em></span> <span class='ocrx_word' id='word_1_49' title='bbox 607 484 675 537; x_wconf 84' lang='grc' dir='ltr'><strong>π’]</strong></span> <span class='ocrx_word' id='word_1_50' title='bbox 704 489 834 529; x_wconf 78' lang='lat' dir='ltr'><strong>sie=et</strong></span> <span class='ocrx_word' id='word_1_51' title='bbox 862 487 1088 539; x_wconf 84' lang='lat' dir='ltr'><strong>Cedrenus‚</strong></span> <span class='ocrx_word' id='word_1_52' title='bbox 1123 488 1195 528; x_wconf 92' lang='lat' dir='ltr'><strong>sed</strong></span> <span class='ocrx_word' id='word_1_53' title='bbox 1224 486 1527 540; x_wconf 84' lang='lat' dir='ltr'><strong>inscriptionem</strong></span> 
     </span>
     <span class='ocr_line' id='line_1_7' title="bbox 85 544 618 601; baseline -0.009 -12"><span class='ocrx_word' id='word_1_54' title='bbox 85 547 210 601; x_wconf 85' lang='lat' dir='ltr'><strong>paulo</strong></span> <span class='ocrx_word' id='word_1_55' title='bbox 240 545 444 586; x_wconf 82' lang='lat' dir='ltr'><strong>diversam</strong></span> <span class='ocrx_word' id='word_1_56' title='bbox 472 544 618 584; x_wconf 81' lang='lat' dir='ltr'><strong>adfert.</strong></span> 
     </span>
    </p>

    <p class='ocr_par' dir='ltr' id='par_1_4' title="bbox 87 595 1529 820">
     <span class='ocr_line' id='line_1_8' title="bbox 194 595 1529 650; baseline -0.006 -7"><span class='ocrx_word' id='word_1_57' title='bbox 194 599 304 643; x_wconf 75' lang='lat' dir='ltr'><strong>Ibid.</strong></span> <span class='ocrx_word' id='word_1_58' title='bbox 339 603 404 640; x_wconf 84' lang='lat'><strong>13.</strong></span> <span class='ocrx_word' id='word_1_59' title='bbox 475 595 497 634; x_wconf 77' lang='grc' dir='ltr'>ὁ</span> <span class='ocrx_word' id='word_1_60' title='bbox 530 595 774 650; x_wconf 82' lang='grc' dir='ltr'><strong><em>Ὲμησηνός]</em></strong></span> <span class='ocrx_word' id='word_1_61' title='bbox 818 599 876 639; x_wconf 91' lang='lat' dir='ltr'><strong>sic</strong></span> <span class='ocrx_word' id='word_1_62' title='bbox 916 598 1089 640; x_wconf 83' lang='lat' dir='ltr'><strong>habetur</strong></span> <span class='ocrx_word' id='word_1_63' title='bbox 1130 598 1249 639; x_wconf 88' lang='lat' dir='ltr'><strong>etiam</strong></span> <span class='ocrx_word' id='word_1_64' title='bbox 1275 597 1317 637; x_wconf 91' lang='lat' dir='ltr'><strong>in</strong></span> <span class='ocrx_word' id='word_1_65' title='bbox 1353 609 1425 637; x_wconf 87' lang='lat' dir='ltr'><strong>ms.</strong></span> <span class='ocrx_word' id='word_1_66' title='bbox 1484 600 1529 636; x_wconf 82' lang='lat' dir='ltr'><strong>at</strong></span> 
     </span>
     <span class='ocr_line' id='line_1_9' title="bbox 87 652 1527 710; baseline -0.004 -13"><span class='ocrx_word' id='word_1_67' title='bbox 87 657 221 710; x_wconf 83' lang='lat' dir='ltr'><strong>eapite</strong></span> <span class='ocrx_word' id='word_1_68' title='bbox 247 653 506 708; x_wconf 80' lang='lat' dir='ltr'><strong>praecedenti</strong></span> <span class='ocrx_word' id='word_1_69' title='bbox 535 653 640 694; x_wconf 87' lang='lat' dir='ltr'><strong>hunc</strong></span> <span class='ocrx_word' id='word_1_70' title='bbox 670 654 799 706; x_wconf 88' lang='lat' dir='ltr'><strong>ipsum</strong></span> <span class='ocrx_word' id='word_1_71' title='bbox 826 654 1012 694; x_wconf 81' lang='lat' dir='ltr'><strong>Iudaeum</strong></span> <span class='ocrx_word' id='word_1_72' title='bbox 1031 654 1277 693; x_wconf 84' lang='lat' dir='ltr'><strong>Edessenum</strong></span> <span class='ocrx_word' id='word_1_73' title='bbox 1305 652 1429 693; x_wconf 79' lang='lat' dir='ltr'><strong>fuisse</strong></span> <span class='ocrx_word' id='word_1_74' title='bbox 1455 652 1527 691; x_wconf 86' lang='lat' dir='ltr'><strong>ait.</strong></span> 
     </span>
     <span class='ocr_line' id='line_1_10' title="bbox 87 704 1527 764; baseline -0.003 -14"><span class='ocrx_word' id='word_1_75' title='bbox 87 716 128 751; x_wconf 91' lang='lat' dir='ltr'><strong>et</strong></span> <span class='ocrx_word' id='word_1_76' title='bbox 155 712 213 752; x_wconf 88' lang='lat' dir='ltr'><strong>sic</strong></span> <span class='ocrx_word' id='word_1_77' title='bbox 242 710 399 764; x_wconf 84' lang='lat' dir='ltr'><strong>quidem</strong></span> <span class='ocrx_word' id='word_1_78' title='bbox 430 709 667 762; x_wconf 84' lang='lat' dir='ltr'><strong>legendum:</strong></span> <span class='ocrx_word' id='word_1_79' title='bbox 694 723 788 751; x_wconf 83' lang='lat' dir='ltr'><strong>nam</strong></span> <span class='ocrx_word' id='word_1_80' title='bbox 815 710 881 750; x_wconf 88' lang='lat' dir='ltr'><strong>hic</strong></span> <span class='ocrx_word' id='word_1_81' title='bbox 908 704 1120 760; x_wconf 77' lang='grc' dir='ltr'><em>Ἐδεσηνὸς</em></span> <span class='ocrx_word' id='word_1_82' title='bbox 1148 709 1294 749; x_wconf 89' lang='lat' dir='ltr'><strong>dicitur</strong></span> <span class='ocrx_word' id='word_1_83' title='bbox 1323 711 1363 747; x_wconf 88' lang='lat' dir='ltr'><strong>et</strong></span> <span class='ocrx_word' id='word_1_84' title='bbox 1388 707 1527 747; x_wconf 90' lang='lat' dir='ltr'><strong>Theo-</strong></span> 
     </span>
     <span class='ocr_line' id='line_1_11' title="bbox 88 766 224 820; baseline -0.022 -14"><span class='ocrx_word' id='word_1_85' title='bbox 88 766 224 820; x_wconf 70' lang='lat' dir='ltr'><strong>phanL</strong></span> 
     </span>
    </p>

    <p class='ocr_par' dir='ltr' id='par_1_5' title="bbox 82 813 1528 1027">
     <span class='ocr_line' id='line_1_12' title="bbox 191 813 1528 870; baseline -0.006 -9"><span class='ocrx_word' id='word_1_86' title='bbox 191 818 300 862; x_wconf 75' lang='grc' dir='ltr'><strong>Ῑόἱᾶ.</strong></span> <span class='ocrx_word' id='word_1_87' title='bbox 357 814 650 868; x_wconf 77' lang='grc' dir='ltr'><strong><em>ἐπιφορτιόσας</em></strong></span> <span class='ocrx_word' id='word_1_88' title='bbox 690 814 817 856; x_wconf 68' lang='grc' dir='ltr'><em>αὐτὸν</em></span> <span class='ocrx_word' id='word_1_89' title='bbox 858 814 939 856; x_wconf 77' lang='grc' dir='ltr'><em>α’πὸ</em></span> <span class='ocrx_word' id='word_1_90' title='bbox 972 813 1188 870; x_wconf 74' lang='grc' dir='ltr'><em>θαλάσσης</em></span> <span class='ocrx_word' id='word_1_91' title='bbox 1223 815 1434 868; x_wconf 79' lang='grc' dir='ltr'><strong><em>καμήλους</em></strong></span> <span class='ocrx_word' id='word_1_92' title='bbox 1463 814 1528 854; x_wconf 81' lang='grc' dir='ltr'><strong>ἐν·</strong></span> 
     </span>
     <span class='ocr_line' id='line_1_13' title="bbox 82 869 1528 926; baseline -0.002 -12"><span class='ocrx_word' id='word_1_93' title='bbox 82 874 275 919; x_wconf 76' lang='grc' dir='ltr'><strong><em>νακοσίας</em></strong></span> <span class='ocrx_word' id='word_1_94' title='bbox 313 873 384 911; x_wconf 82' lang='grc' dir='ltr'><em>καί</em></span> <span class='ocrx_word' id='word_1_95' title='bbox 411 869 675 924; x_wconf 75' lang='grc' dir='ltr'><strong><em>ὀγδοήκοντα]</em></strong></span> <span class='ocrx_word' id='word_1_96' title='bbox 714 875 772 914; x_wconf 88' lang='lat' dir='ltr'><strong>sic</strong></span> <span class='ocrx_word' id='word_1_97' title='bbox 809 874 1000 926; x_wconf 89' lang='lat' dir='ltr'><strong>scriptum</strong></span> <span class='ocrx_word' id='word_1_98' title='bbox 1039 877 1129 912; x_wconf 88' lang='lat' dir='ltr'><strong>erat</strong></span> <span class='ocrx_word' id='word_1_99' title='bbox 1170 873 1300 925; x_wconf 84' lang='lat' dir='ltr'><strong>prima</strong></span> <span class='ocrx_word' id='word_1_100' title='bbox 1338 884 1459 913; x_wconf 87' lang='lat' dir='ltr'><strong>manu</strong></span> <span class='ocrx_word' id='word_1_101' title='bbox 1486 871 1528 911; x_wconf 90' lang='lat' dir='ltr'><strong>in</strong></span> 
     </span>
     <span class='ocr_line' id='line_1_14' title="bbox 83 927 1527 982; baseline -0.003 -12"><span class='ocrx_word' id='word_1_102' title='bbox 83 929 220 970; x_wconf 70' lang='lat' dir='ltr'><strong>codice</strong></span> <span class='ocrx_word' id='word_1_103' title='bbox 248 928 380 982; x_wconf 86' lang='lat' dir='ltr'><strong>Regio</strong></span> <span class='ocrx_word' id='word_1_104' title='bbox 412 928 636 980; x_wconf 77' lang='lat' dir='ltr'><strong>vetustiori,</strong></span> <span class='ocrx_word' id='word_1_105' title='bbox 657 929 715 970; x_wconf 88' lang='lat' dir='ltr'><strong>uti</strong></span> <span class='ocrx_word' id='word_1_106' title='bbox 743 930 796 970; x_wconf 89' lang='lat' dir='ltr'><strong>ad</strong></span> <span class='ocrx_word' id='word_1_107' title='bbox 824 933 945 981; x_wconf 89' lang='lat' dir='ltr'><strong>caput</strong></span> <span class='ocrx_word' id='word_1_108' title='bbox 971 928 1212 972; x_wconf 81' lang='lat' dir='ltr'><strong>antecedens</strong></span> <span class='ocrx_word' id='word_1_109' title='bbox 1229 927 1414 981; x_wconf 90' lang='lat' dir='ltr'><strong>pluribus</strong></span> <span class='ocrx_word' id='word_1_110' title='bbox 1441 939 1527 967; x_wconf 88' lang='lat' dir='ltr'><strong>mo-</strong></span> 
     </span>
     <span class='ocr_line' id='line_1_15' title="bbox 83 997 252 1027; baseline -0.018 0"><span class='ocrx_word' id='word_1_111' title='bbox 83 997 252 1027; x_wconf 82' lang='lat' dir='ltr'><strong>nulmus.</strong></span> 
     </span>
    </p>

    <p class='ocr_par' dir='ltr' id='par_1_6' title="bbox 83 1029 1526 1145">
     <span class='ocr_line' id='line_1_16' title="bbox 192 1029 1526 1090; baseline -0.004 -9"><span class='ocrx_word' id='word_1_112' title='bbox 192 1037 302 1081; x_wconf 79' lang='lat' dir='ltr'><strong>Ibid-</strong></span> <span class='ocrx_word' id='word_1_113' title='bbox 333 1040 398 1079; x_wconf 78' lang='lat'><strong>14.</strong></span> <span class='ocrx_word' id='word_1_114' title='bbox 456 1035 773 1088; x_wconf 75' lang='grc' dir='ltr'><strong><em>τελευτήσαντος</em></strong></span> <span class='ocrx_word' id='word_1_115' title='bbox 803 1029 877 1076; x_wconf 76' lang='grc' dir='ltr'><strong>οὖν</strong></span> <span class='ocrx_word' id='word_1_116' title='bbox 906 1035 983 1076; x_wconf 81' lang='grc' dir='ltr'><strong>τοῦ</strong></span> <span class='ocrx_word' id='word_1_117' title='bbox 1013 1032 1209 1088; x_wconf 76' lang='grc' dir='ltr'>Ου’θμάν]</span> <span class='ocrx_word' id='word_1_118' title='bbox 1237 1050 1278 1080; x_wconf 86' lang='lat' dir='ltr'><strong>v.</strong></span> <span class='ocrx_word' id='word_1_119' title='bbox 1306 1036 1526 1090; x_wconf 84' lang='lat' dir='ltr'><strong>Theopha-</strong></span> 
     </span>
     <span class='ocr_line' id='line_1_17' title="bbox 83 1093 978 1145; baseline -0.001 -11"><span class='ocrx_word' id='word_1_120' title='bbox 83 1106 175 1134; x_wconf 89' lang='lat' dir='ltr'><strong>nem</strong></span> <span class='ocrx_word' id='word_1_121' title='bbox 205 1094 258 1135; x_wconf 89' lang='lat' dir='ltr'><strong>ad</strong></span> <span class='ocrx_word' id='word_1_122' title='bbox 286 1106 432 1135; x_wconf 89' lang='lat' dir='ltr'><strong>annum</strong></span> <span class='ocrx_word' id='word_1_123' title='bbox 463 1095 517 1132; x_wconf 84' lang='grc'><strong>14</strong></span> <span class='ocrx_word' id='word_1_124' title='bbox 548 1093 705 1145; x_wconf 89' lang='lat' dir='ltr'><strong>imperii</strong></span> <span class='ocrx_word' id='word_1_125' title='bbox 733 1093 978 1134; x_wconf 86' lang='lat' dir='ltr'><strong>Constantis.</strong></span> 
     </span>
    </p>

    <p class='ocr_par' dir='ltr' id='par_1_7' title="bbox 82 1146 1530 1355">
     <span class='ocr_line' id='line_1_18' title="bbox 192 1146 1527 1199; baseline -0.004 -9"><span class='ocrx_word' id='word_1_126' title='bbox 192 1146 302 1190; x_wconf 75' lang='lat' dir='ltr'><strong>thid.</strong></span> <span class='ocrx_word' id='word_1_127' title='bbox 333 1153 399 1189; x_wconf 80' lang='lat'><strong>21.</strong></span> <span class='ocrx_word' id='word_1_128' title='bbox 468 1146 765 1199; x_wconf 72' lang='grc' dir='ltr'><strong>ὃιηγὲρθησαν]</strong></span> <span class='ocrx_word' id='word_1_129' title='bbox 812 1148 862 1188; x_wconf 91' lang='lat' dir='ltr'><strong>de</strong></span> <span class='ocrx_word' id='word_1_130' title='bbox 904 1149 982 1188; x_wconf 87' lang='lat' dir='ltr'><strong>hoc</strong></span> <span class='ocrx_word' id='word_1_131' title='bbox 1022 1146 1188 1188; x_wconf 90' lang='lat' dir='ltr'><strong>dissidio</strong></span> <span class='ocrx_word' id='word_1_132' title='bbox 1226 1148 1332 1188; x_wconf 87' lang='lat' dir='ltr'><strong>inter</strong></span> <span class='ocrx_word' id='word_1_133' title='bbox 1356 1146 1527 1197; x_wconf 79' lang='lat' dir='ltr'><strong>Arabes,</strong></span> 
     </span>
     <span class='ocr_line' id='line_1_19' title="bbox 82 1202 1530 1256; baseline -0.002 -12"><span class='ocrx_word' id='word_1_134' title='bbox 82 1203 270 1245; x_wconf 87' lang='lat' dir='ltr'><strong>nimirum</strong></span> <span class='ocrx_word' id='word_1_135' title='bbox 299 1204 403 1244; x_wconf 88' lang='lat' dir='ltr'><strong>inter</strong></span> <span class='ocrx_word' id='word_1_136' title='bbox 431 1202 539 1243; x_wconf 87' lang='lat' dir='ltr'><strong>Alim</strong></span> <span class='ocrx_word' id='word_1_137' title='bbox 572 1207 612 1242; x_wconf 91' lang='lat' dir='ltr'><strong>et</strong></span> <span class='ocrx_word' id='word_1_138' title='bbox 638 1204 827 1253; x_wconf 83' lang='lat' dir='ltr'><strong>Maviam,</strong></span> <span class='ocrx_word' id='word_1_139' title='bbox 854 1203 1032 1256; x_wconf 89' lang='lat' dir='ltr'><strong>loquitur</strong></span> <span class='ocrx_word' id='word_1_140' title='bbox 1062 1203 1181 1242; x_wconf 87' lang='lat' dir='ltr'><strong>etiam</strong></span> <span class='ocrx_word' id='word_1_141' title='bbox 1205 1215 1328 1255; x_wconf 87' lang='lat' dir='ltr'><strong>supra</strong></span> <span class='ocrx_word' id='word_1_142' title='bbox 1354 1202 1530 1254; x_wconf 87' lang='lat' dir='ltr'><strong>scriptor</strong></span> 
     </span>
     <span class='ocr_line' id='line_1_20' title="bbox 82 1257 1528 1311; baseline -0.001 -12"><span class='ocrx_word' id='word_1_143' title='bbox 82 1262 222 1299; x_wconf 87' lang='lat' dir='ltr'><strong>noster</strong></span> <span class='ocrx_word' id='word_1_144' title='bbox 252 1259 361 1300; x_wconf 87' lang='lat' dir='ltr'><strong>circa</strong></span> <span class='ocrx_word' id='word_1_145' title='bbox 402 1258 559 1299; x_wconf 89' lang='lat' dir='ltr'><strong>initium</strong></span> <span class='ocrx_word' id='word_1_146' title='bbox 601 1258 765 1299; x_wconf 89' lang='lat' dir='ltr'><strong>huiusce</strong></span> <span class='ocrx_word' id='word_1_147' title='bbox 793 1259 959 1311; x_wconf 90' lang='lat' dir='ltr'><strong>capitis,</strong></span> <span class='ocrx_word' id='word_1_148' title='bbox 985 1257 1053 1298; x_wconf 93' lang='lat' dir='ltr'><strong>ubi</strong></span> <span class='ocrx_word' id='word_1_149' title='bbox 1088 1258 1180 1297; x_wconf 91' lang='lat' dir='ltr'><strong>vide</strong></span> <span class='ocrx_word' id='word_1_150' title='bbox 1226 1270 1329 1310; x_wconf 86' lang='lat' dir='ltr'><strong>quae</strong></span> <span class='ocrx_word' id='word_1_151' title='bbox 1358 1258 1528 1298; x_wconf 82' lang='lat' dir='ltr'><strong>adnota-</strong></span> 
     </span>
     <span class='ocr_line' id='line_1_21' title="bbox 82 1326 226 1355; baseline 0 0"><span class='ocrx_word' id='word_1_152' title='bbox 82 1326 226 1355; x_wconf 75' lang='lat' dir='ltr'><strong>vimus·</strong></span> 
     </span>
    </p>

    <p class='ocr_par' dir='ltr' id='par_1_8' title="bbox 80 1363 1527 1586">
     <span class='ocr_line' id='line_1_22' title="bbox 193 1363 1527 1421; baseline -0.002 -12"><span class='ocrx_word' id='word_1_153' title='bbox 193 1372 288 1420; x_wconf 88' lang='lat'>100,</span> <span class='ocrx_word' id='word_1_154' title='bbox 315 1373 380 1410; x_wconf 82' lang='lat'><strong>19.</strong></span> <span class='ocrx_word' id='word_1_155' title='bbox 438 1363 587 1417; x_wconf 75' lang='grc' dir='ltr'><strong><em>Καδὴς</em></strong></span> <span class='ocrx_word' id='word_1_156' title='bbox 617 1371 656 1408; x_wconf 85' lang='lat' dir='ltr'><strong>et</strong></span> <span class='ocrx_word' id='word_1_157' title='bbox 681 1366 799 1414; x_wconf 82' lang='grc' dir='ltr'><strong><em>καδίς</em></strong></span> <span class='ocrx_word' id='word_1_158' title='bbox 838 1368 944 1421; x_wconf 88' lang='lat' dir='ltr'><strong>apud</strong></span> <span class='ocrx_word' id='word_1_159' title='bbox 974 1368 1132 1408; x_wconf 83' lang='lat' dir='ltr'><strong>&#39;rurcas</strong></span> <span class='ocrx_word' id='word_1_160' title='bbox 1158 1366 1343 1408; x_wconf 79' lang='lat' dir='ltr'><strong>iudicem</strong></span> <span class='ocrx_word' id='word_1_161' title='bbox 1373 1366 1527 1420; x_wconf 81' lang='lat' dir='ltr'><strong>signiti-</strong></span> 
     </span>
     <span class='ocr_line' id='line_1_23' title="bbox 81 1422 1522 1477; baseline -0.001 -14"><span class='ocrx_word' id='word_1_162' title='bbox 81 1426 160 1474; x_wconf 85' lang='lat' dir='ltr'><strong>cat,</strong></span> <span class='ocrx_word' id='word_1_163' title='bbox 191 1424 338 1477; x_wconf 84' lang='lat' dir='ltr'><strong>qui&#39;de</strong></span> <span class='ocrx_word' id='word_1_164' title='bbox 370 1423 500 1463; x_wconf 86' lang='lat' dir='ltr'><strong>causis</strong></span> <span class='ocrx_word' id='word_1_165' title='bbox 529 1423 775 1476; x_wconf 81' lang='lat' dir='ltr'><strong>litigantium</strong></span> <span class='ocrx_word' id='word_1_166' title='bbox 810 1424 946 1476; x_wconf 86' lang='lat' dir='ltr'><strong>aliquo</strong></span> <span class='ocrx_word' id='word_1_167' title='bbox 974 1424 1016 1463; x_wconf 89' lang='lat' dir='ltr'><strong>in</strong></span> <span class='ocrx_word' id='word_1_168' title='bbox 1054 1422 1201 1475; x_wconf 89' lang='lat' dir='ltr'><strong>oppido</strong></span> <span class='ocrx_word' id='word_1_169' title='bbox 1228 1424 1295 1462; x_wconf 88' lang='lat' dir='ltr'><strong>vel</strong></span> <span class='ocrx_word' id='word_1_170' title='bbox 1326 1423 1425 1463; x_wconf 88' lang='lat' dir='ltr'><strong>urbe</strong></span> <span class='ocrx_word' id='word_1_171' title='bbox 1455 1422 1522 1462; x_wconf 82' lang='lat' dir='ltr'><strong>vel</strong></span> 
     </span>
     <span class='ocr_line' id='line_1_24' title="bbox 80 1477 1521 1532; baseline -0.001 -13"><span class='ocrx_word' id='word_1_172' title='bbox 80 1479 291 1532; x_wconf 84' lang='lat' dir='ltr'><strong>provincia</strong></span> <span class='ocrx_word' id='word_1_173' title='bbox 321 1478 540 1531; x_wconf 84' lang='lat' dir='ltr'><strong>cognoscit,</strong></span> <span class='ocrx_word' id='word_1_174' title='bbox 567 1483 611 1517; x_wconf 89' lang='lat' dir='ltr'><strong>ut</strong></span> <span class='ocrx_word' id='word_1_175' title='bbox 639 1483 700 1518; x_wconf 85' lang='lat' dir='ltr'><strong>est</strong></span> <span class='ocrx_word' id='word_1_176' title='bbox 727 1478 833 1530; x_wconf 85' lang='lat' dir='ltr'><strong>apud</strong></span> <span class='ocrx_word' id='word_1_177' title='bbox 864 1477 1149 1519; x_wconf 74' lang='lat' dir='ltr'><strong>heunclaviuni</strong></span> <span class='ocrx_word' id='word_1_178' title='bbox 1174 1477 1215 1517; x_wconf 92' lang='lat' dir='ltr'><strong>in</strong></span> <span class='ocrx_word' id='word_1_179' title='bbox 1243 1478 1368 1518; x_wconf 80' lang='lat' dir='ltr'><strong>Pand.</strong></span> <span class='ocrx_word' id='word_1_180' title='bbox 1400 1479 1521 1518; x_wconf 84' lang='lat' dir='ltr'><strong>Ture.</strong></span> 
     </span>
     <span class='ocr_line' id='line_1_25' title="bbox 80 1533 779 1586; baseline 0 -12"><span class='ocrx_word' id='word_1_181' title='bbox 80 1546 120 1574; x_wconf 89' lang='lat' dir='ltr'><strong>n.</strong></span> <span class='ocrx_word' id='word_1_182' title='bbox 149 1537 216 1575; x_wconf 78' lang='lat'><strong>29.</strong></span> <span class='ocrx_word' id='word_1_183' title='bbox 246 1534 340 1575; x_wconf 90' lang='lat' dir='ltr'><strong>vide</strong></span> <span class='ocrx_word' id='word_1_184' title='bbox 368 1534 435 1574; x_wconf 85' lang='lat' dir='ltr'><strong>Gl.</strong></span> <span class='ocrx_word' id='word_1_185' title='bbox 467 1533 540 1574; x_wconf 84' lang='lat' dir='ltr'><strong>Gr.</strong></span> <span class='ocrx_word' id='word_1_186' title='bbox 570 1534 779 1586; x_wconf 86' lang='lat' dir='ltr'><strong>Ducangii.</strong></span> 
     </span>
    </p>

    <p class='ocr_par' dir='ltr' id='par_1_9' title="bbox 75 1585 1578 2576">
     <span class='ocr_line' id='line_1_26' title="bbox 190 1585 1522 1642; baseline -0.002 -12"><span class='ocrx_word' id='word_1_187' title='bbox 190 1593 284 1642; x_wconf 83' lang='lat'>101,</span> <span class='ocrx_word' id='word_1_188' title='bbox 312 1591 377 1629; x_wconf 76' lang='lat'><strong>24.</strong></span> <span class='ocrx_word' id='word_1_189' title='bbox 436 1587 677 1638; x_wconf 60' lang='lat' dir='ltr'><strong>Maye&#39;odzov</strong></span> <span class='ocrx_word' id='word_1_190' title='bbox 710 1594 749 1628; x_wconf 90' lang='lat' dir='ltr'><strong>et</strong></span> <span class='ocrx_word' id='word_1_191' title='bbox 777 1587 1011 1639; x_wconf 79' lang='grc' dir='ltr'><em>μασγίδιον,</em></span> <span class='ocrx_word' id='word_1_192' title='bbox 1042 1585 1267 1641; x_wconf 72' lang='lat' dir='ltr'><strong>Mose-hoa,</strong></span> <span class='ocrx_word' id='word_1_193' title='bbox 1293 1585 1522 1638; x_wconf 64' lang='lat' dir='ltr'><strong>Meu-hita,</strong></span> 
     </span>
     <span class='ocr_line' id='line_1_27' title="bbox 79 1643 1524 1696; baseline -0.001 -13"><span class='ocrx_word' id='word_1_194' title='bbox 79 1645 270 1696; x_wconf 85' lang='lat' dir='ltr'><strong>templum</strong></span> <span class='ocrx_word' id='word_1_195' title='bbox 307 1644 604 1685; x_wconf 87' lang='lat' dir='ltr'><strong>Saracenicum.</strong></span> <span class='ocrx_word' id='word_1_196' title='bbox 679 1644 772 1684; x_wconf 91' lang='lat' dir='ltr'><strong>vide</strong></span> <span class='ocrx_word' id='word_1_197' title='bbox 810 1644 1009 1696; x_wconf 85' lang='lat' dir='ltr'><strong>Ducangii</strong></span> <span class='ocrx_word' id='word_1_198' title='bbox 1049 1643 1114 1684; x_wconf 85' lang='lat' dir='ltr'><strong>Gl.</strong></span> <span class='ocrx_word' id='word_1_199' title='bbox 1156 1644 1230 1684; x_wconf 86' lang='lat' dir='ltr'><strong>Gr.</strong></span> <span class='ocrx_word' id='word_1_200' title='bbox 1295 1647 1338 1683; x_wconf 81' lang='lat' dir='ltr'><strong>at</strong></span> <span class='ocrx_word' id='word_1_201' title='bbox 1363 1643 1524 1683; x_wconf 84' lang='lat' dir='ltr'><strong>fallitur</strong></span> 
     </span>
     <span class='ocr_line' id='line_1_28' title="bbox 79 1695 1522 1751; baseline -0.001 -13"><span class='ocrx_word' id='word_1_202' title='bbox 79 1698 186 1738; x_wconf 85' lang='lat' dir='ltr'><strong>idem</strong></span> <span class='ocrx_word' id='word_1_203' title='bbox 213 1700 448 1751; x_wconf 79' lang='lat' dir='ltr'><strong>Ducangius</strong></span> <span class='ocrx_word' id='word_1_204' title='bbox 467 1730 478 1748; x_wconf 87' lang='lat'>‚</span> <span class='ocrx_word' id='word_1_205' title='bbox 506 1699 596 1737; x_wconf 89' lang='lat' dir='ltr'><strong>dum</strong></span> <span class='ocrx_word' id='word_1_206' title='bbox 626 1697 691 1738; x_wconf 84' lang='lat' dir='ltr'><strong>CP</strong></span> <span class='ocrx_word' id='word_1_207' title='bbox 730 1698 877 1739; x_wconf 84' lang='lat' dir='ltr'><strong>Christ.</strong></span> <span class='ocrx_word' id='word_1_208' title='bbox 907 1703 934 1738; x_wconf 83' lang='lat'>2</span> <span class='ocrx_word' id='word_1_209' title='bbox 972 1712 1011 1751; x_wconf 88' lang='lat' dir='ltr'><strong>p.</strong></span> <span class='ocrx_word' id='word_1_210' title='bbox 1042 1701 1123 1738; x_wconf 83' lang='grc'><strong>164</strong></span> <span class='ocrx_word' id='word_1_211' title='bbox 1149 1700 1206 1738; x_wconf 89' lang='lat' dir='ltr'><strong>sic</strong></span> <span class='ocrx_word' id='word_1_212' title='bbox 1235 1699 1376 1738; x_wconf 85' lang='lat' dir='ltr'><strong>habet:</strong></span> <span class='ocrx_word' id='word_1_213' title='bbox 1407 1695 1522 1738; x_wconf 83' lang='lat' dir='ltr'><strong>Con-</strong></span> 
     </span>
     <span class='ocr_line' id='line_1_29' title="bbox 79 1751 1522 1807; baseline -0.001 -13"><span class='ocrx_word' id='word_1_214' title='bbox 79 1755 298 1794; x_wconf 74' lang='lat' dir='ltr'><strong>stantinus</strong></span> <span class='ocrx_word' id='word_1_215' title='bbox 327 1752 717 1807; x_wconf 75' lang='lat' dir='ltr'><strong>Porphyroyem&#39;tus</strong></span> <span class='ocrx_word' id='word_1_216' title='bbox 745 1753 798 1794; x_wconf 85' lang='lat' dir='ltr'><strong>de</strong></span> <span class='ocrx_word' id='word_1_217' title='bbox 825 1751 947 1794; x_wconf 83' lang='lat' dir='ltr'><strong>Adm.</strong></span> <span class='ocrx_word' id='word_1_218' title='bbox 984 1756 1082 1806; x_wconf 78' lang='lat' dir='ltr'><strong>imp.</strong></span> <span class='ocrx_word' id='word_1_219' title='bbox 1114 1765 1152 1793; x_wconf 88' lang='lat' dir='ltr'><strong>c.</strong></span> <span class='ocrx_word' id='word_1_220' title='bbox 1187 1758 1238 1793; x_wconf 80' lang='lat'><strong>21</strong></span> <span class='ocrx_word' id='word_1_221' title='bbox 1270 1756 1426 1792; x_wconf 80' lang='lat' dir='ltr'><strong>auctor</strong></span> <span class='ocrx_word' id='word_1_222' title='bbox 1453 1756 1522 1792; x_wconf 85' lang='lat' dir='ltr'><strong>est</strong></span> 
     </span>
     <span class='ocr_line' id='line_1_30' title="bbox 80 1805 1520 1861; baseline -0.001 -13"><span class='ocrx_word' id='word_1_223' title='bbox 80 1806 404 1849; x_wconf 79' lang='lat' dir='ltr'><strong>Saracenorum</strong></span> <span class='ocrx_word' id='word_1_224' title='bbox 425 1808 627 1861; x_wconf 77' lang='lat' dir='ltr'><strong>templum</strong></span> <span class='ocrx_word' id='word_1_225' title='bbox 640 1840 650 1858; x_wconf 83' lang='lat'>‚</span> <span class='ocrx_word' id='word_1_226' title='bbox 677 1820 758 1848; x_wconf 85' lang='lat' dir='ltr'><strong>seu</strong></span> <span class='ocrx_word' id='word_1_227' title='bbox 780 1808 992 1849; x_wconf 80' lang='lat' dir='ltr'><strong>sacellum</strong></span> <span class='ocrx_word' id='word_1_228' title='bbox 1009 1810 1114 1848; x_wconf 76' lang='lat' dir='ltr'><strong>ritui</strong></span> <span class='ocrx_word' id='word_1_229' title='bbox 1143 1820 1198 1848; x_wconf 83' lang='lat' dir='ltr'><strong>ae</strong></span> <span class='ocrx_word' id='word_1_230' title='bbox 1217 1807 1416 1860; x_wconf 72' lang='lat' dir='ltr'><strong>reliyioni</strong></span> <span class='ocrx_word' id='word_1_231' title='bbox 1435 1805 1520 1847; x_wconf 84' lang='lat' dir='ltr'><strong>Sa-</strong></span> 
     </span>
     <span class='ocr_line' id='line_1_31' title="bbox 80 1860 1520 1914; baseline -0.001 -10"><span class='ocrx_word' id='word_1_232' title='bbox 80 1866 314 1904; x_wconf 77' lang='lat' dir='ltr'><strong>racenicae</strong></span> <span class='ocrx_word' id='word_1_233' title='bbox 343 1862 573 1911; x_wconf 79' lang='lat' dir='ltr'><strong>addictum,</strong></span> <span class='ocrx_word' id='word_1_234' title='bbox 602 1865 647 1903; x_wconf 78' lang='lat' dir='ltr'><strong>in</strong></span> <span class='ocrx_word' id='word_1_235' title='bbox 677 1862 781 1903; x_wconf 79' lang='lat' dir='ltr'><strong>urbe</strong></span> <span class='ocrx_word' id='word_1_236' title='bbox 807 1863 970 1903; x_wconf 83' lang='lat' dir='ltr'><strong>demum</strong></span> <span class='ocrx_word' id='word_1_237' title='bbox 996 1861 1267 1914; x_wconf 78' lang='lat' dir='ltr'><strong>aedificatum</strong></span> <span class='ocrx_word' id='word_1_238' title='bbox 1298 1860 1520 1903; x_wconf 72' lang='lat' dir='ltr'><strong>Mic-baele</strong></span> 
     </span>
     <span class='ocr_line' id='line_1_32' title="bbox 81 1915 1520 1972; baseline -0.001 -13"><span class='ocrx_word' id='word_1_239' title='bbox 81 1915 223 1959; x_wconf 85' lang='lat' dir='ltr'><strong>Balbo</strong></span> <span class='ocrx_word' id='word_1_240' title='bbox 253 1921 515 1971; x_wconf 80' lang='lat' dir='ltr'><strong>imperante,</strong></span> <span class='ocrx_word' id='word_1_241' title='bbox 546 1915 814 1967; x_wconf 79' lang='lat' dir='ltr'><strong>masalmae,</strong></span> <span class='ocrx_word' id='word_1_242' title='bbox 841 1920 1068 1972; x_wconf 75' lang='lat' dir='ltr'><strong>praecipui</strong></span> <span class='ocrx_word' id='word_1_243' title='bbox 1103 1916 1229 1959; x_wconf 74' lang='lat' dir='ltr'><strong>Valid</strong></span> <span class='ocrx_word' id='word_1_244' title='bbox 1259 1916 1423 1958; x_wconf 72' lang='lat' dir='ltr'><strong>sultam</strong></span> <span class='ocrx_word' id='word_1_245' title='bbox 1451 1916 1520 1957; x_wconf 80' lang='lat' dir='ltr'><strong>vel</strong></span> 
     </span>
     <span class='ocr_line' id='line_1_33' title="bbox 76 1973 1516 2028; baseline -0.001 -14"><span class='ocrx_word' id='word_1_246' title='bbox 76 1973 315 2028; x_wconf 77' lang='lat' dir='ltr'><strong>chalyphae</strong></span> <span class='ocrx_word' id='word_1_247' title='bbox 343 1976 564 2026; x_wconf 74' lang='lat' dir='ltr'><strong>copiarum</strong></span> <span class='ocrx_word' id='word_1_248' title='bbox 595 1973 739 2024; x_wconf 79' lang='lat' dir='ltr'><strong>ducis,</strong></span> <span class='ocrx_word' id='word_1_249' title='bbox 769 1977 947 2026; x_wconf 63' lang='lat' dir='ltr'><strong>rogatu,</strong></span> <span class='ocrx_word' id='word_1_250' title='bbox 978 1975 1050 2027; x_wconf 75' lang='lat' dir='ltr'><strong>qni</strong></span> <span class='ocrx_word' id='word_1_251' title='bbox 1080 1984 1133 2012; x_wconf 87' lang='lat' dir='ltr'><strong>ea</strong></span> <span class='ocrx_word' id='word_1_252' title='bbox 1162 1975 1415 2025; x_wconf 77' lang='lat' dir='ltr'><strong>tempestate</strong></span> <span class='ocrx_word' id='word_1_253' title='bbox 1442 1984 1516 2012; x_wconf 80' lang='lat' dir='ltr'><strong>ur-</strong></span> 
     </span>
     <span class='ocr_line' id='line_1_34' title="bbox 77 2027 1519 2081; baseline -0.002 -12"><span class='ocrx_word' id='word_1_254' title='bbox 77 2027 170 2069; x_wconf 78' lang='lat' dir='ltr'><strong>bem</strong></span> <span class='ocrx_word' id='word_1_255' title='bbox 209 2027 429 2070; x_wconf 76' lang='lat' dir='ltr'><strong>obsidione</strong></span> <span class='ocrx_word' id='word_1_256' title='bbox 469 2031 685 2069; x_wconf 71' lang='lat' dir='ltr'><strong>cinfcerat.</strong></span> <span class='ocrx_word' id='word_1_257' title='bbox 744 2029 803 2069; x_wconf 83' lang='lat' dir='ltr'><strong>sic</strong></span> <span class='ocrx_word' id='word_1_258' title='bbox 835 2029 1089 2081; x_wconf 66' lang='lat' dir='ltr'><strong>Dumngius,</strong></span> <span class='ocrx_word' id='word_1_259' title='bbox 1119 2029 1332 2080; x_wconf 86' lang='lat' dir='ltr'><strong>proferens</strong></span> <span class='ocrx_word' id='word_1_260' title='bbox 1374 2027 1519 2067; x_wconf 87' lang='lat' dir='ltr'><strong>deinde</strong></span> 
     </span>
     <span class='ocr_line' id='line_1_35' title="bbox 78 2082 1519 2136; baseline -0.001 -13"><span class='ocrx_word' id='word_1_261' title='bbox 78 2083 182 2124; x_wconf 87' lang='lat' dir='ltr'><strong>hune</strong></span> <span class='ocrx_word' id='word_1_262' title='bbox 207 2084 335 2136; x_wconf 85' lang='lat' dir='ltr'><strong>ipsum</strong></span> <span class='ocrx_word' id='word_1_263' title='bbox 364 2083 617 2124; x_wconf 76' lang='lat' dir='ltr'><strong>Constantini</strong></span> <span class='ocrx_word' id='word_1_264' title='bbox 647 2085 790 2124; x_wconf 89' lang='lat' dir='ltr'><strong>locum.</strong></span> <span class='ocrx_word' id='word_1_265' title='bbox 857 2096 994 2123; x_wconf 86' lang='lat' dir='ltr'><strong>verum</strong></span> <span class='ocrx_word' id='word_1_266' title='bbox 1024 2082 1311 2123; x_wconf 83' lang='lat' dir='ltr'><strong>Constantinus</strong></span> <span class='ocrx_word' id='word_1_267' title='bbox 1342 2083 1519 2135; x_wconf 86' lang='lat' dir='ltr'><strong>loquitur</strong></span> 
     </span>
     <span class='ocr_line' id='line_1_36' title="bbox 76 2138 1516 2191; baseline -0.001 -13"><span class='ocrx_word' id='word_1_268' title='bbox 76 2138 154 2178; x_wconf 89' lang='lat' dir='ltr'><strong>hoc</strong></span> <span class='ocrx_word' id='word_1_269' title='bbox 190 2139 280 2178; x_wconf 86' lang='lat' dir='ltr'><strong>loco</strong></span> <span class='ocrx_word' id='word_1_270' title='bbox 323 2140 374 2179; x_wconf 89' lang='lat' dir='ltr'><strong>de</strong></span> <span class='ocrx_word' id='word_1_271' title='bbox 409 2139 617 2179; x_wconf 87' lang='lat' dir='ltr'><strong>obsidione</strong></span> <span class='ocrx_word' id='word_1_272' title='bbox 666 2139 777 2178; x_wconf 89' lang='lat' dir='ltr'><strong>urbis</strong></span> <span class='ocrx_word' id='word_1_273' title='bbox 818 2138 1078 2191; x_wconf 81' lang='lat' dir='ltr'><strong>Cpolitanae‚</strong></span> <span class='ocrx_word' id='word_1_274' title='bbox 1118 2150 1221 2190; x_wconf 84' lang='lat' dir='ltr'><strong>quae</strong></span> <span class='ocrx_word' id='word_1_275' title='bbox 1263 2138 1410 2177; x_wconf 85' lang='lat' dir='ltr'><strong>accidit</strong></span> <span class='ocrx_word' id='word_1_276' title='bbox 1443 2139 1516 2177; x_wconf 86' lang='lat' dir='ltr'><strong>sub</strong></span> 
     </span>
     <span class='ocr_line' id='line_1_37' title="bbox 76 2192 1515 2246; baseline -0.001 -14"><span class='ocrx_word' id='word_1_277' title='bbox 76 2193 211 2233; x_wconf 82' lang='lat' dir='ltr'><strong>Leone</strong></span> <span class='ocrx_word' id='word_1_278' title='bbox 238 2195 406 2243; x_wconf 87' lang='lat' dir='ltr'><strong>1sauro;</strong></span> <span class='ocrx_word' id='word_1_279' title='bbox 435 2195 485 2233; x_wconf 90' lang='lat' dir='ltr'><strong>de</strong></span> <span class='ocrx_word' id='word_1_280' title='bbox 521 2206 600 2246; x_wconf 83' lang='lat' dir='ltr'><strong>qua</strong></span> <span class='ocrx_word' id='word_1_281' title='bbox 632 2194 787 2246; x_wconf 84' lang='lat' dir='ltr'><strong>quidem</strong></span> <span class='ocrx_word' id='word_1_282' title='bbox 827 2206 873 2234; x_wconf 88' lang='lat' dir='ltr'><strong>re</strong></span> <span class='ocrx_word' id='word_1_283' title='bbox 911 2194 1092 2246; x_wconf 86' lang='lat' dir='ltr'><strong>pluribus</strong></span> <span class='ocrx_word' id='word_1_284' title='bbox 1132 2193 1218 2245; x_wconf 85' lang='lat' dir='ltr'><strong>agit</strong></span> <span class='ocrx_word' id='word_1_285' title='bbox 1247 2192 1515 2245; x_wconf 85' lang='lat' dir='ltr'><strong>Theophanes</strong></span> 
     </span>
     <span class='ocr_line' id='line_1_38' title="bbox 76 2247 1578 2302; baseline -0.001 -14"><span class='ocrx_word' id='word_1_286' title='bbox 76 2248 128 2288; x_wconf 83' lang='lat' dir='ltr'><strong>ad</strong></span> <span class='ocrx_word' id='word_1_287' title='bbox 156 2261 302 2288; x_wconf 87' lang='lat' dir='ltr'><strong>annum</strong></span> <span class='ocrx_word' id='word_1_288' title='bbox 332 2249 498 2302; x_wconf 87' lang='lat' dir='ltr'><strong>primum</strong></span> <span class='ocrx_word' id='word_1_289' title='bbox 528 2249 701 2289; x_wconf 87' lang='lat' dir='ltr'><strong>eiusdem</strong></span> <span class='ocrx_word' id='word_1_290' title='bbox 738 2249 931 2302; x_wconf 89' lang='lat' dir='ltr'><strong>Augusti;</strong></span> <span class='ocrx_word' id='word_1_291' title='bbox 962 2248 1066 2288; x_wconf 90' lang='lat' dir='ltr'><strong>unde</strong></span> <span class='ocrx_word' id='word_1_292' title='bbox 1104 2260 1185 2287; x_wconf 89' lang='lat' dir='ltr'><strong>non</strong></span> <span class='ocrx_word' id='word_1_293' title='bbox 1214 2247 1286 2287; x_wconf 89' lang='lat' dir='ltr'><strong>sub</strong></span> <span class='ocrx_word' id='word_1_294' title='bbox 1315 2247 1514 2287; x_wconf 76' lang='lat' dir='ltr'><strong>michaele</strong></span> <span class='ocrx_word' id='word_1_295' title='bbox 1571 2285 1578 2299; x_wconf 74' lang='grc'><strong><em>,</em></strong></span> 
     </span>
     <span class='ocr_line' id='line_1_39' title="bbox 75 2301 1515 2356; baseline -0.001 -13"><span class='ocrx_word' id='word_1_296' title='bbox 75 2302 204 2343; x_wconf 82' lang='lat' dir='ltr'><strong>Balbo</strong></span> <span class='ocrx_word' id='word_1_297' title='bbox 234 2303 304 2343; x_wconf 88' lang='lat' dir='ltr'><strong>sed</strong></span> <span class='ocrx_word' id='word_1_298' title='bbox 333 2305 456 2344; x_wconf 89' lang='lat' dir='ltr'><strong>multo</strong></span> <span class='ocrx_word' id='word_1_299' title='bbox 498 2308 676 2356; x_wconf 90' lang='lat' dir='ltr'><strong>tempore</strong></span> <span class='ocrx_word' id='word_1_300' title='bbox 720 2307 857 2344; x_wconf 80' lang='lat' dir='ltr'><strong>antea&#39;</strong></span> <span class='ocrx_word' id='word_1_301' title='bbox 896 2305 1083 2355; x_wconf 85' lang='lat' dir='ltr'><strong>templum</strong></span> <span class='ocrx_word' id='word_1_302' title='bbox 1122 2301 1418 2344; x_wconf 82' lang='lat' dir='ltr'><strong>Saracenorum</strong></span> <span class='ocrx_word' id='word_1_303' title='bbox 1472 2303 1515 2343; x_wconf 86' lang='lat' dir='ltr'><strong>in</strong></span> 
     </span>
     <span class='ocr_line' id='line_1_40' title="bbox 76 2357 1513 2412; baseline 0 -15"><span class='ocrx_word' id='word_1_304' title='bbox 76 2357 177 2398; x_wconf 83' lang='lat' dir='ltr'><strong>urbe</strong></span> <span class='ocrx_word' id='word_1_305' title='bbox 208 2363 430 2399; x_wconf 86' lang='lat' dir='ltr'><strong>extructum</strong></span> <span class='ocrx_word' id='word_1_306' title='bbox 460 2359 547 2410; x_wconf 85' lang='lat' dir='ltr'><strong>fuit,</strong></span> <span class='ocrx_word' id='word_1_307' title='bbox 574 2363 678 2399; x_wconf 77' lang='lat' dir='ltr'><strong>teste</strong></span> <span class='ocrx_word' id='word_1_308' title='bbox 706 2360 793 2411; x_wconf 89' lang='lat' dir='ltr'><strong>ipso</strong></span> <span class='ocrx_word' id='word_1_309' title='bbox 812 2358 1173 2412; x_wconf 82' lang='lat' dir='ltr'><strong>Porphyrogcnito.</strong></span> <span class='ocrx_word' id='word_1_310' title='bbox 1231 2362 1405 2397; x_wconf 88' lang='lat' dir='ltr'><strong>ceterum</strong></span> <span class='ocrx_word' id='word_1_311' title='bbox 1434 2357 1513 2397; x_wconf 77' lang='lat' dir='ltr'><strong>Sa-</strong></span> 
     </span>
     <span class='ocr_line' id='line_1_41' title="bbox 77 2410 1513 2466; baseline 0 -14"><span class='ocrx_word' id='word_1_312' title='bbox 77 2424 314 2453; x_wconf 80' lang='lat' dir='ltr'><strong>racenorum</strong></span> <span class='ocrx_word' id='word_1_313' title='bbox 343 2414 535 2454; x_wconf 86' lang='lat' dir='ltr'><strong>sacellum</strong></span> <span class='ocrx_word' id='word_1_314' title='bbox 570 2414 612 2454; x_wconf 88' lang='lat' dir='ltr'><strong>in</strong></span> <span class='ocrx_word' id='word_1_315' title='bbox 647 2414 854 2466; x_wconf 88' lang='lat' dir='ltr'><strong>praetorio</strong></span> <span class='ocrx_word' id='word_1_316' title='bbox 895 2414 1036 2454; x_wconf 81' lang='lat' dir='ltr'><strong>statuit</strong></span> <span class='ocrx_word' id='word_1_317' title='bbox 1075 2417 1113 2452; x_wconf 89' lang='lat' dir='ltr'><strong>et</strong></span> <span class='ocrx_word' id='word_1_318' title='bbox 1149 2413 1311 2453; x_wconf 87' lang='lat' dir='ltr'><strong>Nicetas</strong></span> <span class='ocrx_word' id='word_1_319' title='bbox 1337 2410 1513 2454; x_wconf 81' lang='lat' dir='ltr'><strong>Chonia-</strong></span> 
     </span>
     <span class='ocr_line' id='line_1_42' title="bbox 76 2467 1512 2521; baseline 0 -14"><span class='ocrx_word' id='word_1_320' title='bbox 76 2472 160 2518; x_wconf 87' lang='lat' dir='ltr'><strong>tes,</strong></span> <span class='ocrx_word' id='word_1_321' title='bbox 203 2472 243 2508; x_wconf 90' lang='lat' dir='ltr'><strong>et</strong></span> <span class='ocrx_word' id='word_1_322' title='bbox 278 2469 320 2508; x_wconf 90' lang='lat' dir='ltr'><strong>in</strong></span> <span class='ocrx_word' id='word_1_323' title='bbox 362 2469 532 2521; x_wconf 87' lang='lat' dir='ltr'><strong>quadam</strong></span> <span class='ocrx_word' id='word_1_324' title='bbox 574 2469 770 2509; x_wconf 85' lang='lat' dir='ltr'><strong>seditione</strong></span> <span class='ocrx_word' id='word_1_325' title='bbox 808 2481 991 2509; x_wconf 84' lang='lat' dir='ltr'><strong>eversum</strong></span> <span class='ocrx_word' id='word_1_326' title='bbox 1027 2468 1172 2508; x_wconf 84' lang='lat' dir='ltr'><strong>Alexio</strong></span> <span class='ocrx_word' id='word_1_327' title='bbox 1202 2467 1360 2521; x_wconf 85' lang='lat' dir='ltr'><strong>Angelo</strong></span> <span class='ocrx_word' id='word_1_328' title='bbox 1389 2468 1512 2520; x_wconf 85' lang='lat' dir='ltr'><strong>impe-</strong></span> 
     </span>
     <span class='ocr_line' id='line_1_43' title="bbox 75 2523 1144 2576; baseline -0.001 -14"><span class='ocrx_word' id='word_1_329' title='bbox 75 2527 192 2564; x_wconf 82' lang='lat' dir='ltr'><strong>rante</strong></span> <span class='ocrx_word' id='word_1_330' title='bbox 232 2523 358 2564; x_wconf 85' lang='lat' dir='ltr'><strong>tradit</strong></span> <span class='ocrx_word' id='word_1_331' title='bbox 389 2523 492 2563; x_wconf 85' lang='lat' dir='ltr'><strong>idem</strong></span> <span class='ocrx_word' id='word_1_332' title='bbox 529 2524 704 2576; x_wconf 84' lang='lat' dir='ltr'><strong>scriptor</strong></span> <span class='ocrx_word' id='word_1_333' title='bbox 731 2525 773 2563; x_wconf 93' lang='lat' dir='ltr'><strong>in</strong></span> <span class='ocrx_word' id='word_1_334' title='bbox 807 2524 914 2564; x_wconf 89' lang='lat' dir='ltr'><strong>illius</strong></span> <span class='ocrx_word' id='word_1_335' title='bbox 942 2524 1027 2564; x_wconf 84' lang='lat' dir='ltr'><strong>vita</strong></span> <span class='ocrx_word' id='word_1_336' title='bbox 1057 2527 1084 2564; x_wconf 85' lang='lat'><strong>3</strong></span> <span class='ocrx_word' id='word_1_337' title='bbox 1106 2525 1144 2562; x_wconf 88' lang='lat'><strong>5.</strong></span> 
     </span>
    </p>

    <p class='ocr_par' dir='ltr' id='par_1_10' title="bbox 73 2573 1513 2742">
     <span class='ocr_line' id='line_1_44' title="bbox 185 2573 1513 2630; baseline -0.001 -12"><span class='ocrx_word' id='word_1_338' title='bbox 185 2581 277 2630; x_wconf 77' lang='lat'>102,</span> <span class='ocrx_word' id='word_1_339' title='bbox 309 2580 372 2618; x_wconf 84' lang='lat'><strong>14.</strong></span> <span class='ocrx_word' id='word_1_340' title='bbox 429 2577 501 2616; x_wconf 84' lang='grc' dir='ltr'><em>καί</em></span> <span class='ocrx_word' id='word_1_341' title='bbox 528 2576 655 2623; x_wconf 76' lang='grc' dir='ltr'><em>αὖτος</em></span> <span class='ocrx_word' id='word_1_342' title='bbox 686 2573 706 2616; x_wconf 86' lang='grc' dir='ltr'>ὁ</span> <span class='ocrx_word' id='word_1_343' title='bbox 733 2575 988 2630; x_wconf 78' lang='grc' dir='ltr'><strong><em>Σουλεημὰν]</em></strong></span> <span class='ocrx_word' id='word_1_344' title='bbox 1035 2579 1085 2618; x_wconf 89' lang='lat' dir='ltr'><strong>de</strong></span> <span class='ocrx_word' id='word_1_345' title='bbox 1114 2579 1189 2618; x_wconf 83' lang='lat' dir='ltr'><strong>hac</strong></span> <span class='ocrx_word' id='word_1_346' title='bbox 1215 2577 1513 2618; x_wconf 79' lang='lat' dir='ltr'><strong>Saracenorum</strong></span> 
     </span>
     <span class='ocr_line' id='line_1_45' title="bbox 74 2633 1510 2686; baseline -0.001 -14"><span class='ocrx_word' id='word_1_347' title='bbox 74 2636 214 2686; x_wconf 83' lang='lat' dir='ltr'><strong>strage</strong></span> <span class='ocrx_word' id='word_1_348' title='bbox 253 2633 434 2686; x_wconf 86' lang='lat' dir='ltr'><strong>pluribus</strong></span> <span class='ocrx_word' id='word_1_349' title='bbox 481 2633 658 2686; x_wconf 88' lang='lat' dir='ltr'><strong>loquitur</strong></span> <span class='ocrx_word' id='word_1_350' title='bbox 704 2633 972 2686; x_wconf 85' lang='lat' dir='ltr'><strong>Theophanes</strong></span> <span class='ocrx_word' id='word_1_351' title='bbox 1005 2646 1044 2675; x_wconf 87' lang='lat' dir='ltr'><strong>a.</strong></span> <span class='ocrx_word' id='word_1_352' title='bbox 1086 2637 1112 2673; x_wconf 82' lang='lat'><strong>2</strong></span> <span class='ocrx_word' id='word_1_353' title='bbox 1160 2633 1317 2685; x_wconf 82' lang='lat' dir='ltr'><strong>imperii</strong></span> <span class='ocrx_word' id='word_1_354' title='bbox 1365 2633 1510 2672; x_wconf 82' lang='lat' dir='ltr'><strong>Leonis</strong></span> 
     </span>
     <span class='ocr_line' id='line_1_46' title="bbox 73 2687 1511 2742; baseline -0.001 -14"><span class='ocrx_word' id='word_1_355' title='bbox 73 2687 226 2737; x_wconf 74' lang='lat' dir='ltr'><strong>Isauri3</strong></span> <span class='ocrx_word' id='word_1_356' title='bbox 257 2700 359 2741; x_wconf 83' lang='lat' dir='ltr'><strong>quae</strong></span> <span class='ocrx_word' id='word_1_357' title='bbox 402 2688 558 2741; x_wconf 87' lang='lat' dir='ltr'><strong>quidem</strong></span> <span class='ocrx_word' id='word_1_358' title='bbox 587 2689 754 2741; x_wconf 83' lang='lat' dir='ltr'><strong>accidit,</strong></span> <span class='ocrx_word' id='word_1_359' title='bbox 784 2694 828 2729; x_wconf 91' lang='lat' dir='ltr'><strong>ut</strong></span> <span class='ocrx_word' id='word_1_360' title='bbox 854 2689 957 2730; x_wconf 87' lang='lat' dir='ltr'><strong>idem</strong></span> <span class='ocrx_word' id='word_1_361' title='bbox 988 2690 1162 2742; x_wconf 87' lang='lat' dir='ltr'><strong>scriptor</strong></span> <span class='ocrx_word' id='word_1_362' title='bbox 1190 2689 1328 2739; x_wconf 82' lang='lat' dir='ltr'><strong>tradit,</strong></span> <span class='ocrx_word' id='word_1_363' title='bbox 1355 2693 1511 2728; x_wconf 86' lang='lat' dir='ltr'><strong>mortuo</strong></span> 
     </span>
    </p>
   </div>
   <div class='ocr_carea' id='block_1_4' title="bbox 168 2774 1254 2820">
    <p class='ocr_par' dir='ltr' id='par_1_11' title="bbox 168 2774 1254 2820">
     <span class='ocr_line' id='line_1_47' title="bbox 168 2774 1254 2820; baseline -0.001 -13"><span class='ocrx_word' id='word_1_364' title='bbox 168 2774 285 2808; x_wconf 71' lang='lat' dir='ltr'><strong>Consi.</strong></span> <span class='ocrx_word' id='word_1_365' title='bbox 312 2774 440 2820; x_wconf 77' lang='lat' dir='ltr'><strong>Porph.</strong></span> <span class='ocrx_word' id='word_1_366' title='bbox 1212 2774 1254 2807; x_wconf 75' lang='lat'><strong>21</strong></span> 
     </span>
    </p>
   </div>
  </div>
 </body>
</html>
