1780 3132
179 160 243 203 86
445 157 811 201 CONSTANTINI
842 157 1336 200 PORPHYROGENITI

179 267 280 323 ζήτει
313 272 378 311 καὶ
409 266 679 320 ἆναμάνθανε.
747 267 781 307 εἲ
810 264 887 322 γάρ
909 283 1003 309 ποτε
1030 266 1148 316 ἔθνος
1171 284 1208 308 τι
1237 266 1314 309 ἀπὸ
1334 273 1412 311 τῶν
1431 267 1604 312 ἀπίστων

178 335 325 378 τούτοιν
354 338 417 377 καὶ
446 337 594 387 ἀτίμων
612 334 778 389 βορείων
796 338 915 388 γενῶν
933 332 1131 387 αἰτήσεται
1151 333 1487 390 συμπενθεριάσαι
1502 337 1604 389 μετὰ

178 407 249 445 τοῦ
274 403 467 454 βασιλέως
484 400 688 453 Ῥωμαίων
708 403 772 441 καὶ
792 400 819 454 ἢ
838 402 1043 456 θυγατέρα
1068 401 1191 441 αὐτοῦ
1214 403 1268 450 εἷς
1288 400 1447 457 νύμφην
1470 407 1603 456 λαβεΐν

177 469 203 522 ἢ
231 471 430 510 ἐπιδοῦναι
459 469 604 510 οἰκείαν
629 467 831 522 θυγατέρα
859 467 885 521 ἢ
913 474 1079 523 γυναῖκα
1101 468 1346 522 χρηματίσαι
1365 467 1603 523 βασιλέωςῆ

177 536 371 588 βασιλέως
397 534 507 585 υἱοῦ,
533 533 613 589 χρή
643 550 686 575 σε
714 532 905 583 τοιούτοις
926 533 1075 591 ῥήμασι
1096 536 1160 575 καὶ
1182 534 1252 587 τὴν
1270 533 1454 588 τοιαύτην
1475 535 1637 578 abt-&32¹5

178 601 403 658 παράλογον
433 599 764 656 ἀποκρούσασθαι
795 601 971 654 αἴτησιν,
1004 602 1165 656 λέγοντα
1187 601 1245 643 ὅτι
1269 603 1335 646 καὶ
1355 603 1442 658 περὶ
1463 599 1608 656 ταύτης

178 673 249 721 τῆς
266 667 494 717 ὑποθέσεως
512 669 753 722 παραγγελία
774 670 839 708 καὶ
860 666 1037 718 διάταξις
1057 668 1210 724 φοβερὰ
1231 669 1296 709 καὶ
1314 668 1609 724 ἄπαραποίητος

178 740 248 776 τοῦ
278 733 450 789 μεγάλου
482 736 547 776 καὶ
577 733 687 788 ἁγίου
713 736 1011 776 Κωνσταντίνου
1033 735 1367 790 ἕναπογὲγραπται
1389 737 1430 776 ἐν
1451 739 1501 791 τῇ
1524 735 1609 793 ἱερᾷ

178 803 347 857 τραπέζῃ
385 805 456 853 τῆς
492 804 709 854 καθολικῆς
748 806 826 845 τῶν
867 804 1120 856 Χριστιανῶν
1157 803 1363 855 ἐκκλησίας
1395 806 1464 855 τῆς
1498 799 1611 857 ἆγίας

178 870 346 923 σοφίας,
388 872 458 910 τοῦ
487 868 682 921 μηδέποτε
713 868 882 920 βασιλέα
907 867 1112 921 Ῥωμαίων
1142 867 1480 924 συμπενθεριάσαι
1509 867 1609 920 μετὰ
1623 879 1666 913 10

179 935 322 984 ἔθνους
349 935 689 989 παρηλλαγμένοις
713 936 778 976 καὶ
807 935 929 984 ξένοις-
949 935 1060 977 {vem
1076 936 1283 990 χρωμένου
1304 933 1613 989 τῆςῬωμαὶὶιῆς

179 999 471 1052 καταστάσεως,
505 1000 680 1055 μάλιστα
701 1002 742 1043 δὲ
760 1002 997 1044 ἄλλοπίστου
1017 1004 1082 1043 καὶ
1100 1003 1358 1054 ἀβαπτίστου,
1384 1004 1419 1043 εἲ
1437 1001 1494 1055 μὴ
1513 1000 1614 1055 μετὰ

180 1068 312 1121 μόνων
342 1073 421 1110 τῶν
455 1067 673 1124 Φράγγων·
717 1067 882 1117 τούτους
912 1070 989 1124 γὰρ
1028 1067 1173 1121 μόνους
1200 1067 1418 1118 ὑπεξείλετο
1448 1066 1469 1110 ὃ
1494 1068 1617 1122 μέγας

180 1137 325 1184 ἐκεῖνος
344 1135 443 1190 ἀνὴρ
467 1137 763 1184 Κωνσταντΐνος
782 1134 802 1177 ὃ
826 1135 955 1190 ἅγιος,
984 1134 1042 1176 ὅτι
1064 1137 1128 1176 καὶ
1150 1136 1270 1185 αὐτὸς
1286 1135 1357 1189 τὴν
1372 1135 1518 1190 γένεσιν
1538 1133 1616 1176 ἀπὸ

179 1207 258 1244 τῶν
296 1201 485 1244 τοιούτων
526 1202 613 1255 ἴσχε
648 1206 779 1258 μερῶν
810 1201 864 1251 ὡς
894 1203 1115 1257 συγγενείας
1148 1204 1214 1243 καὶ
1247 1203 1440 1256 ἐπιμιξίας
1469 1204 1618 1254 πολλῆς
1629 1209 1671 1245 15

180 1267 448 1323 τυγχανούσης
471 1267 671 1324 Φράγγοις
692 1286 734 1311 τε
754 1271 820 1310 καὶ
834 1267 1061 1321 Ῥωμαίοις·
1096 1271 1162 1310 καὶ
1182 1269 1248 1310 διὰ
1270 1273 1386 1310 τοῦτο
1406 1268 1507 1322 μετὰ
1525 1266 1619 1309 τού-

181 1353 260 1378 των
284 1333 419 1388 μόνων
440 1336 718 1391 προυτρέψατο
742 1341 927 1379 συνιστᾶν
950 1335 1099 1390 γαμικὰ
1123 1333 1367 1390 συναλλάγια
1387 1336 1480 1384 τοὺς
1499 1339 1616 1388 βασι-

186 1407 265 1450 λεῖς
279 1400 487 1456 Ῥωμαίων
511 1403 578 1444 διὰ
597 1402 667 1455 τὴν
689 1402 847 1444 ἄνωθεν
867 1407 945 1444 τῶν
964 1406 1096 1457 μερῶν
1113 1403 1266 1443 ἐκείνων
1285 1403 1351 1443 καὶ
1371 1405 1492 1456 γενῶν
1511 1418 1622 1457 περι-

188 1467 353 1525 φάνειαν
376 1471 442 1510 καὶ
465 1470 675 1524 εὐγένειαν,
709 1469 799 1522 μετ’
826 1469 950 1511 ἄλλου
971 1470 1012 1510 δὲ
1034 1473 1105 1510 τοῦ
1131 1470 1217 1510 οἵου
1238 1467 1380 1522 δήποτε
1404 1468 1548 1517 ἔθνους
1564 1467 1621 1521 μὴ

190 1536 432 1589 δυναμένους
461 1541 577 1578 τοῦτο
607 1542 752 1586 ποιεῖν,
788 1535 880 1576 ἀλλ’
905 1534 925 1577 ὁ
949 1541 1064 1578 τοῦτο
1085 1539 1248 1589 ποιῆσαι
1267 1532 1470 1588 τολμήσας
1483 1536 1551 1576 ἵνα
1569 1532 1678 1583 ὥς20

188 1602 426 1658 παραβάτης
445 1607 645 1658 πατρικῶν
669 1601 906 1656 εἷσηγήσεων
926 1604 992 1643 καὶ
1009 1603 1220 1654 βασιλείων
1237 1606 1401 1656 θεσμῶν
1417 1599 1626 1657 ἀλλότριος

191 1671 360 1724 κρίνοιτο
396 1674 475 1711 τῶν
502 1673 758 1726 Χριστιανῶν
789 1667 1019 1723 καταλόγων
1047 1671 1111 1710 καὶ
1133 1673 1189 1725 τῷ
1211 1668 1436 1721 ἂναθέματι
1454 1669 1626 1724 παραδί-

192 1739 313 1778 dono.
380 1735 401 1778 ὁ
431 1737 475 1778 δὲ
500 1738 866 1792 προμνημονευθεὶς
891 1736 1015 1778 Λέων
1043 1736 1186 1786 ἐκεῖνος
1216 1734 1236 1777 ὃ
1263 1733 1474 1789 βασιλεύς,
1508 1733 1530 1777 ὃ
1561 1736 1627 1777 καὶ

286 1874 326 1907 11
351 1869 461 1917 ἤθεσι
482 1873 586 1917 vulgo

197 2004 286 2027 scas.
333 1994 363 2026 si
394 1993 484 2026 enim
516 2005 662 2038 unquam
685 1997 779 2029 natio
803 1995 969 2038 quaedam
993 2006 1036 2028 ex
1058 1994 1252 2028 infidelibus
1276 1998 1312 2028 et
1334 1992 1547 2027 inhonoratis
1569 1994 1632 2026 bo-

196 2038 347 2071 realibus
369 2039 572 2072 affinitatem
597 2051 670 2073 cum
693 2041 846 2074 Romano
870 2040 1077 2085 imperatore
1101 2040 1304 2072 contrahere
1326 2038 1491 2081 voluerit,
1521 2042 1558 2070 et
1579 2036 1635 2070 vel

198 2083 303 2116 filiam
336 2082 410 2116 eius
444 2095 602 2126 sponsam
634 2085 792 2129 accipere
817 2085 873 2117 vel
897 2096 990 2117 suam
1013 2084 1062 2117 illi
1086 2084 1240 2126 elocare,
1274 2085 1324 2117 ita
1346 2090 1384 2116 ut
1406 2083 1464 2116 vel
1484 2082 1634 2126 impera-

199 2127 286 2162 toris
310 2127 366 2160 vel
389 2128 453 2160 filii
476 2128 549 2162 eius
572 2141 658 2162 uxor
681 2131 747 2173 sit,
773 2129 963 2163 huiusmodi
986 2134 1020 2162 te
1043 2129 1158 2162 verbis
1183 2129 1362 2162 absurdam
1385 2128 1472 2160 hanc
1495 2127 1635 2170 petitio-

201 2183 277 2206 nem
302 2173 500 2216 propulsare
525 2180 676 2217 oportet.
723 2176 786 2208 hac
808 2175 889 2207 item
913 2174 956 2208 de
977 2185 1015 2206 re
1037 2173 1275 2215 interdictum,
1313 2184 1353 2206 ac
1385 2172 1549 2205 terribilis
1572 2171 1637 2204 im-

201 2216 441 2260 mutabilisque
472 2219 670 2252 constitutio
701 2231 720 2252 a
751 2230 872 2263 magno
895 2223 932 2252 et
952 2224 1070 2252 sancto
1092 2218 1318 2251 Constantino
1341 2218 1376 2250 in
1402 2227 1499 2251 sacra
1522 2227 1639 2249 mensa

202 2260 392 2295 catholicae
416 2262 687 2296 Christianorum
710 2264 876 2298 ecclesiae
898 2264 935 2296 S.
955 2262 1108 2307 Sophiae
1131 2262 1305 2307 descripta
1327 2268 1400 2305 est,
1427 2273 1470 2295 ne
1491 2271 1639 2304 unquam

202 2307 391 2350 imperator
423 2307 594 2341 Romanus
625 2309 826 2345 affinitatem
858 2308 1035 2342 contrahat
1058 2318 1129 2340 cum
1154 2312 1257 2350 gente
1279 2318 1367 2351 quae
1391 2305 1583 2350 peregrinis
1606 2309 1642 2339 et

205 2362 227 2384 a
259 2351 413 2384 Romano
445 2357 537 2385 statu
567 2352 689 2390 alienis
713 2354 863 2389 moribus
887 2358 1022 2394 utatur,
1057 2352 1267 2395 maximeque
1290 2351 1320 2384 si
1344 2351 1476 2387 alienae
1498 2350 1582 2384 fidei
1607 2354 1644 2383 et

204 2395 382 2439 baptizata
414 2406 481 2433 non
514 2395 582 2439 sit,
615 2398 763 2431 Francis
794 2403 924 2431 tantum
950 2396 1123 2440 exceptis:
1157 2397 1219 2430 hos
1242 2397 1370 2440 quippe
1392 2395 1483 2430 solos
1507 2394 1643 2438 excepit

207 2451 348 2482 magnus
371 2439 429 2472 ille
452 2449 487 2474 et
508 2446 644 2478 sanctus
667 2443 932 2486 Constantinus,
956 2441 1036 2486 quia
1059 2441 1127 2474 illis
1149 2453 1192 2474 ex
1215 2441 1370 2484 par-tibus
1393 2440 1557 2483 originem
1578 2439 1643 2473 du-

208 2490 327 2519 xerat:
362 2484 521 2528 coguatio
552 2486 639 2525 enim
672 2493 708 2521 et
738 2487 940 2524 commercia
962 2497 1082 2529 magna
1104 2492 1203 2519 erant
1223 2485 1314 2519 inter
1333 2487 1488 2519 Francos
1513 2489 1549 2518 et
1569 2485 1643 2517 Ro—

209 2540 336 2569 manos.
382 2529 528 2573 ideoque
563 2541 636 2563 cum
668 2531 712 2564 iis
743 2532 824 2565 solis
852 2531 1065 2565 matrimonia
1085 2530 1174 2563 inire
1198 2531 1360 2564 Romanis
1381 2528 1644 2574 imperatoribus

211 2573 386 2618 permisit,
422 2579 565 2618 propter
589 2575 760 2619 antiquam
782 2577 933 2620 gentium
955 2575 1195 2618 nationumque
1216 2575 1349 2608 illarum
1371 2574 1559 2608 claritatem
1581 2584 1644 2606 no·-

211 2618 460 2662 bilitatemque.
509 2631 582 2652 cum
606 2619 672 2656 alia
695 2633 778 2654 vero
802 2632 1002 2665 quacunque
1026 2619 1163 2653 natione
1186 2620 1222 2653 id
1244 2631 1348 2663 agere
1369 2618 1499 2660 vetuit,
1535 2618 1586 2651 ita
1608 2622 1647 2650 ut

213 2663 317 2696 etiam
352 2663 382 2697 si
414 2663 492 2707 quis
524 2664 558 2697 id
589 2664 706 2698 facere
728 2677 830 2699 ausus
850 2666 976 2707 fuerit,
1009 2670 1167 2708 tanquam
1190 2669 1404 2708 paternarum
1427 2662 1647 2696 traditionum

213 2708 505 2752 imperialiumque
537 2709 646 2752 legum
679 2716 913 2754 transgressor
935 2709 1206 2743 Christianorum
1230 2709 1386 2753 catalogo
1410 2707 1542 2741 alienus
1566 2717 1647 2740 cen-

216 2759 332 2789 seatur
354 2753 507 2797 dirisque
529 2754 754 2796 devoveatur.
800 2761 894 2790 certe
914 2766 1018 2800 supra
1040 2759 1243 2790 memoratus
1266 2754 1338 2793 Leo
1360 2753 1566 2798 imperator,
1588 2751 1647 2795 qui
