1780 3132
283 173 354 212 DE
393 170 841 212 ADMINISTRANDO
882 168 1106 211 IMPERIO
1148 167 1266 210 CAP.
1310 173 1376 214 50.
1466 166 1562 211 223

123 269 195 314 καὶ
218 268 449 325 στρατηγὸς
493 269 515 310 ὅ
549 272 747 325 Κρινίτης
779 270 942 320 ἐξέθετο
975 270 1118 318 αὐτοῖς
1145 267 1283 310 πάκτα
1312 268 1480 310 πλείονα
1507 262 1567 310 ὧν

122 337 301 392 ἐτέλουν,
326 341 411 384 τοῖς
437 338 514 389 μὲν
543 338 777 391 Μιληγγοῖς
802 334 883 376 α’πὸ
913 335 996 376 τῶν
1023 334 1054 385 ξ’
1084 334 1353 387 νομισμάτων
1380 328 1439 376 ὧν
1467 331 1566 388 πρό-

122 417 243 456 τερον
272 403 461 456 ἐτέλουν,
508 403 742 455 νομίσματα
779 398 868 456 φμ’,
900 399 957 448 ὥς
986 397 1094 442 εἶναι
1118 401 1162 442 τὸ
1194 403 1277 442 πᾶν
1302 399 1459 442 πάκτον
1487 401 1568 441 av'-

122 469 205 510 τόν
233 470 467 520 νομίσματα
494 466 546 523 χ’,
573 472 659 516 τοῖς
691 469 738 509 δὲ
764 465 988 520 Ἔζερίταις
1015 465 1097 508 α’πό
1131 468 1213 508 ταῖν
1241 465 1271 508 τ’
1302 467 1567 519 νομισμάτων

89 528 187 576 ὀαῖν
206 532 406 587 πρότερον
450 535 641 588 ἐτέλουν,
670 533 790 586 ἕτερα
819 534 1058 585 νομίσματα
1090 530 1137 587 τ’,
1177 531 1234 580 ὡς
1273 527 1381 574 εἶναι
1409 530 1456 573 τὸ
1486 533 1569 572 πᾶν

122 596 277 641 πάκτον
305 599 443 640 αότῶν
469 602 702 653 νομίσματα
722 599 774 653 χ’,
803 595 927 640 ἅτινα
958 597 1028 639 καί
1057 597 1240 654 οἷπῄτησε
1269 597 1339 639 καὶ
1361 595 1569 650 εἰσεκόμι-

123 679 195 706 σεν
234 662 255 705 ὅ
294 664 422 714 αὐτὸς
463 662 838 719 πρωτοσπαθάριος
874 665 1078 719 Κρινίτης
1120 665 1162 706 ἐν
1201 665 1256 720 τῷ
1293 661 1569 719 θεοφυλάκτῳ

123 731 301 772 κοιηῖνι.
355 732 430 772 τοῦ
444 732 491 772 δὲ
517 731 901 784 πρωτοσπαθαριόυ
921 728 1123 784 Κρινίτου
1154 731 1198 771 ἐν
1224 730 1282 787 τῷ
1311 730 1464 782 θέματι
1492 743 1572 781 με-

122 797 364 845 τατεθέντος
398 795 620 848 Ἑλλάδος,
660 795 733 838 καί
771 798 848 837 τοῦ
889 797 1272 851 πρωτοσπαθαρίου
1299 792 1453 849 Βάρδα
1498 795 1572 836 τοῦ

67 862 384 917 ῙΟΠλατυπόὸη
422 864 726 918 προβληθέντος
763 864 1000 916 στρατηγοῦ
1043 864 1087 903 ἐν
1129 860 1462 919 Πελοποννήσῳ,
1501 860 1574 902 καί

120 932 195 984 τῆς
222 930 396 981 α’ταξιάς
432 931 649 983 γενομένης
675 927 748 969 καί
787 927 973 976 στάσεως
999 926 1114 983 παρὰ
1147 927 1281 969 αὐτοῦ
1306 928 1383 967 τοῦ
1411 941 1572 980 πρωτο-

119 997 361 1050 σπαθαρίου
405 996 558 1048 Βάρδα
588 996 662 1036 τοῦ
690 994 950 1048 Πλατυπόδη
987 995 1059 1035 καί
1087 995 1169 1035 τῶν
1210 991 1460 1048 ὄμοφρόνων
1490 987 1571 1032 αι’·-

119 1061 196 1118 τοῦ
221 1062 609 1116 πρωτοσπαθαρίων
637 1061 709 1101 καί
730 1059 957 1113 ιῖρχόντων,
987 1061 1059 1101 καί
1085 1057 1159 1100 τὸν
1188 1057 1570 1112 πρωτοσπαθιὶριον

120 1128 290 1170 Λέοντα
326 1125 398 1169 τὸν
422 1127 672 1180 Ἀγέλαστον
711 1125 1031 1174 α’ποόἰωξάντων
1060 1121 1142 1166 dno*
1173 1127 1247 1166 τοῦ
1276 1126 1471 1179 θέματος,
1501 1123 1573 1165 καί

68 1202 110 1235 15
122 1194 281 1242 εὐθέως
309 1195 528 1247 γενομένης
553 1193 624 1233 καί
653 1192 725 1245 τῆς
754 1193 836 1232 τῶν
851 1193 1176 1245 Σκλαβησιανῶν
1205 1193 1433 1239 ἐπιθέσεως
1461 1188 1565 1231 κατά

120 1262 195 1302 τοῦ
219 1260 354 1301 αὐτοῦ
379 1262 572 1312 θέματος,
601 1258 848 1298 (ἐπέστειλαν
889 1255 927 1297 οἱ
958 1257 1085 1298 αὐτοὶ
1108 1254 1300 1311 Σκλάβοι,
1332 1256 1376 1297 οἵ
1401 1271 1446 1297 τε
1473 1258 1571 1298 Μι-

120 1326 263 1380 ληγγοί
293 1325 365 1365 καί
405 1322 443 1364 οἱ
467 1325 690 1377 Ἐζερῖται,
723 1320 828 1375 πρὸς
864 1322 936 1363 τὸν
963 1324 1082 1377 κῖριν
1105 1322 1315 1374 Ῥωμανὸν
1345 1321 1418 1363 τόν
1442 1324 1570 1375 βασι-

119 1394 206 1446 λέα,
235 1388 516 1441 ἐξαιτούμενοι
541 1389 613 1430 καὶ
639 1390 974 1441 παρακαλοῦντες
1014 1391 1091 1429 τοῦ
1119 1390 1455 1442 συμπαθηθῆναι
1487 1388 1571 1428 av‘-

119 1463 206 1505 τοῖς
231 1454 308 1504 τὰς
356 1454 598 1510 προσθήκας
635 1455 720 1496 τῶν
763 1453 929 1495 πάκτων
969 1454 1041 1495 καί
1077 1459 1211 1496 τελεῖν
1242 1452 1398 1502 αὐτοῦς
1426 1454 1571 1502 καθώς

63 1521 192 1566 :zonat
230 1520 429 1576 πρότερον
461 1521 644 1563 ἐτέλουν.
710 1518 802 1562 ἐπεὶ
831 1521 891 1572 δέ,
920 1518 1062 1568 καθώς
1086 1523 1344 1575 προείρηται,
1372 1522 1570 1574 εἰσῆλθον

121 1588 159 1630 οἱ
186 1586 491 1642 Σκλαβησιανοί
526 1588 569 1628 ἐν
606 1587 664 1644 τῷ
692 1589 847 1638 θέματι
887 1587 1225 1639 Πελοποννήσου,
1257 1587 1406 1634 δεδιώς
1437 1585 1459 1626 ὅ
1486 1589 1567 1639 βα-

121 1653 260 1701 σιλεύς
287 1653 355 1694 ἵνα
382 1651 439 1706 μη
469 1652 539 1693 καί
567 1653 689 1694 αιῖτοί
717 1653 1014 1706 προστεθέντες
1038 1657 1125 1699 τοῖς
1154 1649 1357 1705 Σκλάβοις
1386 1656 1568 1706 παντελῆ

121 1717 415 1773 ἐξολόθρευσιν
451 1721 528 1758 τοῦ
567 1718 700 1759 αὐτοῦ
734 1719 918 1769 θέματος
963 1717 1234 1770 ἐργάσωνται,
1265 1718 1456 1772 ἐποίησεν
1487 1717 1567 1758 αὕ-

121 1789 206 1833 τοῖς
241 1784 570 1839 χρυσοβούλλιον
614 1784 684 1825 ἵνα
727 1786 877 1825 τελῶσι
909 1782 958 1824 τὰ
1001 1781 1137 1824 πάκτα
1171 1783 1226 1832 ὦς
1259 1786 1330 1824 καί
1357 1786 1565 1839 πρότερον,

122 1985 179 2014 tor
202 1980 336 2013 tributa
362 1981 435 2015 illis
460 1981 618 2024 graviora
642 1980 825 2025 imposuit,
850 1980 1017 2023 Milengis
1043 1979 1184 2023 quidem
1215 1979 1259 2011 ad
1286 1980 1468 2022 sexaginta
1497 1992 1563 2013 no-

120 2027 292 2071 mismata,
316 2037 408 2072 quae
436 2033 541 2060 antea
565 2027 764 2067 solvebant,
790 2027 862 2059 alia
890 2027 1084 2072 quingenta
1113 2032 1150 2060 et
1174 2026 1421 2071 quadraginta,
1450 2028 1497 2059 ita
1525 2033 1565 2060 ut
1618 2028 1622 2032 '

120 2074 322 2107 universum
349 2074 508 2119 ipsorum
532 2074 704 2108 tributum
730 2080 825 2107 esset
846 2074 1100 2106 nomismatum
1131 2080 1391 2113 sexcentorum,
1417 2073 1564 2107 Ezcritis

119 2132 202 2155 vero
228 2131 333 2166 supra
367 2126 525 2155 trecenta
559 2122 770 2154 nomismata
808 2121 958 2166 pristina
984 2121 1054 2153 alia
1079 2126 1249 2161 trecenta,
1275 2126 1315 2153 ut
1340 2125 1458 2153 essent
1481 2132 1564 2153 sex-

119 2173 246 2211 centa3
275 2179 367 2212 quae
410 2169 528 2212 exegit
551 2179 695 2214 quoque
720 2167 814 2200 idem
843 2166 1149 2212 protospatharius
1178 2167 1342 2207 Crinites,
1366 2168 1564 2212 intulitque

119 2215 159 2247 in
181 2226 316 2248 sacrum
343 2214 555 2248 cubiculum.
604 2215 893 2260 protospathario
922 2221 1040 2247 autem
1067 2215 1202 2247 Crinite
1227 2215 1266 2246 in
1292 2214 1461 2247 Graeciae
1481 2214 1564 2248 the-

118 2272 176 2294 ma
198 2262 414 2307 transposito
441 2274 519 2295 cum
539 2262 577 2295 in
602 2263 861 2307 Pelloponneso
899 2261 1123 2294 successisset.
1148 2261 1453 2306 protospatharius
1481 2263 1565 2294 Bar-

119 2308 183 2341 das
206 2308 381 2353 Platypus,
405 2314 442 2343 et
465 2309 590 2343 turbae
617 2320 656 2342 ac
680 2309 788 2343 factio
815 2315 958 2342 exortae
979 2313 1098 2341 essent
1111 2308 1206 2341 inter
1234 2309 1349 2353 ipsum
1373 2314 1563 2354 protospa-

119 2355 273 2388 tharium
300 2355 447 2388 Bardam
472 2356 704 2401 Platypodem
740 2356 903 2401 aliosque
933 2356 1008 2388 eius
1036 2355 1146 2400 partis
1171 2355 1476 2400 protospatharios
1503 2362 1562 2389 at-

119 2413 190 2447 que
214 2401 417 2447 principes,
446 2404 508 2448 qui
546 2403 868 2448 protospatharium
904 2404 1061 2436 Leonem
1086 2402 1288 2446 Agelastum
1315 2402 1471 2436 themate
1500 2415 1562 2436 ex-

117 2449 310 2494 pulerant,
335 2450 496 2493 protinus
533 2451 571 2483 iu
595 2450 715 2483 thema
750 2450 843 2482 illud
866 2449 1099 2483 Sclabesianis
1116 2449 1363 2490 *im-uentibus,
1388 2450 1562 2484 miserunt

117 2495 176 2528 illi
201 2496 270 2540 ipsi
300 2496 413 2529 Sclavi
438 2497 587 2541 Milengi
612 2503 648 2530 et
674 2498 835 2530 Ezeritae
861 2496 905 2529 ad
943 2496 1123 2529 dominum
1149 2498 1344 2537 Romanum
1369 2497 1563 2542 imperato-

119 2553 204 2583 rem,
233 2544 574 2576 commiserationem
599 2550 763 2589 petentes
788 2555 894 2589 super
918 2544 1030 2576 auctis
1061 2544 1229 2584 tributis,
1252 2544 1563 2588 permitterentur-

119 2599 191 2634 que
224 2600 264 2622 ea
297 2589 454 2634 pendere
489 2590 608 2635 qualia
638 2591 776 2636 pridem
809 2590 1065 2636 pependerant.
1124 2591 1319 2635 imperator
1356 2597 1475 2624 autem
1515 2592 1561 2623 ob

120 2634 427 2669 Sclabesianorum
464 2637 656 2671 adventum
690 2639 824 2671 veritus
858 2648 904 2670 ne
937 2637 1068 2671 sclavis
1106 2638 1285 2671 coniuncti
1308 2639 1454 2671 omnino
1480 2649 1562 2670 euin

119 2681 277 2716 themate
312 2684 546 2729 Peloponnesi
580 2691 773 2725 exuerent,
798 2696 939 2718 auream
974 2685 1047 2717 illis
1082 2684 1216 2718 bullam
1241 2684 1341 2718 dedit
1365 2691 1404 2717 ut
1427 2685 1562 2718 tributa

120 2734 256 2764 tantum
284 2731 464 2765 solverent
503 2731 801 2778 quemadmodum
843 2732 1005 2778 primitus
1031 2732 1215 2771 solebant,
1252 2732 1400 2776 Milengi
1427 2733 1562 2765 scilicet
