1780 3132
134 157 189 197 IN
229 153 587 196 CONSTANTlNl
628 154 824 195 PORPH.
866 154 966 193 LlB.
994 152 1065 192 DE
1090 150 1350 192 ADMAMP.
1393 147 1487 192 323

49 280 136 309 sum
163 267 263 308 haec
303 268 356 307 ad
385 268 567 318 literam,
605 272 650 308 ut
689 267 831 316 aiunt;
869 266 941 306 sed
967 266 1108 306 melius
1135 264 1325 305 fortassis
1355 264 1490 304 Theo-

49 323 193 376 phanis
221 323 446 375 interpres:
475 325 713 376 imperator
741 325 881 362 autem
909 323 955 361 in
987 318 1232 362 Armeniam
1261 317 1494 373 profectus

51 375 371 420 Mardaitarum
405 390 566 431 cymen,
598 389 770 418 aereum
789 376 911 417 illum
929 378 1101 429 imperii
1122 373 1304 416 Romani
1330 386 1495 415 murum

47 435 94 473 in
124 430 294 474 Libano
320 435 446 486 prius
475 435 782 475 consistentem
810 435 855 473 et
883 443 911 471 a
942 442 992 472 se
1021 442 1217 472 eversum
1234 463 1245 483 ,
1272 429 1370 472 illic
1397 441 1494 471 sus-

55 499 107 528 ce
138 489 184 529 it.

106 499 136 541 p
162 546 255 593 103,
284 546 351 583 21.
408 541 627 592 ἔνορδίνως
655 541 876 583 ordinario
921 541 1209 592 interpretatur
1245 539 1499 592 Ducangius3

54 597 148 639 vide
177 597 353 638 eiusdem
381 597 447 638 Gl.
476 598 548 638 Gr.
578 611 616 639 v.
637 590 840 649 Ὄρὸινον.

163 662 272 704 Ιόὶά.
341 658 404 701 ἔτι
445 676 484 704 v.
528 663 817 716 Theophanem
862 661 915 702 ad
957 672 1104 702 annum
1139 664 1168 701 3
1210 660 1392 713 Leontii,
1434 661 1501 714 qui

56 718 134 760 fuit
163 718 418 771 principatus
446 718 676 759 Abimelech
707 720 774 759 15.

163 787 258 834 104,
286 788 327 824 2.
383 780 585 830 Λεόντιος
615 782 682 837 δὲ]
719 795 931 836 perperam
960 781 1158 822 Meursius
1189 780 1502 833 interpretatum

82 839 202 892 nippe
225 851 300 892 pro
329 836 552 890 ἐκράτησεν
580 840 675 891 lego
699 835 875 888 ἐκράτει,
906 842 946 876 et
974 838 1032 877 sic
1059 840 1198 876 verto:
1228 840 1331 877 tunc
1359 839 1501 877 autem

52 851 290 942 ὶεοηίὶιιε,
340 892 510 934 deiecto
542 893 786 935 Iustiniana
830 896 874 933 et
909 894 955 932 in
997 890 1259 932 Cher-sonem
1294 891 1501 944 rdeyato,

53 951 278 1003 imperium
303 947 486 990 tenebat.
555 962 649 990 nam
685 949 759 989 illa
788 947 967 988 Arabum
1011 948 1053 987 in
1083 947 1262 987 Africam
1291 947 1502 1000 impressio

57 1004 201 1045 accidit
229 1016 267 1044 a.
296 1007 324 1047 3
356 1003 527 1044 Leontii.

154 1057 276 1113 lma.
304 1061 344 1100 7.
388 1058 582 1110 τέθνηκεν
607 1055 845 1106 Ἀβιμέλεχ]
874 1069 981 1098 anno
1011 1057 1199 1097 nimirum
1224 1059 1252 1096 7
1283 1055 1502 1108 Apsimari,

58 1113 211 1155 Christi
240 1116 323 1154 ⁷04
361 1115 427 1154 vel
453 1113 648 1166 sequenti.

166 1167 276 1210 lbid.
306 1172 347 1210 8.
403 1165 474 1220 ἔτη
503 1167 635 1214 ἐννέα]
668 1166 833 1207 totidem
862 1165 955 1206 huic
984 1177 1113 1207 annos
1148 1164 1334 1205 attribuit
1366 1165 1501 1205 Theo-

92 1223 229 1264 hanes.

65 1237 90 1276 P
167 1276 274 1319 Ibid.
314 1282 380 1319 11.
449 1277 521 1328 τῆς
557 1273 784 1329 Ἀφρικῆς]
824 1276 978 1315 nullam
1015 1274 1256 1314 mentionem
1298 1275 1349 1314 de
1392 1276 1503 1316 hisce

59 1333 237 1375 Arabum
268 1333 395 1386 gestis
427 1333 471 1373 in
498 1332 640 1372 Africa
677 1330 900 1372 Iustiniano
932 1331 1189 1371 Rhinotmeto
1226 1331 1401 1371 secundo
1429 1333 1503 1372 im-

61 1392 231 1442 perante
255 1390 353 1429 facit
380 1388 661 1441 Theophanes

167 1453 276 1496 Ibid.
330 1450 422 1492 τότε
450 1449 471 1490 ὅ
506 1453 579 1492 τοῦ
609 1451 803 1502 Μαβιόυ]
853 1452 992 1491 eadem
1022 1452 1148 1490 ferme
1175 1451 1308 1503 capite
1334 1465 1501 1504 praece-

60 1510 171 1550 denti
201 1511 328 1550 rel'ert
350 1509 525 1560 scriptor
549 1512 699 1548 noster.
758 1508 829 1547 sed
851 1507 1032 1547 fallitur:
1065 1518 1157 1546 nam
1178 1506 1221 1545 id
1250 1508 1397 1547 accidit
1426 1521 1505 1547 non

59 1566 133 1606 sub
171 1564 394 1605 Iustiniano
422 1564 678 1604 Rhinotmeto
708 1563 780 1602 sed
820 1563 892 1602 sub
936 1561 1202 1602 Constantino
1233 1561 1503 1615 Copronymo.

60 1620 152 1660 vide
170 1619 468 1671 Theophanem,
499 1619 566 1672 qui
595 1623 720 1658 totam
748 1630 834 1658 rem
863 1617 1049 1669 pluribus
1079 1617 1245 1669 exponit
1274 1631 1311 1658 a.
1340 1622 1368 1658 9
1399 1619 1504 1658 eius-

62 1675 152 1715 dem
177 1675 444 1715 Constantini.

169 1728 279 1772 lbid.
310 1732 364 1768 12
387 1725 496 1772 τινὸς
527 1727 656 1776 λαοῦ]
699 1726 970 1780 praeferenda
1014 1738 1072 1765 ms
1111 1726 1256 1766 lectio:
1299 1739 1418 1777 nam,
1460 1732 1505 1767 ut

63 1785 205 1826 scribit
229 1783 521 1835 Theophanes,
561 1784 746 1823 Maruam
783 1795 809 1822 a
844 1782 1130 1833 Maurophoris
1159 1781 1291 1820 occiso
1318 1781 1402 1821 eius
1431 1783 1505 1822 filii

57 1852 110 1880 ac
137 1838 282 1892 reliqui
315 1838 459 1879 affines
488 1837 786 1878 calamitatibus
815 1836 900 1876 illis
942 1836 1178 1887 superstites
1221 1848 1273 1875 ex
1314 1836 1501 1889 Aegypto

62 1895 342 1948 migraverunt
367 1893 408 1933 in
436 1892 643 1942 Africam
688 1892 781 1932 inde
809 1903 908 1931 vero
954 1891 996 1930 in
1022 1891 1277 1943 Hispaniam,
1304 1903 1424 1944 quam
1453 1893 1507 1933 ad

62 1950 140 1990 hoc
166 1961 293 2002 usque
320 1952 474 2000 tempus
503 1950 728 1988 tenuerunt.

171 2013 280 2057 Ibid.
313 2016 377 2054 18.
434 2010 460 2064 ἧ
490 2010 563 2052 τοῦ
597 2011 732 2060 Θωμᾶ
758 2010 982 2062 α’νταρσία]
1021 2011 1071 2050 de
1099 2012 1354 2064 expeditione
1383 2013 1505 2053 Afro-

60 2082 149 2111 rum
175 2082 247 2110 seu
274 2069 454 2109 Arabum
473 2072 615 2108 contra
633 2067 796 2108 Cretam
829 2071 869 2106 et
897 2066 1053 2106 insulas
1081 2066 1505 2120 CycladasMichaele

58 2125 189 2166 Balbo
216 2126 461 2178 imperante,
492 2136 646 2163 necnon
674 2123 724 2162 de
755 2122 913 2163 Thoma
942 2126 1084 2162 contra
1111 2122 1350 2163 Michaelem
1379 2124 1502 2176 impe-

59 2181 164 2220 rium
190 2179 404 2220 affectante
431 2180 593 2218 consule
613 2180 788 2218 Leonem
809 2177 1112 2230 grammaticum
1139 2178 1182 2218 in
1210 2178 1298 2218 vita
1323 2179 1500 2219 eiusdem

59 2235 245 2288 Augusti,
273 2234 496 2276 cedrenum
523 2234 618 2274 item
648 2246 697 2274 ac
726 2233 943 2274 Zonaram.
977 2236 1152 2272 ceterum
1183 2233 1225 2272 in
1253 2233 1358 2274 hunc
1387 2236 1499 2274 Tho-

59 2302 165 2331 mam
195 2290 350 2330 iambos
376 2289 538 2341 scripsit
566 2288 753 2342 Ignatius
792 2288 1008 2337 Diaconus,
1041 2291 1182 2327 auctor
1212 2288 1387 2328 vitarum
1419 2289 1497 2330 SS.

58 2345 226 2408 :tarasii
257 2350 298 2384 et
324 2343 538 2396 Nicephori
564 2343 889 2397 patriarcharum
917 2341 1005 2394 ΟΡ,
1043 2347 1087 2382 ut
1117 2342 1245 2383 tradit
1279 2343 1429 2384 Suidas
1458 2357 1496 2385 v.

67 2394 264 2451 Ιγνάτιος.

171 2456 264 2502 105,
292 2458 332 2495 3.
397 2448 469 2491 τὸν
504 2452 549 2491 δὲ
582 2451 761 2500 Ουάλίὃ]
803 2452 951 2504 repetit
981 2452 1045 2492 hic
1083 2452 1257 2504 scriptor
1285 2457 1424 2494 noster
1454 2466 1504 2494 ea

59 2510 111 2550 de
139 2510 282 2563 quibus
309 2509 441 2561 capite
476 2508 730 2561 praecedenti
759 2508 868 2547 circa
894 2508 1012 2547 finem
1040 2507 1148 2560 egit;
1178 2514 1218 2548 et
1245 2509 1503 2562 prosequitur

62 2565 243 2606 Arabum
271 2564 494 2617 principum
524 2564 682 2603 seriem.

91 2673 117 2714 h
168 2618 347 2722 {bigvsl-
416 2613 569 2670 Ἀζήδ]
620 2618 686 2659 hic
731 2617 910 2659 Arabum
943 2617 1128 2671 princeps
1178 2618 1325 2659 dicitur
1364 2620 1502 2660 Theo-

64 2687 90 2728 p
120 2686 187 2715 am
270 2688 281 2712 1
313 2706 323 2716 .
