1780 3132
361 108 414 146 lN
455 107 826 148 SYNECDEMUM
862 107 1300 149 COMMENTARlUS.
1449 106 1543 150 533

66 228 69 230 ’
99 213 253 267 wimod»
275 214 502 256 θάλασσαν
546 213 704 257 Malana
751 216 825 269 τήν
851 218 924 259 ἐπί
949 214 1101 267 Ζώόρα
1134 214 1229 257 ’ἴδεν
1268 217 1312 257 ἐν
1353 217 1543 272 θαλάσσῃ

99 268 233 322 νῆσόν
257 285 350 310 ‘rara
387 272 540 321 χέρσον
579 272 650 312 καί
676 270 939 325 μικροτάτην.
1006 275 1110 315 adde
1140 275 1190 314 Η.
1218 274 1442 315 Relandum
1471 275 1548 314 Pa-

103 328 222 367 laest-
253 331 282 367 3
307 341 345 379 p.
371 332 489 368 1065.
1412 352 1414 354 v

106 402 109 405 ·
213 385 309 429 398,
335 386 401 423 29.
461 378 666 434 ΖΠάμψις]
707 383 800 423 aliis
834 383 995 424 Notitiis
1027 380 1245 437 Μάμψης,
1283 397 1360 439 quo
1389 383 1546 424 nomine

105 437 355 477 Ptolemaeus
391 439 603 478 Idumaeae
645 439 783 479 urbem
826 439 879 479 ad
919 440 1104 480 Iordanis
1134 453 1316 482 occasum
1346 441 1545 494 agnoscit,

105 490 227 541 Mam
256 498 389 533 tamen
422 493 616 533 scribens.
1215 507 1221 513 ·

215 557 324 599 Ibid.
383 558 607 609 Βιταροῦς]
653 557 693 598 in
722 559 800 599 lae.
848 559 974 600 Goari
1017 560 1178 601 Notitiis
1213 558 1468 611 Βιροσάμων
1505 567 1544 600 et

105 609 354 663 Βιροσάβων
383 614 460 653 hac
490 613 531 653 in
548 613 757 666 provincia
787 620 1041 664 recensetur;
1075 628 1176 669 quae
1205 617 1300 656 mihi
1326 629 1453 670 aeque
1483 621 1544 655 est

105 669 288 708 obscura.
308 669 481 708 fortasse
502 668 630 708 nostri
647 667 859 717 Βιταροῦς
874 675 934 709 est
950 670 1124 710 Notitiae
1143 671 1234 724 imp.
1251 670 1402 711 Orient.
1416 684 1448 709 c.
1465 674 1543 711 145

105 723 294 773 Bethora,
311 735 413 776 quae
427 724 499 763 sub
511 723 773 775 dispositione
790 725 902 764 ducis
915 725 1091 765 Arabiae
1106 728 1398 778 praefecturam
1415 726 1544 778 legio-

105 778 168 818 nis
195 783 366 830 quartae
394 779 567 818 Martiae
595 778 739 826 babet;
770 791 957 831 quorsum
992 785 1031 819 et
1054 781 1326 821 Gotbofredus
1365 781 1543 834 eleganti

105 832 336 873 coniectura
360 834 388 874 l.
422 836 475 873 15
501 847 533 873 c.
556 834 632 874 Th.
649 833 698 872 de
726 833 895 886 Erogat.
941 836 1103 875 militar.
1134 838 1271 876 refert.
1331 841 1401 876 aut
1433 840 1542 875 certe

103 888 216 928 vicus
243 888 454 929 Idumaeae
470 884 650 939 Βητάρις
678 889 785 940 apud
813 890 1022 942 loseplnun
1051 890 1095 931 B.
1125 892 1209 931 lud.
1240 895 1265 931 4
1292 895 1320 932 8
1349 891 1372 943 §
1405 896 1451 937 1;
1482 895 1542 931 at-

104 954 182 997 que
210 943 284 982 boc
313 943 473 993 malim,
515 943 591 983 etsi
631 943 797 983 Rufinus
838 945 959 985 aliter
1002 946 1152 999 legisse
1180 948 1387 987 videatur:
1415 957 1542 999 neque

103 998 207 1039 enim
235 1003 400 1050 praeter
426 1011 574 1039 morem
603 998 646 1038 id
676 998 833 1040 accidit.
874 1031 880 1041 .

153 1061 158 1066 ’
215 1061 324 1105 Ibid.
381 1063 563 1113 Έλοῦσα]
592 1064 724 1117 posita
755 1065 830 1105 fuit
853 1066 895 1106 in
925 1067 1107 1118 partibus
1134 1068 1282 1109 veteris
1296 1067 1540 1115 Moabitidis,

102 1122 206 1159 teste
232 1119 475 1170 Hieronymo
506 1121 547 1160 in
576 1121 686 1160 Esai.
718 1133 752 1160 c.
770 1124 844 1170 15;
875 1122 986 1162 urbis
1017 1123 1193 1176 episcopi
1220 1136 1341 1176 saepe
1370 1123 1411 1163 in
1442 1135 1538 1163 con-

103 1174 210 1215 ciliis
238 1175 348 1215 obvii
374 1179 478 1225 sunt,
507 1179 546 1215 et
573 1175 624 1216 ab
656 1176 702 1216 Η.
737 1177 922 1216 Relando
952 1178 1152 1218 recensiti.

212 1238 320 1281 Ibid.
376 1235 565 1290 Σάλτωιι]
596 1243 710 1283 deest
745 1242 917 1296 aliquid:
952 1244 1056 1283 solet
1092 1245 1273 1292 saltibus,
1307 1256 1471 1297 quorum
1499 1244 1541 1283 in

103 1295 322 1347 provinciis
350 1296 538 1347 meminit,
568 1298 719 1338 addere
745 1298 895 1349 titulos,
930 1303 973 1338 ut
987 1306 1295 1351 cognoscantur.
1314 1301 1393 1340 Iac.
1412 1299 1539 1339 Goari

103 1350 258 1391 Notitia
287 1346 445 1389 Σάλτον
469 1346 700 1402 Ἱερατικὸν
727 1354 930 1406 appellat,
961 1355 1064 1407 quod
1097 1367 1233 1394 verum
1262 1355 1431 1394 videtur.

211 1421 307 1466 399,
327 1421 362 1457 1.
419 1413 500 1454 ὑπὸ
530 1414 840 1469 κονσουλιίριον]
873 1420 950 1459 fuit
979 1420 1132 1460 Arabia
1158 1419 1385 1460 Constantii
1415 1420 1540 1471 impe-

103 1473 254 1513 ratoris
284 1476 463 1525 tempore
493 1474 764 1525 praesidialis,
793 1481 837 1514 ut
865 1487 916 1515 ex
943 1475 970 1514 l.
988 1479 1016 1515 3
1045 1488 1078 1514 c.
1109 1477 1185 1515 Tb.
1214 1476 1264 1515 de
1292 1475 1435 1515 Poenis
1467 1488 1539 1527 ap-

103 1533 243 1580 paret:
268 1523 407 1568 babuit
436 1533 648 1580 praeterea
678 1530 827 1580 ducem,
856 1530 922 1582 qui
956 1531 1013 1570 rei
1042 1530 1229 1570 militaris
1246 1542 1382 1570 curam
1412 1530 1539 1570 admi-

102 1584 310 1623 nistraret.
368 1583 418 1623 ab
444 1595 489 1622 eo
519 1596 615 1624 vero
646 1597 732 1624 cum
762 1597 925 1636 praeses
944 1586 1148 1637 penderet,
1168 1586 1327 1626 tandem
1344 1585 1420 1624 soli
1449 1584 1537 1623 duci

102 1638 257 1679 Arabia
286 1641 347 1677 est
374 1639 593 1679 commissa.
650 1640 837 1679 docemur
878 1640 977 1680 baec
1006 1653 1031 1680 a
1059 1641 1279 1680 Iustiniauo
1310 1641 1411 1680 Nov.
1445 1644 1534 1678 102.

103 1697 201 1734 erat
227 1693 335 1733 enim
354 1725 363 1739 ,
395 1693 541 1746 inquit,
570 1696 634 1734 ita
664 1697 779 1735 tenui
804 1699 1023 1748 potestate
1050 1695 1276 1748 praeditus
1304 1697 1344 1735 is
1372 1696 1442 1748 qui
1474 1696 1535 1733 ci-

103 1747 179 1789 vili
207 1750 463 1800 mayistram
506 1748 838 1803 defnnyebatar‚
871 1754 917 1790 ut
950 1752 991 1790 ei
1036 1752 1105 1805 qai
1134 1753 1361 1802 praeesset
1401 1750 1536 1788 armis

102 1802 258 1845 servili
285 1804 586 1856 propemodum
616 1817 732 1846 more
751 1807 1097 1858 manciparetur,
1127 1808 1170 1845 et
1196 1808 1241 1845 in
1269 1803 1392 1845 anus
1422 1802 1536 1844 arbi-

103 1860 190 1900 trio
219 1857 344 1899 haias
370 1859 495 1900 salus
523 1864 642 1901 esset
660 1862 819 1914 posita,
840 1865 914 1901 ant
929 1864 976 1900 ut
992 1873 1044 1900 ne
1060 1863 1179 1900 esset
1209 1859 1375 1914 quidem
1402 1860 1534 1898 omni-

102 1926 157 1955 no
183 1913 254 1954 hic
281 1911 590 1966 mayistratus;
633 1916 741 1956 unde
767 1916 874 1956 adeo
913 1919 956 1956 et
989 1915 1155 1967 lonyam
1185 1919 1351 1967 tempus
1380 1918 1448 1954 est
1476 1925 1535 1953 ear

105 1981 187 2023 qno
216 1971 259 2009 is
290 1968 484 2021 desierit,
515 1974 559 2010 et
586 1971 793 2011 militaris
822 1982 875 2011 ea
902 1982 1009 2025 qaae
1040 1969 1207 2010 civilem
1238 1971 1536 2022 mayistratam

103 2028 367 2065 concernunt
394 2029 587 2079 perayat.
646 2027 749 2066 idem
771 2026 922 2066 Notitia
949 2026 1041 2077 imp.
1077 2026 1227 2065 Orient.
1258 2038 1290 2064 c.
1323 2029 1369 2074 1,
1400 2024 1538 2063 ducem

103 2079 263 2133 quidem
295 2079 484 2131 Arabiae,
515 2094 706 2135 nusquam
748 2081 971 2134 praesidem
1002 2085 1072 2120 aut
1100 2081 1364 2129 consularem,
1394 2079 1471 2118 nisi
1501 2092 1535 2118 c.

102 2137 196 2186 145,
226 2135 293 2175 ubi
321 2136 403 2176 dux
431 2141 471 2176 et
486 2149 650 2188 praeses
679 2137 747 2190 qui
775 2141 868 2176 ante
901 2136 983 2175 dux
1000 2139 1165 2183 tantum,
1194 2147 1432 2181 memorans,
1463 2133 1534 2172 ad-

102 2191 246 2230 firmat.
302 2190 438 2243 itaque
470 2192 631 2232 dubium
663 2204 750 2231 esse
770 2204 850 2230 non
876 2195 1009 2242 potest
1039 2191 1133 2242 quin
1162 2190 1226 2230 bic
1257 2201 1374 2229 error
1402 2189 1466 2237 sit,
1497 2193 1538 2227 et

101 2245 144 2286 in
171 2246 395 2286 consularis
424 2247 552 2287 locum
582 2248 665 2286 dux
692 2246 906 2286 succedere
935 2246 1092 2285 debeat.

210 2309 319 2353 Ibid.
349 2315 388 2352 2.
444 2309 632 2360 Βόστρα]
663 2311 895 2364 provinciae
917 2311 1149 2362 metropolis
1183 2315 1283 2351 erat.
1342 2309 1538 2349 Eusebius

101 2366 144 2406 in
173 2365 336 2415 Βοσόρε
381 2359 486 2416 αὕτη
517 2365 608 2404 ἐστί
632 2364 831 2417 Βόστρα,
872 2363 896 2416 ἡ
927 2365 998 2403 νῦν
1033 2362 1280 2415 μητρόπολις
1310 2364 1382 2414 τῆς
1413 2363 1538 2409 Ἀμα-

102 2418 210 2469 βιάς.
241 2421 345 2461 adde
375 2422 788 2474 concilnchalcedon.
820 2435 856 2473 p.
873 2425 966 2461 676.
995 2422 1172 2460 Isidorus
1201 2421 1326 2472 (apud
1355 2419 1535 2458 Pliotium

103 2489 142 2527 p.
161 2475 286 2526 1060)
315 2476 464 2515 Bostra
495 2478 660 2524 οίστρον
687 2475 757 2525 τῆς
783 2471 894 2526 βοός,
932 2477 1045 2528 quasi
1077 2477 1118 2514 lo
1152 2475 1190 2515 in
1227 2488 1389 2514 vaccam
1421 2485 1539 2512 versa

103 2543 247 2570 nomen
276 2531 367 2572 urbi
397 2531 560 2580 fecerit,
588 2535 732 2570 notare
765 2535 906 2571 auctor
943 2536 1016 2579 est,
1047 2532 1117 2570 scd
1150 2543 1316 2570 errans:
1347 2536 1408 2568 cst
1437 2530 1538 2568 enim

103 2591 243 2633 πηκι,
285 2597 362 2639 quo
400 2586 573 2628 Hebraei
611 2591 651 2626 et
688 2586 844 2627 vicinae
887 2590 1028 2641 gentes
1071 2587 1201 2628 locum
1238 2585 1424 2626 munitum
1471 2584 1539 2622 de-

105 2640 294 2683 scribunt.
