1780 3132
311 163 386 206 DE
419 161 885 206 ADMINISTRANDO
919 162 1157 207 IMPERIO
1193 163 1304 207 CAP.
1332 166 1397 207 13.
1523 162 1587 208 85

122 277 334 334 ἐκκλησίας
356 275 460 334 ἀρὰς
481 276 729 333 ἐγγραφῆναι
747 275 984 330 πεποίηκεν,
1014 275 1084 317 ‘lm
1105 273 1126 318 ὃ
1149 275 1192 318 ἔκ
1211 279 1285 318 τοῦ
1302 272 1486 318 τοιούτου
1507 291 1586 318 πυ-

118 347 195 406 ρὸς
227 348 283 397 εἷς
311 345 444 402 ἕτερον
466 343 585 394 ἕθνος
608 346 748 386 δοῦναι
768 342 976 398 τολμήσας
994 342 1096 400 μήτε
1115 344 1363 402 Χριστιανὸς
1385 342 1586 399 ὀνομάζη-

121 433 190 460 ται
219 413 320 471 μήτε
350 415 465 465 ἀξίας
492 413 600 463 τινὸς
625 411 651 467 ἢ
681 412 809 469 ἀρχῆς
838 412 1045 464 ἀξιοῦται,
1082 413 1176 455 ἀλλ’
1208 413 1251 455 εἴ
1273 430 1362 455 τινα
1389 414 1457 455 καὶ
1485 412 1587 468 ἔχων

122 482 248 541 τύχῃ,
281 484 349 526 καὶ
379 481 458 524 ἀπὸ
491 480 641 536 ταύτης
670 479 915 535 ἑκβάλληται
939 483 1005 523 καὶ
1029 483 1084 531 εἷς
1106 484 1234 524 αἰῶνα
1257 480 1414 524 αῗώνων
1433 482 1587 524 ἀναθε-

87 554 335 608 5ματίζηται
363 552 431 594 καὶ
461 550 890 607 παραδειγματίζηται,
927 549 1003 592 εἴτε
1029 550 1222 604 βασιλεὺς
1241 550 1316 593 εἴτε
1335 548 1589 608 πατριάρχης

122 621 199 664 εἴτε
215 638 276 671 τις
292 619 415 670 ἄλλος
433 616 517 669 οἷος
533 613 604 661 οὖν
620 617 840 675 ἄνθρωπος
857 618 932 661 εἴτε
950 618 1086 676 ἄρχων
1104 619 1179 661 εἴτε
1198 618 1421 676 ἀρχόμενος
1435 617 1586 675 τυγχά-
1610 620 1638 653 Ρ
1662 621 1706 656 65

115 707 183 733 vot
203 687 225 733 ὃ
241 689 315 745 τὴν
332 686 521 743 τοιαύτην
539 686 703 742 ἐντολὴν
720 688 985 747 παραβαίνειν
1000 687 1257 744 πειρώμενος.
1306 690 1372 730 καὶ
1390 688 1588 746 προυτρέ-

120 771 233 814 ψατο
252 756 406 807 πάντας
423 756 519 806 τοὺς
535 757 653 809 ζῆλον
672 757 738 798 καὶ
757 754 889 814 φόβον
907 760 1012 799 θεοῦ
1030 755 1194 811 ἔχοντας
1211 755 1266 807 ὥς
1286 755 1418 799 κοινὸν
1436 756 1589 814 ἐχθρὸν

119 829 188 870 καὶ
220 823 463 883 παραβάτην
488 829 561 880 τῆς
587 823 764 881 μεγάλης
790 823 941 881 ταύτης
973 826 1134 880 ἐντολῆς
1161 826 1232 868 τὸν
1258 830 1415 868 τοιοῦτο
1441 826 1588 881 ἐπιχει-

65 905 112 941 10
122 899 272 952 ροῦντα
303 900 430 937 ποιεῖν
460 894 636 950 ἀναιρεῖν
661 893 898 946 σπουδάζειν
918 895 984 936 καὶ
1006 895 1171 952 ἓκτίστῳ
1192 898 1250 952 τῷ
1268 898 1434 952 χαλεπῷ
1452 911 1588 950 παρα-

116 964 351 1018 πέμπεσθαι
380 961 566 1021 θανάτῳ.
634 963 783 1018 συνέβη
806 963 852 1005 δέ
871 980 967 1006 ποτε
986 967 1059 1017 τῆς
1078 964 1220 1013 κακίας
1238 963 1299 1005 ἀεὶ
1318 961 1460 1020 χώραν
1480 961 1589 1019 εὕρι-

119 1030 296 1088 σκούσης
318 1031 408 1075 τινὰ
437 1035 518 1074 τῶν
543 1029 749 1088 ἡμετέρων
776 1036 1034 1089 στρατηγῶν,
1070 1033 1182 1087 δῶρα
1203 1029 1316 1087 παρά
1335 1048 1455 1073 τινων
1475 1032 1589 1074 ε’θνι-

118 1106 200 1144 κῶν
219 1100 441 1156 πάμπολλα
462 1098 679 1157 εἰληφότα,
714 1102 960 1155 μεταδοῦναι
982 1100 1119 1150 αὗτοῖς
1141 1102 1184 1143 ἐκ
1206 1105 1280 1143 τοῦ
1300 1098 1486 1143 τοιούτου
1508 1118 1589 1142 πυ-

97 1162 218 1227 ρός,
262 1171 331 1212 καὶ
360 1169 419 1224 μὴ
451 1168 691 1223 ἀνεχομένου
723 1173 798 1211 τοῦ
827 1173 930 1211 θεοῦ
963 1169 1220 1224 ἀνεκδίκητον
1250 1172 1482 1211 καταλιπεῖν
1514 1169 1588 1223 τὴν

63 1248 108 1286 15
118 1235 374 1295 παράβασιν,
411 1238 451 1280 ἓν
472 1241 530 1295 τῷ
548 1238 705 1292 με’λλειν
726 1237 850 1280 αὐτὸν
871 1239 912 1281 ἓν
931 1242 983 1296 τῇ
1006 1235 1100 1298 ἁγίᾳ
1119 1241 1193 1280 τοῦ
1212 1241 1316 1280 θεοῦ
1341 1237 1500 1280 εἰσιέναι
1521 1237 1588 1279 ἔκ-

116 1307 264 1367 κλησίᾳ
289 1310 371 1363 πῦρ
401 1306 444 1347 ἐκ
469 1309 543 1348 τοῦ
570 1305 747 1362 οὐρανοῦ
773 1306 975 1348 κατελθὸν
1000 1311 1144 1349 τοῦτον
1169 1307 1370 1362 κατέφαγε
1395 1307 1462 1347 καὶ
1488 1304 1589 1361 ἀνή-

115 1377 256 1418 λωσεν.
324 1375 392 1417 καὶ
426 1374 505 1416 ἀπὸ
536 1372 624 1417 τότε
657 1372 790 1431 φόβος
817 1375 943 1430 με’γας
965 1376 1030 1416 καὶ
1054 1372 1205 1431 τρόμος
1227 1376 1268 1416 ἒν
1291 1381 1379 1424 ταῖς
1401 1372 1588 1417 ἁπάντων

115 1443 279 1498 ἔνετέθη
306 1449 487 1498 ψυχαῖς,
530 1444 595 1485 καὶ
627 1442 758 1485 οὐκέτι
792 1443 924 1494 οὐδεὶς
953 1447 1025 1485 τοῦ
1056 1447 1226 1495 λοιποῦ,
1270 1442 1361 1485 οῦτε
1394 1442 1589 1497 βασιλεὺς

116 1511 210 1555 οὔτε
240 1511 396 1569 ἅρχων,
431 1510 520 1554 οῦτε
555 1509 718 1566 ἲὸἰώτης
747 1511 835 1555 οὔτε
864 1511 1111 1569 στρατηγός,
1147 1511 1238 1554 οὕτε
1270 1509 1355 1562 οἷος
1384 1507 1454 1554 οὖν
1483 1510 1588 1562 ὅλως

57 1579 340 1638 Ξοόίνθρωπος
355 1578 630 1635 κατετόλμησέ
646 1597 683 1622 τι
702 1586 884 1623 τοιοῦτον
899 1582 1200 1637 ἐνθυμηθῆναι,
1218 1579 1315 1636 μήτε
1334 1598 1377 1637 γε
1398 1582 1464 1623 καὶ
1483 1579 1587 1639 ἔργῳ

114 1648 362 1707 ἐπιχειρῆσαι
380 1653 546 1704 ποιῆσαι
565 1647 592 1703 ’ἢ
614 1647 937 1706 διαπράξασθαι.

242 1718 356 1761 ,Ἀλλ’
393 1716 464 1773 ἄγε
500 1718 551 1772 δὴ
584 1716 816 1773 μετάβηθι,
853 1720 918 1761 καὶ
952 1717 1054 1775 πρὸς
1081 1718 1216 1774 ἕτερον
1249 1715 1354 1767 εἶδος
1388 1715 1586 1772 αἰτήσεως

113 1785 349 1845 παραλόγου
378 1787 445 1828 καὶ
476 1785 680 1843 ἀπρεποῦς
707 1788 914 1845 εὐπρεπεῖς
941 1788 1007 1829 καὶ
1038 1783 1290 1843 ἁρμόζοντας
1312 1783 1458 1842 λόγους
1482 1786 1585 1828 ἀνα-

203 1882 227 1916 9
250 1881 365 1916 τοῦτο
387 1881 564 1916 Mem-sins
707 1885 750 1918 10
774 1881 876 1922 ἕκτος
898 1882 947 1927 P,
974 1878 1092 1920 εὐθύς
1114 1880 1305 1916 Meursius.
1354 1893 1398 1914 an
1425 1877 1583 1926 ἐχθίστω

203 1926 262 1962 vel
285 1927 475 1974 οἰκτίστῳ,
499 1927 636 1963 omissis
658 1928 709 1974 τῷ
733 1928 907 1974 χαλεπῷῒ
1046 1927 1093 1961 22
1114 1925 1209 1961 ἀλλά
1230 1938 1270 1971 γε
1293 1926 1397 1971 vulgo

109 2005 269 2051 curavit,
304 2011 343 2041 ut
375 2007 437 2051 qui
470 2019 515 2042 ex
545 2006 739 2042 huiusmodi
771 2006 854 2050 igne
886 2004 963 2039 aliis
993 2005 1158 2050 gentibus
1186 2006 1269 2039 dare
1293 2006 1582 2051 praesumpserit,

109 2065 156 2088 ne
187 2052 409 2087 Christianus
441 2053 581 2099 quidem
612 2061 759 2088 vocetur
790 2063 902 2095 neque
926 2051 1098 2094 dignitate
1131 2051 1248 2096 aliqua
1285 2051 1342 2085 vel
1377 2053 1580 2096 magistratu
1621 2056 1625 2061 '

109 2099 237 2143 dignus
259 2098 452 2144 habeatur,
487 2100 550 2134 sed
575 2104 611 2134 et
636 2101 667 2134 si
690 2110 790 2145 quem
815 2104 935 2132 teneat
959 2099 1004 2131 ab
1027 2097 1085 2131 illo
1109 2097 1318 2141 deiiciatur,
1346 2102 1381 2131 et
1404 2098 1441 2131 in
1465 2099 1584 2132 secula

110 2143 304 2180 seculorum
327 2146 549 2180 anathemate
572 2146 722 2180 feriatur
743 2150 780 2179 et
802 2143 1025 2186 traducatur,
1057 2143 1134 2178 sive
1156 2143 1347 2189 imperator
1369 2143 1446 2178 sive
1470 2144 1583 2189 patri-

111 2190 220 2226 archa
241 2190 318 2224 sive
339 2191 428 2226 alius
452 2192 643 2238 quispiam,
679 2191 757 2226 sive
789 2190 954 2236 princeps
976 2189 1053 2223 sive
1077 2189 1236 2224 subditus
1259 2189 1386 2234 fuerit,
1423 2191 1484 2235 qui
1511 2191 1583 2224 tale

110 2242 336 2283 praeceptum
369 2237 503 2272 violare
537 2249 725 2283 aggressus
756 2237 885 2277 fuerit3
920 2246 1108 2280 omnesque
1132 2235 1209 2270 zelo
1237 2242 1274 2270 et
1295 2236 1420 2270 timore
1442 2236 1500 2270 dei
1524 2237 1580 2270 in-

109 2288 265 2318 structos
297 2283 455 2318 hortatus
488 2289 543 2319 est
574 2290 614 2319 ut
642 2284 745 2319 talem
769 2282 941 2317 hominem
962 2287 1127 2326 tanquam
1150 2282 1283 2316 hostem
1307 2281 1481 2327 publicum
1506 2294 1580 2316 ma—

107 2328 241 2374 gnique
262 2328 363 2363 huius
385 2329 565 2376 praecepti
586 2335 880 2375 transgressorem
904 2329 948 2362 de
970 2328 1085 2362 medio
1109 2327 1185 2362 tolli
1206 2333 1369 2372 satagant
1391 2328 1580 2373 statimque

108 2375 188 2410 dira
211 2380 323 2409 morte
344 2375 516 2411 afficiant.
562 2376 692 2411 accidit
715 2381 828 2410 autem
853 2374 1052 2419 aliquando,
1074 2373 1206 2408 malitia
1227 2386 1364 2419 semper
1386 2373 1498 2408 locum
1522 2375 1577 2408 in-

109 2420 296 2466 veniente,
323 2420 471 2466 aliquem
494 2434 514 2456 e
537 2421 682 2457 ducibus
706 2421 856 2463 nostris,
883 2420 1037 2466 acceptis
1059 2419 1238 2463 gentilium
1263 2421 1476 2465 quorundam
1501 2432 1577 2454 mu-

107 2466 253 2501 neribus
283 2467 565 2513 quamplurimis,
599 2469 691 2503 hunc
722 2468 810 2513 ipsis
841 2466 956 2511 ignem
983 2466 1188 2500 tradidisse:
1222 2471 1259 2500 at
1280 2466 1347 2500 deo
1372 2466 1439 2500 hoc
1463 2466 1578 2500 scelus

106 2511 254 2547 inultum
286 2524 356 2547 non
386 2512 625 2559 relinquente,
662 2525 737 2548 cum
763 2518 917 2548 sanctam
942 2512 1000 2546 dei
1022 2511 1203 2547 ecclesiam
1225 2512 1446 2556 ingressurus
1471 2517 1577 2556 esset,

105 2558 200 2603 ignis
233 2558 379 2593 caelitus
401 2559 563 2604 delapsus
583 2561 697 2607 ipsum
722 2558 910 2594 devoravit
933 2564 970 2593 et
991 2558 1193 2604 absumpsit.
1242 2558 1323 2593 hinc
1357 2563 1469 2593 metus
1502 2563 1577 2592 tre-

106 2615 252 2649 morque
273 2616 418 2649 magnus
441 2605 573 2640 animos
596 2607 744 2641 omnium
767 2605 918 2645 invasit3
944 2610 979 2639 et
999 2605 1066 2639 iam
1090 2605 1174 2639 inde
1198 2616 1319 2647 nemo,
1343 2605 1401 2639 vel
1422 2605 1576 2650 impera-

106 2654 166 2685 tor
195 2649 255 2684 vel
285 2651 406 2696 prince
432 2663 449 2685 s
471 2651 529 2685 vel
551 2653 712 2698 privatus
736 2651 793 2686 vel
817 2650 960 2685 militiae
982 2651 1181 2697 praefectus
1208 2650 1266 2685 vel
1290 2651 1376 2685 alius
1403 2650 1575 2696 quispiam

105 2695 314 2741 mortalium,
336 2696 397 2742 qui
441 2696 553 2732 simile
576 2699 613 2733 in
636 2699 784 2734 animum
807 2697 986 2742 inducere,
1007 2697 1185 2743 multoque
1205 2697 1317 2732 minus
1338 2708 1411 2731 rem
1431 2695 1577 2742 aggredi

105 2746 169 2777 aut
191 2743 362 2788 perficere
383 2754 488 2777 ausus
506 2748 574 2779 est.

199 2788 328 2823 Verum
353 2789 397 2823 ad
418 2788 522 2824 aliam
545 2789 727 2836 petitionis
749 2788 902 2835 speciem
927 2793 1107 2833 transeas,
1131 2801 1217 2824 sane
1240 2787 1514 2823 irrationabilem
1541 2793 1578 2821 et

106 2833 326 2878 indecoram3
351 2846 394 2870 ac
415 2842 662 2882 congruentem
685 2836 940 2881 honestamque
954 2835 1216 2882 responsionem
1239 2834 1419 2880 excogites
1441 2838 1478 2868 et
1498 2833 1576 2868 edi-
