1780 3132
194 187 249 229 ΙΝ
275 185 630 229 CONSTANTINI
658 185 855 226 PORPH.
875 184 974 224 Llss.
999 181 1073 222 DE
1097 179 1229 222 ΑΒΜ.
1259 180 1366 222 lMP.
1409 171 1523 220 337.

69 313 163 343 usos
190 300 326 350 fuisse,
354 299 449 340 mihi
478 300 635 353 quidem
663 311 743 340 non
773 297 990 351 probatum
1022 295 1168 350 quippe
1197 294 1243 335 S.
1273 292 1506 342 Hieronymi

68 355 330 410 testimorium
371 356 475 407 quod
512 357 691 408 profert,
720 366 802 394 non
832 353 882 392 de
908 353 993 393 alia
1033 352 1178 402 lingua
1204 361 1320 402 quam
1349 349 1398 388 de
1426 349 1506 388 La-

71 412 156 452 tina
184 410 488 462 intelligendum
517 414 590 459 est,
621 414 665 448 ut
693 408 875 461 pluribus
906 407 985 447 viri
1008 406 1115 446 docti
1143 405 1379 457 probarunt.
1434 414 1506 442 ne-

71 477 148 519 que
177 463 364 505 audiendi
393 469 485 504 sunt
513 465 578 517 qui
606 465 655 504 de
679 463 830 515 linguis
852 466 891 502 et
917 474 1054 502 earum
1083 459 1307 512 originibus
1336 456 1508 510 scripse-

69 525 186 560 runt:
219 532 344 572 opera
375 519 518 572 quippe
547 520 621 559 illa
651 518 772 571 nugis
803 517 926 570 plena
953 528 1041 556 esse
1062 515 1275 567 comperio.
1333 519 1509 554 ceterum

71 575 166 615 licet
184 574 380 627 Ragusini
409 575 517 614 cives
540 574 649 614 circa
679 573 927 614 undecimum
953 571 1128 611 seculum
1159 570 1214 609 uti
1236 569 1401 619 Illyrica
1429 569 1509 608 lin-

71 643 155 683 gua
186 633 413 681 coeperunt,
443 642 523 668 non
562 633 695 669 tamen
721 640 746 668 a
786 627 926 668 Slavis
956 626 1052 666 urbs
1079 624 1289 676 Ragusina
1317 626 1513 674 occupata

74 685 162 734 fuit,
191 697 280 725 cum
309 685 360 725 ab
386 683 546 737 origine
579 695 653 724 sua
681 683 777 723 urbs
806 683 880 722 illa
901 692 1058 732 semper
1085 680 1216 720 libera
1244 692 1292 719 ac
1320 679 1383 719 sui
1410 678 1509 718 iuris

74 739 208 790 fuerit,
236 739 295 779 uti
323 751 375 780 ex
386 737 734 792 Porphyrogenito
762 737 884 777 facile
913 735 1054 788 colligi
1077 739 1210 788 potest
1237 738 1278 773 et
1304 746 1379 774 nos
1405 733 1514 773 infra.

77 794 376 835 adnotabimus.

185 862 282 908 128,
313 861 376 900 14.
442 855 513 896 ἐπὶ
538 854 734 908 Μιχαὴλ]
772 857 822 896 de
867 855 943 896 hac
987 855 1210 895 defectione
1238 855 1517 894 Dalmatarum

83 913 156 954 sub
183 914 380 954 Michaele
410 912 537 954 Balbo
565 914 743 966 loquitur
779 917 819 952 et
852 911 1106 950 continuator
1134 908 1447 950 Combefisianns
1477 923 1516 961 p.

81 971 149 1010 52.
207 981 344 1009 verum
386 969 482 1009 urbs
519 968 766 1021 Ragusinum
804 978 1004 1019 nunquam
1033 967 1212 1005 Romano
1240 964 1407 1016 imperio
1442 977 1518 1016 pa-

81 1024 176 1074 ruit,
204 1024 274 1064 sed
303 1023 355 1064 ab
383 1023 474 1076 ipsa
505 1022 567 1062 sui
596 1022 756 1076 origine
792 1032 949 1073 semper
990 1020 1120 1060 libera
1158 1020 1241 1059 suis
1268 1019 1426 1071 legibus
1456 1031 1518 1058 re-

83 1079 283 1132 gebatur3
327 1079 433 1131 quod
473 1077 628 1131 quidem
666 1077 786 1118 facile
818 1075 1009 1129 cognosci
1051 1078 1183 1127 potest
1222 1086 1274 1116 cx
1303 1075 1391 1126 ipso
1420 1074 1520 1114 Por-

83 1134 365 1187 phyrogenito.

194 1196 302 1240 Ibid.
334 1200 400 1238 22.
474 1194 675 1245 ζουπάνος
704 1196 966 1249 scriptoribus
996 1194 1151 1235 Latinis
1182 1206 1389 1247 zupzmus,
1419 1207 1522 1248 zup-

84 1265 224 1307 pamts
257 1258 297 1293 et
324 1252 527 1306 lupanas.
585 1252 765 1304 dignitas
794 1252 898 1303 apud
934 1250 1096 1290 slavos.
1154 1250 1246 1289 vide
1273 1251 1329 1290 lo.
1359 1251 1524 1291 Lucium

84 1309 136 1349 de
166 1310 214 1350 R.
255 1309 387 1349 Dalm.
433 1312 473 1347 et
502 1306 569 1348 Cr.
611 1320 766 1347 necnon
806 1310 924 1346 notas
961 1305 1160 1358 Ducangii
1201 1304 1245 1344 in
1286 1305 1524 1346 Alexiadem

103 1473 107 1476 ,
197 1434 289 1479 129,
320 1433 358 1470 2.
424 1426 494 1466 ἐπὶ
525 1426 570 1466 δὲ
618 1424 858 1478 Βασιλειόυ]
894 1426 1091 1478 plurimae
1129 1425 1345 1465 Slavorum
1384 1429 1527 1477 gentes

87 1486 349 1538 baptizantur
377 1484 598 1535 imperante
622 1481 775 1521 Basilio
803 1481 1036 1521 Macedone.
1094 1480 1187 1520 vide
1216 1481 1434 1532 scriptores
1461 1482 1525 1533 qui

87 1553 154 1580 res
180 1541 294 1580 huius
324 1538 580 1590 imperatoris
612 1538 827 1576 memoriae
857 1536 1133 1587 prodiderunt,
1162 1548 1317 1575 necnon
1347 1537 1527 1576 libellum

88 1609 159 1636 seu
185 1597 452 1648 fragmentum
495 1593 544 1631 de
572 1593 791 1632 Russorum
831 1591 882 1631 ad
925 1591 1040 1630 sidem
1070 1590 1221 1630 Christi
1250 1591 1528 1639 conversione,

12 1659 15 1662 “
87 1651 194 1704 quod
225 1662 278 1690 ex
302 1649 438 1688 codice
465 1660 524 1687 ms
553 1646 786 1688 Colbertino
813 1646 922 1686 infra
950 1646 1204 1698 proferimus,
1234 1657 1321 1685 cum
1348 1646 1398 1685 de
1424 1647 1528 1686 Rus-

87 1706 144 1746 sis
171 1718 221 1746 ac
247 1704 395 1744 Russia
425 1703 595 1755 agimus.

197 1768 306 1811 lbid.
337 1771 403 1808 14.
461 1768 536 1816 Qui
567 1766 915 1818 Porphyrogenito
944 1761 1179 1813 Ἀρεντανοί
1205 1765 1475 1817 appellantur,
1504 1777 1530 1804 a

91 1825 275 1867 cedreno
301 1820 512 1862 Ῥεντανοί
536 1826 747 1865 vocantur.
781 1822 831 1861 cf.
860 1821 970 1860 infra
999 1824 1065 1860 36.

196 1888 307 1931 Ibid.
340 1889 406 1927 15.
475 1884 546 1924 καί
578 1882 656 1935 γὰρ
699 1882 922 1933 Παγανοί]
968 1885 1071 1924 hanc
1107 1885 1234 1936 ipsam
1264 1896 1348 1924 rem
1384 1885 1533 1936 repetit

88 1943 460 1997 Porphyrogenitus
492 1942 674 1994 pluribus
710 1941 821 1980 infra
851 1953 885 1979 c.
918 1944 993 1989 36,
1023 1940 1091 1979 ubi
1119 1941 1169 1978 de
1199 1940 1429 1979 Arentauis.
1487 1945 1532 1979 at

89 2001 248 2041 fallitur
290 2010 377 2038 eum
412 1998 477 2037 hic
516 2001 599 2036 tum
627 1996 696 2043 ibi,
725 1996 818 2034 dum
862 1995 921 2035 ait
958 1996 1146 2046 Paganos
1181 1995 1420 2035 Sclavorum
1459 2007 1531 2034 seu

89 2055 328 2096 Sclavorum
375 2053 517 2105 lingua
555 2063 637 2090 non
668 2050 897 2102 baptizatos
939 2049 1136 2101 intelligi:
1165 2050 1311 2102 quippe
1341 2050 1532 2101 Paganus

89 2110 248 2152 Latinis
279 2107 545 2160 scriptoribus
573 2105 815 2146 Christianis
849 2104 996 2144 dicitur
1034 2103 1214 2156 yentilis
1244 2117 1315 2144 seu
1347 2103 1532 2144 idolola-

92 2169 177 2206 tra.
233 2164 326 2204 vide
361 2163 428 2202 Gl.
456 2161 558 2201 med.
592 2166 633 2201 et
663 2161 734 2200 inf.
768 2160 860 2200 Lat.
889 2159 1112 2212 Ducangii‚
1138 2159 1206 2199 ubi
1237 2160 1532 2212 quamplurima

91 2220 184 2260 loca
211 2218 507 2271 praedictorum
535 2216 577 2256 in
606 2215 778 2256 medium
806 2215 1090 2266 proferuntur;
1139 2214 1245 2253 unde
1272 2212 1394 2254 facile
1424 2215 1533 2267 quis-

90 2274 198 2327 piam
224 2266 455 2324 intelligere
484 2271 634 2323 poterit
661 2282 798 2310 vocem
839 2269 943 2309 hanc
971 2268 1158 2309 Latinam
1187 2273 1226 2308 et
1253 2282 1334 2308 non
1364 2267 1533 2309 Slavam

91 2340 194 2378 esse,
221 2327 394 2368 maxime
430 2339 517 2366 cum
544 2326 623 2366 hac
651 2337 751 2366 voce
781 2328 983 2364 nostrates
1021 2336 1102 2364 non
1131 2327 1298 2364 utantur
1324 2325 1376 2364 ad
1408 2325 1534 2364 deno-

90 2383 238 2424 tandos
266 2395 348 2422 non
375 2381 619 2443 baptizatos,
651 2391 779 2432 neque
806 2379 1020 2431 quidquam
1050 2379 1156 2430 apud
1181 2378 1290 2431 ipsos
1320 2379 1531 2432 significet.

92 2449 230 2479 verum
259 2438 371 2477 locus
409 2436 475 2475 luc
510 2433 852 2487 Porphyrogeniti
893 2433 1124 2485 ambigendi
1160 2434 1410 2474 occasionem
1450 2436 1532 2474 Du-

92 2492 238 2545 cangio
267 2490 453 2543 praebuit
480 2490 520 2529 in
549 2490 655 2529 notis
694 2490 746 2530 ad
776 2489 1034 2539 Alexiadem,
1075 2488 1142 2528 ubi
1172 2489 1228 2528 ait
1255 2489 1374 2529 Anna
1398 2486 1531 2539 “Scy-

91 2547 184 2588 thas
211 2546 449 2587 Latinorum
480 2556 591 2584 more
622 2557 691 2584 seu
726 2548 889 2596 recepto
919 2544 1087 2583 Latinos
1118 2543 1306 2584 idiomate
1338 2549 1379 2584 et
1404 2557 1530 2584 voca-

91 2601 187 2644 bulo
217 2599 416 2654 Payanos
448 2595 718 2652 appellabat.²'
772 2598 927 2650 Pagani
959 2610 1061 2648 vox,
1088 2598 1228 2651 inquit,
1262 2599 1530 2639 Slavorumne

92 2659 260 2710 propria
301 2656 422 2695 fuerit
459 2668 512 2695 an
543 2654 798 2704 Latinorum,
836 2666 889 2694 an
919 2666 1014 2693 vero
1053 2665 1140 2693 eam
1167 2654 1303 2694 Latini
1334 2667 1360 2694 a
1388 2654 1529 2694 Slavis

90 2711 312 2761 hauserint,
339 2711 427 2750 iure
464 2709 709 2750 controverti
739 2713 882 2761 potest,
912 2720 997 2751 cum
1026 2709 1150 2762 longe
1182 2714 1277 2749 ante
1309 2707 1527 2751 slavorum

189 2803 308 2836 const.
336 2801 511 2847 Porphyr.
1228 2799 1272 2832 22
