1780 3132
278 202 370 245 278
622 212 626 218 ’
726 208 1215 249 ANlMADVERSlONES

274 318 522 370 δεξιολάβοις
561 315 780 367 δυνάιιεσιν
821 319 1048 369 ἰχνηλατεῖν
1084 319 1153 357 καί
1183 315 1254 364 τὰς
1301 317 1511 371 α’τοαποιὶς
1537 319 1672 370 πάσας

270 372 671 426 κατασφαλιᾝσασθαι

378 432 440 477 18,
467 432 504 468 6.
560 427 765 477 Menippus
790 425 875 475 istc,
902 437 1012 477 quem
1041 426 1103 465 hic
1129 425 1266 466 laudat
1292 425 1667 492 Porphyrogenitus,

267 481 368 520 idem
394 484 490 520 sane
510 483 570 519 est
589 480 653 532 qui
667 481 945 542 Perganieims,
975 480 1143 519 celebris
1171 480 1241 519 ille
1269 481 1534 531 geographus,
1559 483 1669 522 cuius

265 535 409 573 mentio
452 535 622 573 occurrit
665 533 705 572 in
752 533 918 584 epitome
960 533 1199 573 Artemidori
1241 533 1420 584 Ephesii,
1453 545 1552 586 quae
1579 548 1667 576 cum

263 588 466 627 Marciano
494 587 729 627 Heracleota
759 587 865 626 edita
895 591 965 627 est.
1031 587 1204 647 Menippi
1231 587 1343 625 huius
1370 587 1562 638 periplum
1587 602 1666 626 των

264 639 313 677 ὸὲι
319 653 338 676 ο
365 637 517 677 πάντων
546 641 643 680 citat
664 641 889 702 Stephanus
916 641 955 680 in
978 634 1254 689 Ἑομώνασσα,
1275 638 1471 678 Χαὸάιιοι
1501 645 1540 680 et
1553 641 1669 680 Χαλ-

262 694 342 733 &Aa
417 695 518 733 idem
547 695 771 746 Stephanus
810 694 891 733 eius
936 694 1128 745 periplum
1171 693 1380 741 Bithyniae
1417 693 1587 735 advocat
1622 695 1664 735 in

260 744 510 798 Χαλκνὸών;
540 748 630 787 item
660 748 853 810 periplum
870 748 1167 799 Paphlagoniae
1196 748 1237 786 in
1262 744 1365 791 Τιός.
1411 750 1538 799 atque
1565 748 1666 790 idem

257 769 431 852 periphlis
460 802 644 852 signatur
663 806 704 841 in
726 795 913 851 Ἀομένη,
943 801 1083 852 quippe
1109 813 1210 853 quae
1237 800 1345 840 vicus
1363 800 1663 854 Paphlagoniae

257 866 344 893 esse
374 855 539 894 dicatur.
598 856 686 894 vide
714 856 762 893 de
791 855 986 916 Menippis
1023 855 1217 894 vossium.

362 906 468 948 lbid.
500 914 563 949 10.
619 910 672 948 At
686 909 903 948 Menander
929 909 1004 947 iste
1019 909 1223 947 Protector
1242 920 1321 947 non
1348 907 1419 947 sub
1443 907 1660 949 Iustiniana

254 962 323 1000 sed
353 963 424 1001 sub
454 962 646 1002 Mauricio
667 963 814 1009 floruit,
841 967 884 1000 ut
909 962 994 1013 ipse
1025 962 1074 999 de
1101 974 1144 1001 se
1173 965 1341 1000 testatur
1366 961 1470 1012 apud
1498 961 1661 1002 Suidam

253 1027 290 1054 v,
319 1014 578 1063 Μένανδρος.
648 1029 699 1056 ex
725 1016 839 1055 huius
868 1014 1078 1055 Menandri
1117 1015 1283 1055 historia
1310 1015 1512 1054 luculenta
1536 1014 1662 1056 habes

253 1070 475 1120 fragmenta
503 1069 542 1108 in
571 1070 832 1122 Legationum
861 1069 1036 1120 Eclogis

356 1121 462 1162 Ibid.
495 1127 558 1163 12.
622 1126 681 1163 De
727 1123 1006 1184 Cappadociae
1045 1121 1225 1161 laudibus
1263 1121 1388 1161 multa
1424 1123 1662 1163 lastinianus

249 1175 463 1226 imperator
487 1178 642 1218 Novell.
683 1179 718 1217 λ.
747 1183 864 1240 atque
892 1177 996 1215 inter
1023 1175 1105 1215 alia
1144 1175 1222 1214 ait·
1252 1174 1302 1224 γῆ
1331 1187 1374 1211 τε
1406 1174 1548 1220 αὐτοῖς
1573 1175 1663 1214 ἐστι’

247 1227 372 1277 πολλή
399 1242 443 1267 τε
477 1227 547 1267 καί
573 1228 818 1280 θαυμαστή,
856 1227 926 1266 καί
955 1223 1081 1273 ου’τως
1110 1225 1292 1277 α’ρὲσασα
1323 1227 1370 1278 τῇ
1396 1227 1584 1276 βασιλεία
1606 1227 1662 1274 ὥς

245 1296 312 1319 και
343 1279 474 1332 ἀρχήν
493 1282 710 1347 ἐπιστῆσαι
731 1287 816 1328 τοῖς
837 1282 964 1321 ἐκεῖσε
995 1279 1184 1348 κτήσεσιν
1213 1279 1331 1330 ἰδίαν,
1364 1280 1434 1330 τῆς
1461 1281 1662 1332 πολιτικνς

245 1330 373 1386 αοχῆς
404 1334 476 1373 οὐκ
504 1332 674 1385 ἐλάττω,
705 1336 861 1386 pulmon
888 1335 962 1383 μὲν
995 1328 1067 1372 ουν
1096 1347 1161 1371 και
1193 1332 1336 1382 μειζω.
1370 1334 1496 1376 anc.

351 1389 458 1430 Ihm„
491 1394 555 1431 13.
621 1392 680 1431 De
725 1390 920 1430 Cataonia
970 1388 1160 1429 videndus
1201 1391 1363 1439 praeter
1397 1388 1654 1442 geographos

245 1441 433 1482 Aemilius
461 1445 613 1483 Probus
642 1446 682 1484 in
709 1446 939 1484 Datamene

351 1496 457 1538 lbid
481 1500 544 1537 15.
600 1493 858 1549 Καισάρεια]
888 1495 1127 1536 Iustinianus
1155 1495 1372 1546 imperator
1409 1494 1660 1546 praeclarum

245 1549 337 1588 huic
356 1552 471 1590 simul
488 1556 527 1590 et
542 1550 708 1592 Caesari
737 1551 908 1602 elogium
936 1549 1076 1590 tribuit
1105 1548 1240 1588 eadem
1257 1548 1447 1588 Novella:
1476 1548 1657 1585 πολυαν-

245 1601 490 1664 θρωποτιέτη
505 1618 550 1642 τε
568 1602 647 1655 γὰρ
667 1605 903 1655 καθέστηκε,
921 1604 1047 1667 inquit
1062 1602 1111 1640 de
1122 1601 1375 1663 Cappadocia
1392 1602 1588 1666 loquens,
1591 1597 1663 1638 καί

244 1654 359 1694 πόλιν
377 1670 419 1694 τε
440 1658 666 1719 παρέχεται
691 1656 892 1719 μεγίστην,
915 1655 990 1707 τὴν
1020 1654 1092 1694 τοῦ
1093 1652 1333 1719 φιλτάτου
1336 1650 1588 1705 Kaae'oapoc‘
1567 1657 1662 1703 ημῖν

243 1722 374 1748 sucum
377 1723 464 1773 μον
480 1711 551 1750 τοῦ
569 1708 707 1755 δόντος
728 1707 872 1773 ἀρχὴν
886 1706 1060 1760 α’γαθὴν
1055 1708 1112 1774 τῇ
1132 1708 1224 1746 καθ’
1245 1705 1353 1769 ἡμᾶς
1372 1707 1591 1770 μοναρχία,
1609 1706 1662 1744 δι’

242 1775 286 1798 Ον
318 1763 360 1800 ἐν
390 1759 516 1802 ἅπασι
545 1767 630 1809 τοῖς
658 1765 730 1814 τῆς
739 1763 827 1829 γῆῒς
856 1760 1017 1802 ἔθνεσιν
1046 1757 1372 1823 θνθμασῒόΐαῒθν
1399 1773 1485 1799 son
1512 1773 1557 1799 2⁷0
1584 1772 1657 1798 ἳῦυ

242 1815 457 1866 Καίσαρος
488 1831 640 1868 ονομα,
677 1831 745 1855 και
785 1817 893 1871 ὥπερ
927 1815 1044 1867 ἡμεῖς
1074 1814 1159 1854 ἄντ’
1187 1808 1312 1853 ἄλλον
1341 1812 1450 1859 τινός
1479 1812 1560 1851 τῶν
1588 1813 1661 1862 τῆς

240 1869 451 1917 Γάσιὶειίις
477 1869 692 1920 συμβόλων
732 1857 1034 1921 aclevmdpoeaa.
1091 1868 1194 1909 hane
1233 1868 1435 1908 civitatem
1460 1865 1560 1915 μίαν
1582 1865 1660 1915 μὲν

240 1921 296 1974 τῷ
327 1923 528 1978 πεοιβόλω
558 1924 704 1974 διπλῆν
733 1924 779 1963 δὲ
809 1927 898 1970 ταῖς
925 1923 1116 1975 γνώμαις,
1145 1927 1262 1974 atque
1291 1922 1391 1962 adeo
1417 1925 1539 1961 totam
1554 1920 1659 1973 Cap-

240 1977 447 2027 padociam
475 1980 545 2019 sub
588 1991 704 2018 unum
741 1980 1023 2040 proconsulem
1052 1977 1207 2029 redegit
1232 1975 1492 2034 Iustinianus3
1533 1986 1656 2038 penes

241 2042 354 2081 quem
385 2037 490 2072 esset
508 2036 686 2085 potestas
704 2046 782 2070 των
802 2030 1028 2080 πολιτικῶν,
1055 2043 1135 2069 των
1155 2026 1456 2079 στρατιωτικῶν
1481 2040 1549 2065 και
1577 2040 1657 2065 των

239 2084 484 2134 ταμειακῶι,
514 2099 681 2138 quorum
699 2087 914 2126 officiorum
935 2084 1143 2126 distractio
1165 2084 1392 2135 frequentes
1422 2085 1541 2122 antea
1570 2081 1655 2121 dis-

239 2149 330 2177 sens
313 2139 443 2178 §iones
473 2141 685 2180 excitabat.
717 2140 844 2179 vum.

350 2198 413 2240 19
443 2199 478 2234 1.
536 2195 594 2233 Dc
623 2195 800 2234 Colonea
838 2193 1011 2245 loquitur
1041 2189 1407 2242 Porphyrogenitus
1435 2188 1543 2228 infra
1569 2187 1655 2227 the-

238 2249 342 2284 mate
372 2248 543 2297 decim03
584 2249 651 2288 ubi
679 2249 736 2287 ait
764 2248 814 2287 ab
844 2247 918 2286 hoc
954 2250 1087 2286 castro
1114 2245 1278 2284 inditum
1308 2243 1471 2282 themati
1500 2253 1652 2282 nomen.

237 2299 286 2337 V.
329 2301 495 2349 S‹ylitz.
547 2315 584 2353 p.
617 2305 710 2341 814.
785 2302 950 2340 Taxara
987 2311 1083 2339 vero
1122 2298 1368 2350 postmodum
1412 2296 1656 2348 appellatum

236 2353 360 2392 fuisse
390 2355 514 2394 tradit
539 2357 699 2395 Nicetas
727 2356 768 2395 in
794 2354 977 2393 Manuele
1008 2357 1045 2404 1,
1065 2356 1103 2392 2.

233 2459 263 2500 d
343 2405 448 2448 md.
463 2413 528 2449 21
580 2404 814 2459 Ῥοόεντοῦ]
846 2408 1025 2447 Cedreno
1051 2410 1090 2445 et
1114 2406 1383 2458 Curopalatae
1409 2405 1552 2445 dicitur
1566 2399 1652 2442 Ro-

263 2464 414 2501 antum-

341 2515 448 2556 Ιὺὲά
477 2520 543 2556 21.
600 2510 790 2567 Λούὶου]
822 2515 1002 2556 Occurrit
1034 2514 1153 2554 etiam
1179 2515 1289 2553 locus
1318 2513 1394 2552 iste
1421 2511 1525 2564 apud
1553 2520 1654 2548 eun-

235 2568 321 2607 dem
352 2570 654 2612 Constantinum
681 2571 723 2609 in
751 2570 902 2609 Basilio
935 2582 967 2608 c.
995 2572 1048 2608 32
1060 2573 1100 2608 et
1111 2572 1165 2612 35
1195 2573 1236 2606 et
1265 2567 1370 2618 apud
1398 2566 1553 2605 Annam
1574 2562 1652 2603 Co-

233 2634 412 2663 mnenam
441 2637 479 2676 p
507 2627 597 2665 411.
656 2623 861 2672 Scylitzae
890 2621 1033 2661 Λύλον
1061 2627 1234 2661 castrmn
1251 2622 1382 2660 Tarso
1410 2619 1592 2659 vicinum.

341 2675 446 2718 lbid.
477 2682 541 2718 22.
602 2674 847 2729 Ποὸενδοῦ]
881 2676 1059 2717 Cedreno
1089 2675 1359 2727 Curopalatae
1386 2686 1435 2714 ac
1463 2672 1651 2714 Zonarae
