<?xml version="1.0" encoding="UTF-8"?>
<!DOCTYPE html PUBLIC "-//W3C//DTD XHTML 1.0 Transitional//EN"
    "http://www.w3.org/TR/xhtml1/DTD/xhtml1-transitional.dtd">
<html xmlns="http://www.w3.org/1999/xhtml" xml:lang="en" lang="en">
 <head>
  <title>
</title>
<meta http-equiv="Content-Type" content="text/html;charset=utf-8" />
  <meta name='ocr-system' content='tesseract 3.04.00' />
  <meta name='ocr-capabilities' content='ocr_page ocr_carea ocr_par ocr_line ocrx_word'/>
</head>
<body>
  <div class='ocr_page' id='page_1' title='image "./corpusscriptorum09niebuoft_0466.png"; bbox 0 0 1780 3132; ppageno 0'>
   <div class='ocr_carea' id='block_1_1' title="bbox 295 138 1180 188">
    <p class='ocr_par' dir='ltr' id='par_1_1' title="bbox 295 138 1180 188">
     <span class='ocr_line' id='line_1_1' title="bbox 295 138 1180 188; baseline 0.003 -3"><span class='ocrx_word' id='word_1_1' title='bbox 295 138 387 185; x_wconf 69' lang='grc'><strong>456</strong></span> <span class='ocrx_word' id='word_1_2' title='bbox 836 148 1180 188; x_wconf 74' lang='lat' dir='ltr'><strong>WssssEmNGu</strong></span> 
     </span>
    </p>
   </div>
   <div class='ocr_carea' id='block_1_2' title="bbox 292 255 1694 684">
    <p class='ocr_par' dir='ltr' id='par_1_2' title="bbox 292 255 1694 684">
     <span class='ocr_line' id='line_1_2' title="bbox 296 255 1690 311; baseline 0.003 -15"><span class='ocrx_word' id='word_1_3' title='bbox 296 255 703 307; x_wconf 81' lang='lat' dir='ltr'><strong>Traianopolitanum‚</strong></span> <span class='ocrx_word' id='word_1_4' title='bbox 731 255 796 306; x_wconf 84' lang='lat' dir='ltr'><strong>qui</strong></span> <span class='ocrx_word' id='word_1_5' title='bbox 825 255 969 295; x_wconf 83' lang='lat' dir='ltr'><strong>collat.</strong></span> <span class='ocrx_word' id='word_1_6' title='bbox 1001 260 1028 296; x_wconf 87' lang='lat'><em>8</em></span> <span class='ocrx_word' id='word_1_7' title='bbox 1056 268 1166 295; x_wconf 86' lang='lat' dir='ltr'><strong>conc.</strong></span> <span class='ocrx_word' id='word_1_8' title='bbox 1194 256 1490 311; x_wconf 81' lang='lat' dir='ltr'><strong>Constantinop.</strong></span> <span class='ocrx_word' id='word_1_9' title='bbox 1520 259 1690 300; x_wconf 77' lang='lat' dir='ltr'><strong>secundo</strong></span> 
     </span>
     <span class='ocr_line' id='line_1_3' title="bbox 298 309 1692 365; baseline 0.004 -17"><span class='ocrx_word' id='word_1_10' title='bbox 298 323 336 360; x_wconf 87' lang='lat' dir='ltr'><strong>p.</strong></span> <span class='ocrx_word' id='word_1_11' title='bbox 357 313 437 348; x_wconf 70' lang='lat'><strong>240</strong></span> <span class='ocrx_word' id='word_1_12' title='bbox 466 310 571 348; x_wconf 88' lang='lat' dir='ltr'><strong>vices</strong></span> <span class='ocrx_word' id='word_1_13' title='bbox 611 310 698 358; x_wconf 78' lang='lat' dir='ltr'><strong>agit</strong></span> <span class='ocrx_word' id='word_1_14' title='bbox 724 309 882 348; x_wconf 87' lang='lat' dir='ltr'><strong>loannis</strong></span> <span class='ocrx_word' id='word_1_15' title='bbox 913 309 1083 361; x_wconf 77' lang='lat' dir='ltr'><strong>episcopi</strong></span> <span class='ocrx_word' id='word_1_16' title='bbox 1108 311 1402 352; x_wconf 78' lang='lat' dir='ltr'><strong>Laodicensium</strong></span> <span class='ocrx_word' id='word_1_17' title='bbox 1431 314 1692 365; x_wconf 74' lang='lat' dir='ltr'><strong>metropoleos</strong></span> 
     </span>
     <span class='ocr_line' id='line_1_4' title="bbox 295 363 1694 417; baseline 0.004 -16"><span class='ocrx_word' id='word_1_18' title='bbox 295 363 495 412; x_wconf 70' lang='lat' dir='ltr'><strong>Phrygiae</strong></span> <span class='ocrx_word' id='word_1_19' title='bbox 524 363 772 402; x_wconf 82' lang='lat' dir='ltr'><strong>Pacatianae.</strong></span> <span class='ocrx_word' id='word_1_20' title='bbox 802 364 860 401; x_wconf 92' lang='lat' dir='ltr'><strong>cui</strong></span> <span class='ocrx_word' id='word_1_21' title='bbox 894 368 933 401; x_wconf 87' lang='lat' dir='ltr'><strong>et</strong></span> <span class='ocrx_word' id='word_1_22' title='bbox 965 376 1039 415; x_wconf 82' lang='lat' dir='ltr'><strong>ego</strong></span> <span class='ocrx_word' id='word_1_23' title='bbox 1068 365 1295 413; x_wconf 78' lang='lat' dir='ltr'><strong>assentirer,</strong></span> <span class='ocrx_word' id='word_1_24' title='bbox 1323 366 1362 405; x_wconf 92' lang='lat' dir='ltr'><strong>ni</strong></span> <span class='ocrx_word' id='word_1_25' title='bbox 1384 367 1552 417; x_wconf 81' lang='lat' dir='ltr'><strong>plurima</strong></span> <span class='ocrx_word' id='word_1_26' title='bbox 1578 366 1617 406; x_wconf 90' lang='lat' dir='ltr'><strong>in</strong></span> <span class='ocrx_word' id='word_1_27' title='bbox 1645 379 1694 406; x_wconf 83' lang='lat' dir='ltr'><strong>ea</strong></span> 
     </span>
     <span class='ocr_line' id='line_1_5' title="bbox 296 416 1692 460; baseline 0.004 -5"><span class='ocrx_word' id='word_1_28' title='bbox 296 416 508 455; x_wconf 79' lang='lat' dir='ltr'><strong>collatione</strong></span> <span class='ocrx_word' id='word_1_29' title='bbox 537 421 668 453; x_wconf 84' lang='lat' dir='ltr'><strong>essent</strong></span> <span class='ocrx_word' id='word_1_30' title='bbox 695 416 989 456; x_wconf 80' lang='lat' dir='ltr'><strong>mendosissima</strong></span> <span class='ocrx_word' id='word_1_31' title='bbox 1017 421 1055 455; x_wconf 87' lang='lat' dir='ltr'><strong>ct</strong></span> <span class='ocrx_word' id='word_1_32' title='bbox 1066 418 1238 457; x_wconf 82' lang='lat' dir='ltr'><strong>Notitiae</strong></span> <span class='ocrx_word' id='word_1_33' title='bbox 1265 423 1304 457; x_wconf 87' lang='lat' dir='ltr'><strong>et</strong></span> <span class='ocrx_word' id='word_1_34' title='bbox 1333 419 1468 459; x_wconf 84' lang='lat' dir='ltr'><strong>concil.</strong></span> <span class='ocrx_word' id='word_1_35' title='bbox 1495 419 1595 460; x_wconf 85' lang='lat' dir='ltr'><strong>Acta</strong></span> <span class='ocrx_word' id='word_1_36' title='bbox 1622 420 1692 459; x_wconf 89' lang='lat' dir='ltr'><strong>ob-</strong></span> 
     </span>
     <span class='ocr_line' id='line_1_6' title="bbox 295 469 1691 524; baseline 0.003 -16"><span class='ocrx_word' id='word_1_37' title='bbox 295 474 459 508; x_wconf 80' lang='lat' dir='ltr'>starent.</span> <span class='ocrx_word' id='word_1_38' title='bbox 515 469 607 507; x_wconf 87' lang='lat' dir='ltr'><strong>novi</strong></span> <span class='ocrx_word' id='word_1_39' title='bbox 637 469 728 520; x_wconf 85' lang='lat' dir='ltr'><strong>quid</strong></span> <span class='ocrx_word' id='word_1_40' title='bbox 756 469 953 509; x_wconf 78' lang='lat' dir='ltr'><strong>cellarius</strong></span> <span class='ocrx_word' id='word_1_41' title='bbox 984 471 1031 510; x_wconf 88' lang='lat' dir='ltr'><strong>G.</strong></span> <span class='ocrx_word' id='word_1_42' title='bbox 1053 470 1101 510; x_wconf 89' lang='lat' dir='ltr'><strong>A.</strong></span> <span class='ocrx_word' id='word_1_43' title='bbox 1130 474 1158 511; x_wconf 85' lang='lat'><strong>3</strong></span> <span class='ocrx_word' id='word_1_44' title='bbox 1185 474 1211 511; x_wconf 88' lang='grc'>4</span> <span class='ocrx_word' id='word_1_45' title='bbox 1239 472 1288 510; x_wconf 89' lang='lat' dir='ltr'><strong>de</strong></span> <span class='ocrx_word' id='word_1_46' title='bbox 1313 473 1570 524; x_wconf 85' lang='lat' dir='ltr'><strong>Traianopoli</strong></span> <span class='ocrx_word' id='word_1_47' title='bbox 1599 473 1691 512; x_wconf 85' lang='lat' dir='ltr'><strong>Pto-</strong></span> 
     </span>
     <span class='ocr_line' id='line_1_7' title="bbox 292 522 1690 573; baseline 0.004 -13"><span class='ocrx_word' id='word_1_48' title='bbox 292 522 434 561; x_wconf 82' lang='lat' dir='ltr'><strong>lemaei</strong></span> <span class='ocrx_word' id='word_1_49' title='bbox 471 522 707 573; x_wconf 87' lang='lat' dir='ltr'><strong>disputarit,</strong></span> <span class='ocrx_word' id='word_1_50' title='bbox 747 524 909 563; x_wconf 83' lang='lat' dir='ltr'>necdum</span> <span class='ocrx_word' id='word_1_51' title='bbox 934 528 1063 564; x_wconf 83' lang='lat' dir='ltr'><strong>tamen</strong></span> <span class='ocrx_word' id='word_1_52' title='bbox 1092 537 1177 564; x_wconf 90' lang='lat' dir='ltr'><strong>eam</strong></span> <span class='ocrx_word' id='word_1_53' title='bbox 1213 529 1390 565; x_wconf 88' lang='lat' dir='ltr'><strong>nostram</strong></span> <span class='ocrx_word' id='word_1_54' title='bbox 1412 537 1499 565; x_wconf 58' lang='lat' dir='ltr'><strong>esse</strong></span> <span class='ocrx_word' id='word_1_55' title='bbox 1525 531 1690 566; x_wconf 79' lang='lat' dir='ltr'><strong>constat.</strong></span> 
     </span>
     <span class='ocr_line' id='line_1_8' title="bbox 292 572 1691 630; baseline 0.003 -17"><span class='ocrx_word' id='word_1_56' title='bbox 292 587 458 626; x_wconf 84' lang='lat' dir='ltr'><strong>sequens</strong></span> <span class='ocrx_word' id='word_1_57' title='bbox 493 572 926 625; x_wconf 76' lang='grc' dir='ltr'><strong><em>Πουλχεριανούπολις</em></strong></span> <span class='ocrx_word' id='word_1_58' title='bbox 972 579 1076 616; x_wconf 86' lang='lat' dir='ltr'><strong>forte</strong></span> <span class='ocrx_word' id='word_1_59' title='bbox 1124 578 1256 618; x_wconf 84' lang='lat' dir='ltr'><strong>verius</strong></span> <span class='ocrx_word' id='word_1_60' title='bbox 1299 573 1691 630; x_wconf 72' lang='grc' dir='ltr'><strong><em>Πουλχεριούπολις,</em></strong></span> 
     </span>
     <span class='ocr_line' id='line_1_9' title="bbox 294 629 1635 684; baseline 0.004 -17"><span class='ocrx_word' id='word_1_61' title='bbox 294 629 369 668; x_wconf 82' lang='lat' dir='ltr'><strong>etsi</strong></span> <span class='ocrx_word' id='word_1_62' title='bbox 393 640 582 680; x_wconf 83' lang='lat' dir='ltr'><strong>nusquam</strong></span> <span class='ocrx_word' id='word_1_63' title='bbox 610 629 704 668; x_wconf 87' lang='lat' dir='ltr'><strong>mihi</strong></span> <span class='ocrx_word' id='word_1_64' title='bbox 733 630 832 679; x_wconf 84' lang='lat' dir='ltr'><strong>visa,</strong></span> <span class='ocrx_word' id='word_1_65' title='bbox 861 643 887 670; x_wconf 89' lang='lat' dir='ltr'><strong>a</strong></span> <span class='ocrx_word' id='word_1_66' title='bbox 918 631 1126 670; x_wconf 88' lang='lat' dir='ltr'><strong>Pulcheria</strong></span> <span class='ocrx_word' id='word_1_67' title='bbox 1155 632 1335 684; x_wconf 85' lang='lat' dir='ltr'><strong>Augusta</strong></span> <span class='ocrx_word' id='word_1_68' title='bbox 1360 631 1635 684; x_wconf 79' lang='lat' dir='ltr'><strong>appellabitur.</strong></span> 
     </span>
    </p>
   </div>
   <div class='ocr_carea' id='block_1_3' title="bbox 291 699 1692 860">
    <p class='ocr_par' dir='ltr' id='par_1_3' title="bbox 291 699 1692 860">
     <span class='ocr_line' id='line_1_10' title="bbox 397 699 1689 756; baseline -0.004 -4"><span class='ocrx_word' id='word_1_69' title='bbox 397 705 498 753; x_wconf 75' lang='grc'>394,</span> <span class='ocrx_word' id='word_1_70' title='bbox 528 706 590 744; x_wconf 84' lang='lat'><strong>18-</strong></span> <span class='ocrx_word' id='word_1_71' title='bbox 654 699 731 741; x_wconf 80' lang='grc' dir='ltr'><strong>ὗπό</strong></span> <span class='ocrx_word' id='word_1_72' title='bbox 764 703 1067 754; x_wconf 71' lang='grc' dir='ltr'>κονσουλᾰριον]</span> <span class='ocrx_word' id='word_1_73' title='bbox 1099 707 1316 747; x_wconf 87' lang='lat' dir='ltr'><strong>consularis</strong></span> <span class='ocrx_word' id='word_1_74' title='bbox 1343 706 1492 756; x_wconf 80' lang='lat' dir='ltr'><strong>Lydiae</strong></span> <span class='ocrx_word' id='word_1_75' title='bbox 1520 707 1626 748; x_wconf 79' lang='grc'><strong>1.17.</strong></span> <span class='ocrx_word' id='word_1_76' title='bbox 1654 718 1689 747; x_wconf 81' lang='lat' dir='ltr'><strong>e.</strong></span> 
     </span>
     <span class='ocr_line' id='line_1_11' title="bbox 291 753 1692 860; baseline -0.003 -59"><span class='ocrx_word' id='word_1_77' title='bbox 291 757 367 860; x_wconf 37' lang='lat' dir='ltr'><strong>{Ibi}</strong></span> <span class='ocrx_word' id='word_1_78' title='bbox 388 758 457 848; x_wconf 49' lang='lat'><strong>312</strong></span> <span class='ocrx_word' id='word_1_79' title='bbox 462 757 694 855; x_wconf 48' lang='lat' dir='ltr'><strong>dli&#39;ceztgitionib’</strong></span> <span class='ocrx_word' id='word_1_80' title='bbox 722 758 893 798; x_wconf 83' lang='lat' dir='ltr'>meminit</span> <span class='ocrx_word' id='word_1_81' title='bbox 920 763 958 798; x_wconf 91' lang='lat' dir='ltr'><strong>et</strong></span> <span class='ocrx_word' id='word_1_82' title='bbox 971 759 1163 808; x_wconf 82' lang='lat' dir='ltr'><strong>synesius</strong></span> <span class='ocrx_word' id='word_1_83' title='bbox 1194 761 1307 812; x_wconf 82' lang='lat' dir='ltr'><strong>epist.</strong></span> <span class='ocrx_word' id='word_1_84' title='bbox 1330 764 1428 809; x_wconf 75' lang='lat'><strong>12⁷3</strong></span> <span class='ocrx_word' id='word_1_85' title='bbox 1461 760 1522 800; x_wconf 87' lang='lat' dir='ltr'><strong>cui</strong></span> <span class='ocrx_word' id='word_1_86' title='bbox 1550 753 1692 811; x_wconf 72' lang='grc' dir='ltr'><em>ἅρχων</em></span> 
     </span>
    </p>
   </div>
   <div class='ocr_carea' id='block_1_4' title="bbox 284 882 1747 2652">
    <p class='ocr_par' dir='ltr' id='par_1_4' title="bbox 284 882 1747 2652">
     <span class='ocr_line' id='line_1_12' title="bbox 395 882 1685 941; baseline 0.001 -16"><span class='ocrx_word' id='word_1_87' title='bbox 395 883 502 925; x_wconf 77' lang='grc' dir='ltr'><strong>Ιόἱιί.</strong></span> <span class='ocrx_word' id='word_1_88' title='bbox 536 889 599 925; x_wconf 80' lang='grc'><strong>19.</strong></span> <span class='ocrx_word' id='word_1_89' title='bbox 655 882 843 935; x_wconf 77' lang='grc' dir='ltr'><strong><em>Σάρδεις]</em></strong></span> <span class='ocrx_word' id='word_1_90' title='bbox 871 886 919 924; x_wconf 88' lang='lat' dir='ltr'><strong>de</strong></span> <span class='ocrx_word' id='word_1_91' title='bbox 948 887 1021 926; x_wconf 85' lang='lat' dir='ltr'><strong>hac</strong></span> <span class='ocrx_word' id='word_1_92' title='bbox 1054 892 1093 927; x_wconf 90' lang='lat' dir='ltr'><strong>et</strong></span> <span class='ocrx_word' id='word_1_93' title='bbox 1120 889 1248 928; x_wconf 83' lang='lat' dir='ltr'><strong>tribus</strong></span> <span class='ocrx_word' id='word_1_94' title='bbox 1275 888 1567 941; x_wconf 82' lang='lat' dir='ltr'><strong>insequentibus</strong></span> <span class='ocrx_word' id='word_1_95' title='bbox 1594 886 1685 926; x_wconf 85' lang='lat' dir='ltr'><strong>Ant.</strong></span> 
     </span>
     <span class='ocr_line' id='line_1_13' title="bbox 291 938 1692 990; baseline 0.002 -13"><span class='ocrx_word' id='word_1_96' title='bbox 291 939 380 977; x_wconf 84' lang='lat' dir='ltr'><strong>ltin.</strong></span> <span class='ocrx_word' id='word_1_97' title='bbox 413 952 451 990; x_wconf 84' lang='lat' dir='ltr'><strong>p.</strong></span> <span class='ocrx_word' id='word_1_98' title='bbox 472 942 565 978; x_wconf 82' lang='grc'><strong>336.</strong></span> <span class='ocrx_word' id='word_1_99' title='bbox 632 938 696 978; x_wconf 86' lang='lat' dir='ltr'><strong>hic</strong></span> <span class='ocrx_word' id='word_1_100' title='bbox 724 939 852 978; x_wconf 86' lang='lat' dir='ltr'><strong>obiter</strong></span> <span class='ocrx_word' id='word_1_101' title='bbox 879 940 1121 980; x_wconf 88' lang='lat' dir='ltr'><strong>illustremus</strong></span> <span class='ocrx_word' id='word_1_102' title='bbox 1147 943 1339 983; x_wconf 79' lang='lat' dir='ltr'><strong>Thesaur.</strong></span> <span class='ocrx_word' id='word_1_103' title='bbox 1367 943 1517 983; x_wconf 81' lang='lat' dir='ltr'><strong>Britan.</strong></span> <span class='ocrx_word' id='word_1_104' title='bbox 1545 946 1638 980; x_wconf 85' lang='lat' dir='ltr'><strong>tom.</strong></span> <span class='ocrx_word' id='word_1_105' title='bbox 1665 944 1692 980; x_wconf 76' lang='lat'><strong>2</strong></span> 
     </span>
     <span class='ocr_line' id='line_1_14' title="bbox 292 992 1692 1048; baseline 0.004 -20"><span class='ocrx_word' id='word_1_106' title='bbox 292 1005 330 1043; x_wconf 84' lang='lat' dir='ltr'><strong>p.</strong></span> <span class='ocrx_word' id='word_1_107' title='bbox 354 995 431 1031; x_wconf 77' lang='lat'><strong>145</strong></span> <span class='ocrx_word' id='word_1_108' title='bbox 459 1005 625 1042; x_wconf 88' lang='lat' dir='ltr'><strong>numum,</strong></span> <span class='ocrx_word' id='word_1_109' title='bbox 651 992 691 1031; x_wconf 91' lang='lat' dir='ltr'><strong>in</strong></span> <span class='ocrx_word' id='word_1_110' title='bbox 724 1004 800 1045; x_wconf 87' lang='lat' dir='ltr'><strong>quo</strong></span> <span class='ocrx_word' id='word_1_111' title='bbox 826 1005 848 1031; x_wconf 89' lang='lat' dir='ltr'><strong>e</strong></span> <span class='ocrx_word' id='word_1_112' title='bbox 875 993 1077 1034; x_wconf 87' lang='lat' dir='ltr'><strong>dimidiata</strong></span> <span class='ocrx_word' id='word_1_113' title='bbox 1102 995 1196 1035; x_wconf 89' lang='lat' dir='ltr'><strong>luna</strong></span> <span class='ocrx_word' id='word_1_114' title='bbox 1219 996 1401 1036; x_wconf 85' lang='lat' dir='ltr'><strong>iuvenale</strong></span> <span class='ocrx_word' id='word_1_115' title='bbox 1425 998 1553 1048; x_wconf 84' lang='lat' dir='ltr'><strong>caput,</strong></span> <span class='ocrx_word' id='word_1_116' title='bbox 1567 995 1692 1043; x_wconf 79' lang='lat' dir='ltr'><strong>Phry-</strong></span> 
     </span>
     <span class='ocr_line' id='line_1_15' title="bbox 292 1045 1692 1098; baseline 0.001 -13"><span class='ocrx_word' id='word_1_117' title='bbox 292 1046 362 1096; x_wconf 80' lang='lat' dir='ltr'><strong>gia</strong></span> <span class='ocrx_word' id='word_1_118' title='bbox 387 1046 492 1085; x_wconf 85' lang='lat' dir='ltr'><strong>tiara</strong></span> <span class='ocrx_word' id='word_1_119' title='bbox 517 1050 716 1094; x_wconf 87' lang='lat' dir='ltr'><strong>ornatum,</strong></span> <span class='ocrx_word' id='word_1_120' title='bbox 744 1048 956 1097; x_wconf 83' lang='lat' dir='ltr'><strong>promicat,</strong></span> <span class='ocrx_word' id='word_1_121' title='bbox 987 1048 1132 1087; x_wconf 90' lang='lat' dir='ltr'><strong>additis</strong></span> <span class='ocrx_word' id='word_1_122' title='bbox 1163 1049 1302 1087; x_wconf 87' lang='lat' dir='ltr'><strong>MHN</strong></span> <span class='ocrx_word' id='word_1_123' title='bbox 1329 1045 1622 1098; x_wconf 86' lang='lat' dir='ltr'><strong>ACKHNOC,</strong></span> <span class='ocrx_word' id='word_1_124' title='bbox 1651 1051 1692 1087; x_wconf 87' lang='lat' dir='ltr'><strong>et</strong></span> 
     </span>
     <span class='ocr_line' id='line_1_16' title="bbox 291 1099 1747 1153; baseline 0.002 -15"><span class='ocrx_word' id='word_1_125' title='bbox 291 1100 424 1139; x_wconf 83' lang='lat' dir='ltr'><strong>altera</strong></span> <span class='ocrx_word' id='word_1_126' title='bbox 450 1104 565 1150; x_wconf 83' lang='lat' dir='ltr'><strong>parte</strong></span> <span class='ocrx_word' id='word_1_127' title='bbox 595 1100 761 1139; x_wconf 85' lang='lat' dir='ltr'><strong>Hermus</strong></span> <span class='ocrx_word' id='word_1_128' title='bbox 787 1113 912 1139; x_wconf 83' lang='lat' dir='ltr'><strong>urnae</strong></span> <span class='ocrx_word' id='word_1_129' title='bbox 942 1101 1084 1140; x_wconf 88' lang='lat' dir='ltr'><strong>leniter</strong></span> <span class='ocrx_word' id='word_1_130' title='bbox 1114 1102 1319 1149; x_wconf 81' lang='lat' dir='ltr'><strong>incumbit,</strong></span> <span class='ocrx_word' id='word_1_131' title='bbox 1350 1102 1569 1153; x_wconf 81' lang='lat' dir='ltr'><strong>subscripto</strong></span> <span class='ocrx_word' id='word_1_132' title='bbox 1597 1099 1694 1139; x_wconf 84' lang='lat' dir='ltr'><strong>EP-</strong></span> <span class='ocrx_word' id='word_1_133' title='bbox 1744 1111 1747 1115; x_wconf 83' lang='lat'>&#39;</span> 
     </span>
     <span class='ocr_line' id='line_1_17' title="bbox 292 1151 1694 1202; baseline 0.003 -12"><span class='ocrx_word' id='word_1_134' title='bbox 292 1151 428 1202; x_wconf 80' lang='lat' dir='ltr'><strong>MOC,</strong></span> <span class='ocrx_word' id='word_1_135' title='bbox 460 1153 567 1193; x_wconf 86' lang='lat' dir='ltr'><strong>circa</strong></span> <span class='ocrx_word' id='word_1_136' title='bbox 596 1166 692 1192; x_wconf 84' lang='lat' dir='ltr'><strong>vero</strong></span> <span class='ocrx_word' id='word_1_137' title='bbox 731 1152 1088 1193; x_wconf 77' lang='grc' dir='ltr'><em>ΟΑΡΔΙΑΝΩΝ.</em></span> <span class='ocrx_word' id='word_1_138' title='bbox 1133 1156 1188 1193; x_wconf 87' lang='grc' dir='ltr'><strong>Β.</strong></span> <span class='ocrx_word' id='word_1_139' title='bbox 1228 1153 1561 1196; x_wconf 83' lang='grc' dir='ltr'><strong>ΝΕΩΚΟΡΩΝ.</strong></span> <span class='ocrx_word' id='word_1_140' title='bbox 1631 1154 1694 1194; x_wconf 87' lang='lat' dir='ltr'><strong>vir</strong></span> 
     </span>
     <span class='ocr_line' id='line_1_18' title="bbox 292 1207 1695 1259; baseline 0.001 -15"><span class='ocrx_word' id='word_1_141' title='bbox 292 1208 443 1256; x_wconf 82' lang='lat' dir='ltr'><strong>doctus,</strong></span> <span class='ocrx_word' id='word_1_142' title='bbox 471 1207 537 1258; x_wconf 85' lang='lat' dir='ltr'><strong>qui</strong></span> <span class='ocrx_word' id='word_1_143' title='bbox 564 1219 720 1246; x_wconf 91' lang='lat' dir='ltr'><strong>numum</strong></span> <span class='ocrx_word' id='word_1_144' title='bbox 747 1207 975 1258; x_wconf 84' lang='lat' dir='ltr'><strong>publicavit,</strong></span> <span class='ocrx_word' id='word_1_145' title='bbox 1002 1209 1115 1248; x_wconf 88' lang='lat' dir='ltr'><strong>deum</strong></span> <span class='ocrx_word' id='word_1_146' title='bbox 1129 1210 1279 1249; x_wconf 85' lang='lat' dir='ltr'><strong>Lunum</strong></span> <span class='ocrx_word' id='word_1_147' title='bbox 1299 1221 1386 1249; x_wconf 86' lang='lat' dir='ltr'><strong>esse</strong></span> <span class='ocrx_word' id='word_1_148' title='bbox 1412 1210 1482 1259; x_wconf 85' lang='lat' dir='ltr'><strong>ait,</strong></span> <span class='ocrx_word' id='word_1_149' title='bbox 1499 1213 1539 1248; x_wconf 82' lang='lat' dir='ltr'><strong>et</strong></span> <span class='ocrx_word' id='word_1_150' title='bbox 1551 1207 1695 1248; x_wconf 87' lang='lat' dir='ltr'><strong>Asceni</strong></span> 
     </span>
     <span class='ocr_line' id='line_1_19' title="bbox 291 1260 1696 1314; baseline 0.001 -16"><span class='ocrx_word' id='word_1_151' title='bbox 291 1260 459 1310; x_wconf 87' lang='lat' dir='ltr'><strong>nomine,</strong></span> <span class='ocrx_word' id='word_1_152' title='bbox 488 1261 590 1312; x_wconf 87' lang='lat' dir='ltr'><strong>quod</strong></span> <span class='ocrx_word' id='word_1_153' title='bbox 618 1262 704 1300; x_wconf 90' lang='lat' dir='ltr'><strong>sine</strong></span> <span class='ocrx_word' id='word_1_154' title='bbox 732 1261 902 1299; x_wconf 86' lang='lat' dir='ltr'><strong>tentorio</strong></span> <span class='ocrx_word' id='word_1_155' title='bbox 931 1266 1040 1312; x_wconf 81' lang='lat' dir='ltr'><strong>agat,</strong></span> <span class='ocrx_word' id='word_1_156' title='bbox 1078 1268 1265 1314; x_wconf 83' lang='lat' dir='ltr'><strong>perpetuo</strong></span> <span class='ocrx_word' id='word_1_157' title='bbox 1293 1263 1549 1303; x_wconf 80' lang='lat' dir='ltr'><strong>circumactus</strong></span> <span class='ocrx_word' id='word_1_158' title='bbox 1575 1265 1696 1311; x_wconf 87' lang='lat' dir='ltr'><strong>motu,</strong></span> 
     </span>
     <span class='ocr_line' id='line_1_20' title="bbox 291 1314 1695 1368; baseline 0.003 -17"><span class='ocrx_word' id='word_1_159' title='bbox 291 1314 499 1362; x_wconf 76' lang='lat' dir='ltr'><strong>donatum3</strong></span> <span class='ocrx_word' id='word_1_160' title='bbox 528 1327 628 1366; x_wconf 86' lang='lat' dir='ltr'><strong>quae</strong></span> <span class='ocrx_word' id='word_1_161' title='bbox 653 1314 746 1354; x_wconf 89' lang='lat' dir='ltr'><strong>mibi</strong></span> <span class='ocrx_word' id='word_1_162' title='bbox 778 1314 992 1365; x_wconf 83' lang='lat' dir='ltr'><strong>explicatio</strong></span> <span class='ocrx_word' id='word_1_163' title='bbox 1028 1316 1185 1368; x_wconf 86' lang='lat' dir='ltr'><strong>longius</strong></span> <span class='ocrx_word' id='word_1_164' title='bbox 1213 1317 1404 1357; x_wconf 85' lang='lat' dir='ltr'><strong>arcessita</strong></span> <span class='ocrx_word' id='word_1_165' title='bbox 1431 1317 1596 1356; x_wconf 84' lang='lat' dir='ltr'><strong>videtur.</strong></span> <span class='ocrx_word' id='word_1_166' title='bbox 1625 1327 1695 1366; x_wconf 86' lang='lat' dir='ltr'><strong>po-</strong></span> 
     </span>
     <span class='ocr_line' id='line_1_21' title="bbox 290 1367 1696 1422; baseline 0.001 -17"><span class='ocrx_word' id='word_1_167' title='bbox 290 1368 368 1405; x_wconf 84' lang='lat' dir='ltr'><strong>tius</strong></span> <span class='ocrx_word' id='word_1_168' title='bbox 397 1367 570 1406; x_wconf 84' lang='lat' dir='ltr'><strong>arbitrer</strong></span> <span class='ocrx_word' id='word_1_169' title='bbox 598 1380 677 1407; x_wconf 88' lang='lat' dir='ltr'><strong>non</strong></span> <span class='ocrx_word' id='word_1_170' title='bbox 709 1380 794 1407; x_wconf 87' lang='lat' dir='ltr'><strong>esse</strong></span> <span class='ocrx_word' id='word_1_171' title='bbox 823 1369 1003 1408; x_wconf 83' lang='lat' dir='ltr'><strong>Graecae</strong></span> <span class='ocrx_word' id='word_1_172' title='bbox 1030 1370 1196 1422; x_wconf 89' lang='lat' dir='ltr'><strong>originis</strong></span> <span class='ocrx_word' id='word_1_173' title='bbox 1224 1371 1290 1409; x_wconf 87' lang='lat' dir='ltr'><strong>sed</strong></span> <span class='ocrx_word' id='word_1_174' title='bbox 1323 1371 1520 1410; x_wconf 80' lang='lat' dir='ltr'><strong>barbarae</strong></span> <span class='ocrx_word' id='word_1_175' title='bbox 1549 1381 1696 1418; x_wconf 81' lang='lat' dir='ltr'><strong>vocem,</strong></span> 
     </span>
     <span class='ocr_line' id='line_1_22' title="bbox 295 1417 1694 1472; baseline 0.004 -14"><span class='ocrx_word' id='word_1_176' title='bbox 295 1425 338 1458; x_wconf 90' lang='lat' dir='ltr'><strong>ut</strong></span> <span class='ocrx_word' id='word_1_177' title='bbox 368 1417 514 1470; x_wconf 80' lang='grc' dir='ltr'><em>Μηνὸς</em></span> <span class='ocrx_word' id='word_1_178' title='bbox 548 1418 716 1471; x_wconf 66' lang='grc' dir='ltr'><em>Κάρου,</em></span> <span class='ocrx_word' id='word_1_179' title='bbox 737 1421 798 1460; x_wconf 91' lang='lat' dir='ltr'><strong>cui</strong></span> <span class='ocrx_word' id='word_1_180' title='bbox 816 1423 999 1472; x_wconf 86' lang='lat' dir='ltr'><strong>templum</strong></span> <span class='ocrx_word' id='word_1_181' title='bbox 1029 1424 1152 1462; x_wconf 87' lang='lat' dir='ltr'><strong>fuisse</strong></span> <span class='ocrx_word' id='word_1_182' title='bbox 1171 1424 1404 1463; x_wconf 82' lang='lat' dir='ltr'><strong>Laodiceam</strong></span> <span class='ocrx_word' id='word_1_183' title='bbox 1429 1424 1532 1463; x_wconf 88' lang='lat' dir='ltr'><strong>inter</strong></span> <span class='ocrx_word' id='word_1_184' title='bbox 1561 1428 1601 1462; x_wconf 88' lang='lat' dir='ltr'><strong>et</strong></span> <span class='ocrx_word' id='word_1_185' title='bbox 1617 1422 1694 1462; x_wconf 82' lang='lat' dir='ltr'><strong>Ca-</strong></span> 
     </span>
     <span class='ocr_line' id='line_1_23' title="bbox 294 1472 1694 1527; baseline 0.001 -16"><span class='ocrx_word' id='word_1_186' title='bbox 294 1484 391 1512; x_wconf 84' lang='lat' dir='ltr'><strong>rura</strong></span> <span class='ocrx_word' id='word_1_187' title='bbox 415 1486 437 1511; x_wconf 86' lang='lat' dir='ltr'><strong>c</strong></span> <span class='ocrx_word' id='word_1_188' title='bbox 466 1474 664 1513; x_wconf 85' lang='lat' dir='ltr'><strong>Strabone</strong></span> <span class='ocrx_word' id='word_1_189' title='bbox 694 1479 745 1514; x_wconf 78' lang='lat'><strong>12</strong></span> <span class='ocrx_word' id='word_1_190' title='bbox 772 1488 808 1525; x_wconf 89' lang='lat' dir='ltr'><strong>p.</strong></span> <span class='ocrx_word' id='word_1_191' title='bbox 826 1477 907 1514; x_wconf 81' lang='lat'><strong>580</strong></span> <span class='ocrx_word' id='word_1_192' title='bbox 933 1476 1133 1526; x_wconf 85' lang='lat' dir='ltr'><strong>novimus,</strong></span> <span class='ocrx_word' id='word_1_193' title='bbox 1161 1481 1200 1515; x_wconf 90' lang='lat' dir='ltr'><strong>et</strong></span> <span class='ocrx_word' id='word_1_194' title='bbox 1235 1472 1380 1527; x_wconf 76' lang='grc' dir='ltr'>Μηνᾶς</span> <span class='ocrx_word' id='word_1_195' title='bbox 1407 1473 1694 1526; x_wconf 75' lang='grc' dir='ltr'><em>Καμαρεὴου,</em></span> 
     </span>
     <span class='ocr_line' id='line_1_24' title="bbox 294 1525 1694 1580; baseline 0 -15"><span class='ocrx_word' id='word_1_196' title='bbox 294 1539 407 1578; x_wconf 82' lang='lat' dir='ltr'><strong>quem</strong></span> <span class='ocrx_word' id='word_1_197' title='bbox 436 1529 678 1575; x_wconf 81' lang='lat' dir='ltr'><strong>Nysaeorum</strong></span> <span class='ocrx_word' id='word_1_198' title='bbox 705 1529 746 1568; x_wconf 90' lang='lat' dir='ltr'><strong>in</strong></span> <span class='ocrx_word' id='word_1_199' title='bbox 775 1528 898 1567; x_wconf 86' lang='lat' dir='ltr'><strong>Caria</strong></span> <span class='ocrx_word' id='word_1_200' title='bbox 926 1530 1029 1568; x_wconf 88' lang='lat' dir='ltr'><strong>numi</strong></span> <span class='ocrx_word' id='word_1_201' title='bbox 1061 1531 1302 1580; x_wconf 85' lang='lat' dir='ltr'><strong>praeferunt,</strong></span> <span class='ocrx_word' id='word_1_202' title='bbox 1332 1534 1372 1569; x_wconf 89' lang='lat' dir='ltr'><strong>et</strong></span> <span class='ocrx_word' id='word_1_203' title='bbox 1399 1525 1543 1580; x_wconf 76' lang='grc' dir='ltr'><strong><em>Μηνὸς</em></strong></span> <span class='ocrx_word' id='word_1_204' title='bbox 1573 1528 1694 1577; x_wconf 79' lang='grc' dir='ltr'>Φαρ-</span> 
     </span>
     <span class='ocr_line' id='line_1_25' title="bbox 295 1575 1695 1634; baseline 0.004 -17"><span class='ocrx_word' id='word_1_205' title='bbox 295 1575 441 1630; x_wconf 78' lang='grc' dir='ltr'><em>νάκου,</em></span> <span class='ocrx_word' id='word_1_206' title='bbox 480 1581 540 1620; x_wconf 89' lang='lat' dir='ltr'><strong>cui</strong></span> <span class='ocrx_word' id='word_1_207' title='bbox 581 1581 688 1622; x_wconf 89' lang='lat' dir='ltr'><strong>circa</strong></span> <span class='ocrx_word' id='word_1_208' title='bbox 717 1582 863 1622; x_wconf 84' lang='lat' dir='ltr'><strong>Cabira</strong></span> <span class='ocrx_word' id='word_1_209' title='bbox 886 1584 1068 1633; x_wconf 86' lang='lat' dir='ltr'><strong>templum</strong></span> <span class='ocrx_word' id='word_1_210' title='bbox 1095 1588 1183 1622; x_wconf 88' lang='lat' dir='ltr'><strong>erat</strong></span> <span class='ocrx_word' id='word_1_211' title='bbox 1206 1583 1308 1634; x_wconf 88' lang='lat' dir='ltr'><strong>apud</strong></span> <span class='ocrx_word' id='word_1_212' title='bbox 1335 1583 1497 1623; x_wconf 88' lang='lat' dir='ltr'><strong>eundem</strong></span> <span class='ocrx_word' id='word_1_213' title='bbox 1526 1582 1695 1624; x_wconf 84' lang='lat' dir='ltr'><strong>Strabo-</strong></span> 
     </span>
     <span class='ocr_line' id='line_1_26' title="bbox 295 1636 1695 1688; baseline 0.004 -17"><span class='ocrx_word' id='word_1_214' title='bbox 295 1645 382 1672; x_wconf 88' lang='lat' dir='ltr'><strong>nem</strong></span> <span class='ocrx_word' id='word_1_215' title='bbox 414 1638 464 1672; x_wconf 79' lang='lat'><strong>12</strong></span> <span class='ocrx_word' id='word_1_216' title='bbox 492 1647 530 1684; x_wconf 87' lang='lat' dir='ltr'><strong>p.</strong></span> <span class='ocrx_word' id='word_1_217' title='bbox 549 1637 651 1684; x_wconf 80' lang='lat'><strong>55⁸7,</strong></span> <span class='ocrx_word' id='word_1_218' title='bbox 680 1646 803 1688; x_wconf 88' lang='lat' dir='ltr'><strong>eoque</strong></span> <span class='ocrx_word' id='word_1_219' title='bbox 833 1636 945 1674; x_wconf 90' lang='lat' dir='ltr'><strong>deum</strong></span> <span class='ocrx_word' id='word_1_220' title='bbox 972 1637 1122 1676; x_wconf 90' lang='lat' dir='ltr'><strong>Lunum</strong></span> <span class='ocrx_word' id='word_1_221' title='bbox 1153 1641 1192 1676; x_wconf 88' lang='lat' dir='ltr'><strong>et</strong></span> <span class='ocrx_word' id='word_1_222' title='bbox 1217 1637 1288 1676; x_wconf 89' lang='lat' dir='ltr'><strong>sub</strong></span> <span class='ocrx_word' id='word_1_223' title='bbox 1315 1638 1398 1676; x_wconf 89' lang='lat' dir='ltr'><strong>eius</strong></span> <span class='ocrx_word' id='word_1_224' title='bbox 1424 1638 1553 1688; x_wconf 81' lang='lat' dir='ltr'><strong>figura</strong></span> <span class='ocrx_word' id='word_1_225' title='bbox 1583 1636 1695 1676; x_wconf 87' lang='lat' dir='ltr'><strong>Ado-</strong></span> 
     </span>
     <span class='ocr_line' id='line_1_27' title="bbox 294 1687 1703 1741; baseline 0.003 -16"><span class='ocrx_word' id='word_1_226' title='bbox 294 1687 364 1726; x_wconf 88' lang='lat' dir='ltr'><strong>nin</strong></span> <span class='ocrx_word' id='word_1_227' title='bbox 393 1687 615 1739; x_wconf 86' lang='lat' dir='ltr'><strong>designari;</strong></span> <span class='ocrx_word' id='word_1_228' title='bbox 648 1702 759 1741; x_wconf 88' lang='lat' dir='ltr'><strong>quem</strong></span> <span class='ocrx_word' id='word_1_229' title='bbox 789 1693 828 1728; x_wconf 91' lang='lat' dir='ltr'><strong>et</strong></span> <span class='ocrx_word' id='word_1_230' title='bbox 853 1694 1019 1728; x_wconf 88' lang='lat' dir='ltr'><strong>matrem</strong></span> <span class='ocrx_word' id='word_1_231' title='bbox 1045 1691 1157 1729; x_wconf 91' lang='lat' dir='ltr'><strong>deum</strong></span> <span class='ocrx_word' id='word_1_232' title='bbox 1193 1701 1263 1728; x_wconf 86' lang='lat' dir='ltr'><strong>seu</strong></span> <span class='ocrx_word' id='word_1_233' title='bbox 1289 1691 1482 1729; x_wconf 84' lang='lat' dir='ltr'><strong>Venerem</strong></span> <span class='ocrx_word' id='word_1_234' title='bbox 1507 1690 1609 1738; x_wconf 82' lang='lat' dir='ltr'><strong>Lydi</strong></span> <span class='ocrx_word' id='word_1_235' title='bbox 1637 1690 1703 1729; x_wconf 85' lang='lat' dir='ltr'><strong>vi·-</strong></span> 
     </span>
     <span class='ocr_line' id='line_1_28' title="bbox 294 1740 1698 1792; baseline 0.004 -14"><span class='ocrx_word' id='word_1_236' title='bbox 294 1740 484 1792; x_wconf 86' lang='lat' dir='ltr'><strong>cinaeque</strong></span> <span class='ocrx_word' id='word_1_237' title='bbox 522 1746 662 1792; x_wconf 86' lang='lat' dir='ltr'><strong>gentes</strong></span> <span class='ocrx_word' id='word_1_238' title='bbox 699 1742 884 1782; x_wconf 86' lang='lat' dir='ltr'><strong>barbaris</strong></span> <span class='ocrx_word' id='word_1_239' title='bbox 912 1747 1076 1782; x_wconf 86' lang='lat' dir='ltr'><strong>ornatos</strong></span> <span class='ocrx_word' id='word_1_240' title='bbox 1111 1744 1237 1783; x_wconf 89' lang='lat' dir='ltr'><strong>titulis</strong></span> <span class='ocrx_word' id='word_1_241' title='bbox 1264 1745 1479 1783; x_wconf 83' lang='lat' dir='ltr'><strong>coluerunt.</strong></span> <span class='ocrx_word' id='word_1_242' title='bbox 1534 1744 1698 1783; x_wconf 85' lang='lat' dir='ltr'><strong>Proclus</strong></span> 
     </span>
     <span class='ocr_line' id='line_1_29' title="bbox 294 1793 1698 1848; baseline 0.001 -16"><span class='ocrx_word' id='word_1_243' title='bbox 294 1795 519 1834; x_wconf 81' lang='lat' dir='ltr'><strong>Diadocbus</strong></span> <span class='ocrx_word' id='word_1_244' title='bbox 556 1795 597 1834; x_wconf 90' lang='lat' dir='ltr'><strong>in</strong></span> <span class='ocrx_word' id='word_1_245' title='bbox 625 1797 858 1845; x_wconf 79' lang='lat' dir='ltr'><strong>&#39;retrabyhli</strong></span> <span class='ocrx_word' id='word_1_246' title='bbox 896 1797 1057 1835; x_wconf 86' lang='lat' dir='ltr'><strong>Ptolem.</strong></span> <span class='ocrx_word' id='word_1_247' title='bbox 1086 1796 1328 1848; x_wconf 86' lang='lat' dir='ltr'><strong>Paraphrasi</strong></span> <span class='ocrx_word' id='word_1_248' title='bbox 1373 1810 1410 1848; x_wconf 84' lang='lat' dir='ltr'><strong>p.</strong></span> <span class='ocrx_word' id='word_1_249' title='bbox 1427 1799 1503 1837; x_wconf 65' lang='lat' dir='ltr'><strong>W:</strong></span> <span class='ocrx_word' id='word_1_250' title='bbox 1531 1795 1576 1834; x_wconf 74' lang='grc' dir='ltr'><strong>ἐν</strong></span> <span class='ocrx_word' id='word_1_251' title='bbox 1600 1793 1698 1835; x_wconf 71' lang='grc' dir='ltr'><strong>παῦ·</strong></span> 
     </span>
     <span class='ocr_line' id='line_1_30' title="bbox 294 1844 1700 1902; baseline 0.003 -19"><span class='ocrx_word' id='word_1_252' title='bbox 294 1860 386 1890; x_wconf 82' lang='grc' dir='ltr'><strong><em>ταις</em></strong></span> <span class='ocrx_word' id='word_1_253' title='bbox 411 1844 570 1896; x_wconf 80' lang='grc' dir='ltr'><em>χώραις</em></span> <span class='ocrx_word' id='word_1_254' title='bbox 611 1849 775 1897; x_wconf 77' lang='grc' dir='ltr'>σέβουσι</span> <span class='ocrx_word' id='word_1_255' title='bbox 815 1848 890 1896; x_wconf 81' lang='grc' dir='ltr'><strong>μὲν</strong></span> <span class='ocrx_word' id='word_1_256' title='bbox 932 1846 987 1893; x_wconf 77' lang='grc' dir='ltr'><strong>ὥς</strong></span> <span class='ocrx_word' id='word_1_257' title='bbox 1025 1847 1094 1887; x_wconf 77' lang='grc' dir='ltr'><strong>ἐπὶ</strong></span> <span class='ocrx_word' id='word_1_258' title='bbox 1119 1847 1221 1887; x_wconf 74' lang='grc' dir='ltr'><strong>πολύ</strong></span> <span class='ocrx_word' id='word_1_259' title='bbox 1259 1846 1330 1899; x_wconf 69' lang='grc' dir='ltr'><strong>τὴν</strong></span> <span class='ocrx_word' id='word_1_260' title='bbox 1361 1848 1619 1902; x_wconf 74' lang='grc' dir='ltr'><em>Ἀφροδίτην</em></span> <span class='ocrx_word' id='word_1_261' title='bbox 1643 1846 1700 1895; x_wconf 77' lang='grc' dir='ltr'><strong>ὥς</strong></span> 
     </span>
     <span class='ocr_line' id='line_1_31' title="bbox 293 1899 1704 1955; baseline 0.001 -18"><span class='ocrx_word' id='word_1_262' title='bbox 293 1899 403 1938; x_wconf 67' lang='grc' dir='ltr'><strong>θεῶν</strong></span> <span class='ocrx_word' id='word_1_263' title='bbox 431 1900 609 1951; x_wconf 79' lang='grc' dir='ltr'><em>μητέρα,</em></span> <span class='ocrx_word' id='word_1_264' title='bbox 637 1901 851 1953; x_wconf 77' lang='grc' dir='ltr'><strong><em>διαφόροις</em></strong></span> <span class='ocrx_word' id='word_1_265' title='bbox 887 1899 1015 1952; x_wconf 72' lang='grc' dir='ltr'><em>αὐτὴν</em></span> <span class='ocrx_word' id='word_1_266' title='bbox 1044 1900 1114 1940; x_wconf 79' lang='grc' dir='ltr'>καί</span> <span class='ocrx_word' id='word_1_267' title='bbox 1154 1903 1366 1955; x_wconf 76' lang='grc' dir='ltr'><em>ἐγχωρίοις</em></span> <span class='ocrx_word' id='word_1_268' title='bbox 1391 1899 1588 1951; x_wconf 76' lang='grc' dir='ltr'><strong><em>ὀνόμασιν</em></strong></span> <span class='ocrx_word' id='word_1_269' title='bbox 1613 1899 1704 1941; x_wconf 75' lang='grc' dir='ltr'>ὄνο-</span> 
     </span>
     <span class='ocr_line' id='line_1_32' title="bbox 293 1950 1702 2007; baseline 0.003 -17"><span class='ocrx_word' id='word_1_270' title='bbox 293 1952 513 1999; x_wconf 77' lang='grc' dir='ltr'><strong><em>μάζοντες·</em></strong></span> <span class='ocrx_word' id='word_1_271' title='bbox 575 1953 727 2003; x_wconf 75' lang='grc' dir='ltr'><em>ὁμοίως</em></span> <span class='ocrx_word' id='word_1_272' title='bbox 767 1954 839 1994; x_wconf 84' lang='grc' dir='ltr'><strong><em>καί</em></strong></span> <span class='ocrx_word' id='word_1_273' title='bbox 878 1952 946 1993; x_wconf 85' lang='grc' dir='ltr'><strong>τὸν</strong></span> <span class='ocrx_word' id='word_1_274' title='bbox 982 1956 1055 1994; x_wconf 80' lang='grc' dir='ltr'><strong>τοῦ</strong></span> <span class='ocrx_word' id='word_1_275' title='bbox 1081 1950 1270 2007; x_wconf 76' lang='grc' dir='ltr'><strong>”Λρεως,</strong></span> <span class='ocrx_word' id='word_1_276' title='bbox 1309 1955 1525 2000; x_wconf 79' lang='grc' dir='ltr'><strong><em>καλοῦντες</em></strong></span> <span class='ocrx_word' id='word_1_277' title='bbox 1576 1952 1702 1994; x_wconf 65' lang='grc' dir='ltr'><strong><em>αὐτὸν</em></strong></span> 
     </span>
     <span class='ocr_line' id='line_1_33' title="bbox 284 2002 1699 2062; baseline 0.003 -16"><span class='ocrx_word' id='word_1_278' title='bbox 284 2003 476 2046; x_wconf 67' lang='lat' dir='ltr'><strong>&#39;‘Adwm</strong></span> <span class='ocrx_word' id='word_1_279' title='bbox 506 2007 577 2045; x_wconf 84' lang='grc' dir='ltr'>καί</span> <span class='ocrx_word' id='word_1_280' title='bbox 605 2002 743 2053; x_wconf 70' lang='grc' dir='ltr'><strong><em>ἄλλοις</em></strong></span> <span class='ocrx_word' id='word_1_281' title='bbox 767 2008 875 2047; x_wconf 76' lang='grc' dir='ltr'><strong><em>τισίν</em></strong></span> <span class='ocrx_word' id='word_1_282' title='bbox 906 2003 1110 2056; x_wconf 72' lang='grc' dir='ltr'><strong><em>ὀνόμασιν.</em></strong></span> <span class='ocrx_word' id='word_1_283' title='bbox 1172 2022 1194 2049; x_wconf 90' lang='lat' dir='ltr'><strong>e</strong></span> <span class='ocrx_word' id='word_1_284' title='bbox 1214 2010 1364 2062; x_wconf 87' lang='lat' dir='ltr'><strong>quibuS‚</strong></span> <span class='ocrx_word' id='word_1_285' title='bbox 1390 2021 1491 2062; x_wconf 84' lang='lat' dir='ltr'><strong>quae</strong></span> <span class='ocrx_word' id='word_1_286' title='bbox 1516 2009 1566 2049; x_wconf 77' lang='lat' dir='ltr'><strong>tle</strong></span> <span class='ocrx_word' id='word_1_287' title='bbox 1591 2009 1699 2050; x_wconf 80' lang='lat' dir='ltr'><strong>Ado-</strong></span> 
     </span>
     <span class='ocr_line' id='line_1_34' title="bbox 296 2061 1700 2116; baseline 0.002 -16"><span class='ocrx_word' id='word_1_288' title='bbox 296 2061 388 2101; x_wconf 88' lang='lat' dir='ltr'><strong>nide</strong></span> <span class='ocrx_word' id='word_1_289' title='bbox 417 2061 513 2110; x_wconf 85' lang='lat' dir='ltr'><strong>dixi,</strong></span> <span class='ocrx_word' id='word_1_290' title='bbox 540 2063 758 2111; x_wconf 81' lang='lat' dir='ltr'><strong>firmantur,</strong></span> <span class='ocrx_word' id='word_1_291' title='bbox 789 2063 1080 2116; x_wconf 85' lang='lat' dir='ltr'><strong>clarissimeque</strong></span> <span class='ocrx_word' id='word_1_292' title='bbox 1106 2068 1273 2115; x_wconf 84' lang='lat' dir='ltr'><strong>apparet</strong></span> <span class='ocrx_word' id='word_1_293' title='bbox 1296 2065 1444 2104; x_wconf 81' lang='lat' dir='ltr'><strong>nullam</strong></span> <span class='ocrx_word' id='word_1_294' title='bbox 1472 2075 1559 2103; x_wconf 88' lang='lat' dir='ltr'><strong>esse</strong></span> <span class='ocrx_word' id='word_1_295' title='bbox 1586 2075 1700 2103; x_wconf 88' lang='lat' dir='ltr'><strong>eaus-</strong></span> 
     </span>
     <span class='ocr_line' id='line_1_35' title="bbox 295 2115 1701 2169; baseline 0.002 -15"><span class='ocrx_word' id='word_1_296' title='bbox 295 2127 391 2164; x_wconf 66' lang='lat' dir='ltr'><strong>sam⁵</strong></span> <span class='ocrx_word' id='word_1_297' title='bbox 412 2115 663 2167; x_wconf 85' lang='lat' dir='ltr'><strong>quamobrem</strong></span> <span class='ocrx_word' id='word_1_298' title='bbox 703 2117 807 2156; x_wconf 84' lang='lat' dir='ltr'><strong>Livii</strong></span> <span class='ocrx_word' id='word_1_299' title='bbox 833 2120 888 2156; x_wconf 81' lang='lat'><strong>38</strong></span> <span class='ocrx_word' id='word_1_300' title='bbox 919 2119 971 2156; x_wconf 87' lang='lat'><strong>15</strong></span> <span class='ocrx_word' id='word_1_301' title='bbox 1011 2118 1149 2166; x_wconf 87' lang='lat' dir='ltr'><strong>vicum,</strong></span> <span class='ocrx_word' id='word_1_302' title='bbox 1179 2129 1291 2169; x_wconf 84' lang='lat' dir='ltr'><strong>quem</strong></span> <span class='ocrx_word' id='word_1_303' title='bbox 1322 2117 1525 2157; x_wconf 82' lang='lat' dir='ltr'><strong>Adonidos</strong></span> <span class='ocrx_word' id='word_1_304' title='bbox 1552 2116 1701 2157; x_wconf 84' lang='lat' dir='ltr'><strong>Comen</strong></span> 
     </span>
     <span class='ocr_line' id='line_1_36' title="bbox 295 2169 1696 2222; baseline 0.002 -15"><span class='ocrx_word' id='word_1_305' title='bbox 295 2174 465 2218; x_wconf 85' lang='lat' dir='ltr'><strong>vocant,</strong></span> <span class='ocrx_word' id='word_1_306' title='bbox 512 2169 588 2208; x_wconf 87' lang='lat' dir='ltr'><strong>viri</strong></span> <span class='ocrx_word' id='word_1_307' title='bbox 623 2170 730 2210; x_wconf 88' lang='lat' dir='ltr'><strong>docti</strong></span> <span class='ocrx_word' id='word_1_308' title='bbox 765 2175 936 2211; x_wconf 84' lang='lat' dir='ltr'><strong>mutent:</strong></span> <span class='ocrx_word' id='word_1_309' title='bbox 977 2183 1062 2210; x_wconf 87' lang='lat' dir='ltr'><strong>cum</strong></span> <span class='ocrx_word' id='word_1_310' title='bbox 1105 2170 1208 2210; x_wconf 89' lang='lat' dir='ltr'><strong>enim</strong></span> <span class='ocrx_word' id='word_1_311' title='bbox 1247 2171 1348 2220; x_wconf 80' lang='lat' dir='ltr'><strong>Lydi</strong></span> <span class='ocrx_word' id='word_1_312' title='bbox 1376 2171 1556 2222; x_wconf 83' lang='lat' dir='ltr'><strong>Phryges</strong></span> <span class='ocrx_word' id='word_1_313' title='bbox 1584 2170 1696 2220; x_wconf 80' lang='lat' dir='ltr'><strong>Lycii</strong></span> 
     </span>
     <span class='ocr_line' id='line_1_37' title="bbox 295 2222 1702 2276; baseline 0.003 -16"><span class='ocrx_word' id='word_1_314' title='bbox 295 2222 529 2273; x_wconf 86' lang='lat' dir='ltr'><strong>Pamphylii,</strong></span> <span class='ocrx_word' id='word_1_315' title='bbox 556 2223 605 2261; x_wconf 89' lang='lat' dir='ltr'><strong>de</strong></span> <span class='ocrx_word' id='word_1_316' title='bbox 632 2224 771 2275; x_wconf 82' lang='lat' dir='ltr'><strong>quibus</strong></span> <span class='ocrx_word' id='word_1_317' title='bbox 802 2225 979 2263; x_wconf 89' lang='lat' dir='ltr'><strong>omnibus</strong></span> <span class='ocrx_word' id='word_1_318' title='bbox 998 2225 1173 2273; x_wconf 90' lang='lat' dir='ltr'><strong>Proclus,</strong></span> <span class='ocrx_word' id='word_1_319' title='bbox 1200 2223 1359 2264; x_wconf 82' lang='lat' dir='ltr'><strong>Adonin</strong></span> <span class='ocrx_word' id='word_1_320' title='bbox 1386 2225 1600 2276; x_wconf 85' lang='lat' dir='ltr'><strong>praecipuo</strong></span> <span class='ocrx_word' id='word_1_321' title='bbox 1628 2224 1702 2264; x_wconf 85' lang='lat' dir='ltr'><strong>ho-</strong></span> 
     </span>
     <span class='ocr_line' id='line_1_38' title="bbox 295 2276 1701 2333; baseline 0.002 -20"><span class='ocrx_word' id='word_1_322' title='bbox 295 2287 393 2314; x_wconf 88' lang='lat' dir='ltr'><strong>nore</strong></span> <span class='ocrx_word' id='word_1_323' title='bbox 421 2276 635 2326; x_wconf 87' lang='lat' dir='ltr'><strong>coluerint,</strong></span> <span class='ocrx_word' id='word_1_324' title='bbox 670 2278 761 2329; x_wconf 85' lang='lat' dir='ltr'><strong>quid</strong></span> <span class='ocrx_word' id='word_1_325' title='bbox 795 2278 978 2329; x_wconf 85' lang='lat' dir='ltr'><strong>impediet</strong></span> <span class='ocrx_word' id='word_1_326' title='bbox 1005 2277 1152 2318; x_wconf 85' lang='lat' dir='ltr'><strong>Comen</strong></span> <span class='ocrx_word' id='word_1_327' title='bbox 1184 2277 1387 2318; x_wconf 87' lang='lat' dir='ltr'><strong>Adonidos</strong></span> <span class='ocrx_word' id='word_1_328' title='bbox 1421 2278 1462 2318; x_wconf 91' lang='lat' dir='ltr'><strong>in</strong></span> <span class='ocrx_word' id='word_1_329' title='bbox 1499 2277 1701 2333; x_wconf 81' lang='lat' dir='ltr'><strong>Pbrygiae</strong></span> 
     </span>
     <span class='ocr_line' id='line_1_39' title="bbox 294 2329 1698 2381; baseline 0.003 -14"><span class='ocrx_word' id='word_1_330' title='bbox 294 2329 437 2368; x_wconf 83' lang='lat' dir='ltr'><strong>finibus</strong></span> <span class='ocrx_word' id='word_1_331' title='bbox 465 2330 607 2379; x_wconf 84' lang='lat' dir='ltr'><strong>fuisse,</strong></span> <span class='ocrx_word' id='word_1_332' title='bbox 637 2331 671 2369; x_wconf 92' lang='lat' dir='ltr'><strong>si</strong></span> <span class='ocrx_word' id='word_1_333' title='bbox 699 2331 813 2370; x_wconf 87' lang='lat' dir='ltr'><strong>Livio</strong></span> <span class='ocrx_word' id='word_1_334' title='bbox 840 2332 1073 2371; x_wconf 66' lang='lat' dir='ltr'><strong>credamus?</strong></span> <span class='ocrx_word' id='word_1_335' title='bbox 1140 2336 1331 2381; x_wconf 85' lang='lat' dir='ltr'><strong>ceterum,</strong></span> <span class='ocrx_word' id='word_1_336' title='bbox 1359 2335 1403 2371; x_wconf 91' lang='lat' dir='ltr'><strong>ut</strong></span> <span class='ocrx_word' id='word_1_337' title='bbox 1429 2331 1480 2371; x_wconf 85' lang='lat' dir='ltr'><strong>ad</strong></span> <span class='ocrx_word' id='word_1_338' title='bbox 1505 2331 1698 2371; x_wconf 79' lang='lat' dir='ltr'><strong>Ascenum</strong></span> 
     </span>
     <span class='ocr_line' id='line_1_40' title="bbox 295 2383 1700 2438; baseline 0.001 -18"><span class='ocrx_word' id='word_1_339' title='bbox 295 2383 466 2431; x_wconf 86' lang='lat' dir='ltr'><strong>redeam,</strong></span> <span class='ocrx_word' id='word_1_340' title='bbox 495 2395 575 2422; x_wconf 91' lang='lat' dir='ltr'><strong>non</strong></span> <span class='ocrx_word' id='word_1_341' title='bbox 602 2384 772 2424; x_wconf 87' lang='lat' dir='ltr'><strong>dubitem</strong></span> <span class='ocrx_word' id='word_1_342' title='bbox 799 2386 894 2437; x_wconf 82' lang='lat' dir='ltr'><strong>quin</strong></span> <span class='ocrx_word' id='word_1_343' title='bbox 911 2385 1012 2424; x_wconf 87' lang='lat' dir='ltr'><strong>idem</strong></span> <span class='ocrx_word' id='word_1_344' title='bbox 1040 2389 1157 2437; x_wconf 85' lang='lat' dir='ltr'><strong>atque</strong></span> <span class='ocrx_word' id='word_1_345' title='bbox 1175 2386 1244 2425; x_wconf 89' lang='lat' dir='ltr'><strong>ille</strong></span> <span class='ocrx_word' id='word_1_346' title='bbox 1261 2385 1314 2424; x_wconf 88' lang='lat' dir='ltr'><strong>sit</strong></span> <span class='ocrx_word' id='word_1_347' title='bbox 1330 2397 1443 2438; x_wconf 84' lang='lat' dir='ltr'><strong>quem</strong></span> <span class='ocrx_word' id='word_1_348' title='bbox 1466 2383 1700 2425; x_wconf 79' lang='lat' dir='ltr'><strong>Antiochiae</strong></span> 
     </span>
     <span class='ocr_line' id='line_1_41' title="bbox 295 2436 1701 2490; baseline 0.002 -16"><span class='ocrx_word' id='word_1_349' title='bbox 295 2436 336 2474; x_wconf 92' lang='lat' dir='ltr'><strong>in</strong></span> <span class='ocrx_word' id='word_1_350' title='bbox 351 2436 499 2476; x_wconf 83' lang='lat' dir='ltr'><strong>Pisidia</strong></span> <span class='ocrx_word' id='word_1_351' title='bbox 515 2437 685 2477; x_wconf 86' lang='lat' dir='ltr'><strong>maximo</strong></span> <span class='ocrx_word' id='word_1_352' title='bbox 706 2438 855 2478; x_wconf 88' lang='lat' dir='ltr'><strong>honore</strong></span> <span class='ocrx_word' id='word_1_353' title='bbox 868 2439 1216 2490; x_wconf 86' lang='lat' dir='ltr'><strong>prosequebantur.</strong></span> <span class='ocrx_word' id='word_1_354' title='bbox 1245 2438 1405 2489; x_wconf 89' lang='lat' dir='ltr'><strong>Strabo,</strong></span> <span class='ocrx_word' id='word_1_355' title='bbox 1424 2438 1539 2478; x_wconf 88' lang='lat' dir='ltr'><strong>modo</strong></span> <span class='ocrx_word' id='word_1_356' title='bbox 1562 2448 1701 2489; x_wconf 85' lang='lat' dir='ltr'><strong>parum</strong></span> 
     </span>
     <span class='ocr_line' id='line_1_42' title="bbox 295 2484 1697 2543; baseline 0 -16"><span class='ocrx_word' id='word_1_357' title='bbox 295 2488 503 2528; x_wconf 88' lang='lat' dir='ltr'><strong>adiuvetur</strong></span> <span class='ocrx_word' id='word_1_358' title='bbox 526 2491 639 2530; x_wconf 89' lang='lat' dir='ltr'><strong>nobis</strong></span> <span class='ocrx_word' id='word_1_359' title='bbox 666 2504 752 2531; x_wconf 86' lang='lat' dir='ltr'><strong>eum</strong></span> <span class='ocrx_word' id='word_1_360' title='bbox 779 2492 952 2531; x_wconf 84' lang='lat' dir='ltr'><strong>ostendit</strong></span> <span class='ocrx_word' id='word_1_361' title='bbox 980 2493 1007 2530; x_wconf 91' lang='lat'><strong>1.</strong></span> <span class='ocrx_word' id='word_1_362' title='bbox 1038 2496 1090 2531; x_wconf 79' lang='lat'><strong>12</strong></span> <span class='ocrx_word' id='word_1_363' title='bbox 1124 2506 1163 2543; x_wconf 84' lang='lat' dir='ltr'><strong>p.</strong></span> <span class='ocrx_word' id='word_1_364' title='bbox 1185 2494 1286 2532; x_wconf 70' lang='lat'><strong>5⁷7:</strong></span> <span class='ocrx_word' id='word_1_365' title='bbox 1324 2484 1375 2540; x_wconf 78' lang='grc' dir='ltr'><strong>ἦν</strong></span> <span class='ocrx_word' id='word_1_366' title='bbox 1419 2489 1466 2529; x_wconf 80' lang='grc' dir='ltr'><strong>δὲ</strong></span> <span class='ocrx_word' id='word_1_367' title='bbox 1503 2489 1697 2540; x_wconf 74' lang='grc' dir='ltr'><strong>ἐνταῦθα,</strong></span> 
     </span>
     <span class='ocr_line' id='line_1_43' title="bbox 295 2538 1698 2596; baseline 0.001 -16"><span class='ocrx_word' id='word_1_368' title='bbox 295 2542 334 2581; x_wconf 89' lang='lat' dir='ltr'><strong>in</strong></span> <span class='ocrx_word' id='word_1_369' title='bbox 365 2542 432 2589; x_wconf 86' lang='lat' dir='ltr'><strong>uit,</strong></span> <span class='ocrx_word' id='word_1_370' title='bbox 459 2538 528 2579; x_wconf 84' lang='grc' dir='ltr'><em>καί</em></span> <span class='ocrx_word' id='word_1_371' title='bbox 558 2539 757 2595; x_wconf 76' lang='grc' dir='ltr'><strong><em>ἱερωσύνη</em></strong></span> <span class='ocrx_word' id='word_1_372' title='bbox 782 2557 842 2590; x_wconf 75' lang='grc' dir='ltr'><strong>τις</strong></span> <span class='ocrx_word' id='word_1_373' title='bbox 869 2542 1015 2595; x_wconf 77' lang='grc' dir='ltr'><strong><em>Μηνὸς</em></strong></span> <span class='ocrx_word' id='word_1_374' title='bbox 1039 2543 1253 2595; x_wconf 80' lang='grc' dir='ltr'><strong><em>Ἀρκαίου,</em></strong></span> <span class='ocrx_word' id='word_1_375' title='bbox 1278 2542 1434 2596; x_wconf 74' lang='grc' dir='ltr'><strong><em>πλῆθος</em></strong></span> <span class='ocrx_word' id='word_1_376' title='bbox 1459 2539 1610 2594; x_wconf 77' lang='grc' dir='ltr'><strong><em>ἔχουσα</em></strong></span> <span class='ocrx_word' id='word_1_377' title='bbox 1638 2539 1698 2582; x_wconf 80' lang='grc' dir='ltr'><strong>ἱε-</strong></span> 
     </span>
     <span class='ocr_line' id='line_1_44' title="bbox 297 2593 1699 2652; baseline 0.004 -20"><span class='ocrx_word' id='word_1_378' title='bbox 297 2608 344 2645; x_wconf 78' lang='grc' dir='ltr'><strong>ρο</strong></span> <span class='ocrx_word' id='word_1_379' title='bbox 368 2593 502 2634; x_wconf 80' lang='grc' dir='ltr'><em>ὀύλων</em></span> <span class='ocrx_word' id='word_1_380' title='bbox 552 2595 623 2635; x_wconf 83' lang='grc' dir='ltr'><em>καί</em></span> <span class='ocrx_word' id='word_1_381' title='bbox 660 2597 826 2651; x_wconf 75' lang='grc' dir='ltr'><em>χωρίων</em></span> <span class='ocrx_word' id='word_1_382' title='bbox 873 2594 1005 2651; x_wconf 75' lang='grc' dir='ltr'><strong><em>ἱερῶν.</em></strong></span> <span class='ocrx_word' id='word_1_383' title='bbox 1073 2599 1132 2640; x_wconf 88' lang='lat' dir='ltr'><strong>sic</strong></span> <span class='ocrx_word' id='word_1_384' title='bbox 1167 2602 1326 2640; x_wconf 90' lang='lat' dir='ltr'><strong>vertunt</strong></span> <span class='ocrx_word' id='word_1_385' title='bbox 1362 2598 1579 2652; x_wconf 80' lang='lat' dir='ltr'><strong>eduntque:</strong></span> <span class='ocrx_word' id='word_1_386' title='bbox 1618 2609 1699 2639; x_wconf 87' lang='lat' dir='ltr'><strong>mss</strong></span> 
     </span>
    </p>
   </div>
  </div>
 </body>
</html>
