1780 3132
316 152 408 196 320
628 155 883 196 BANDURu
916 156 1406 201 ANJMAnvnsssioNEs

421 268 487 315 97,
521 267 586 304 17.
643 263 882 313 διεπέρασεν
907 264 964 310 εἰς
992 263 1061 314 τήν
1088 266 1311 316 Ἱσπανίαν]
1344 271 1521 310 Maruam
1550 282 1575 311 a
1603 270 1715 311 Mau-

321 318 504 370 rophoris
536 317 677 366 occiso,
710 318 792 356 eius
821 318 892 357 filii
920 331 967 358 ac
996 321 1138 371 reliqui
1166 323 1305 361 affines
1333 324 1623 364 calamitatibus
1649 337 1715 364 su-

315 374 498 423 perstites
529 383 579 410 ex
593 370 776 421 Aegypto
802 372 1073 423 migraverunt
1097 375 1137 412 in
1155 374 1354 424 Africam3
1385 377 1475 416 inde
1499 379 1620 418 maris
1643 390 1716 418 an-

312 427 418 477 gusti
446 427 588 464 fretum
614 424 779 472 Libyam
808 425 858 464 ab
885 426 1047 478 Europa
1074 428 1185 467 iuxta
1216 429 1412 469 Oceanum
1438 431 1716 471 disterminans

313 479 552 519 traiicientes
591 477 732 528 (Septe
759 479 846 517 loco
873 492 1012 519 nomen
1055 482 1199 520 factum
1230 482 1308 532 est)
1340 484 1564 535 Hispaniam
1587 485 1716 524 Euro-

311 545 387 583 pae
412 535 565 582 partem
594 531 646 570 ad
673 531 747 570 hoc
776 544 897 584 usque
924 538 1072 585 tempus
1098 539 1332 584 tenuerunt;
1361 538 1430 576 alii
1457 538 1550 576 licet
1575 550 1714 589 super-

312 586 485 624 stitionis
515 585 685 624 eiusdem
714 589 751 624 et
783 598 833 625 ex
871 588 1005 626 eadem
1039 588 1162 639 stirpe
1190 590 1287 639 nati,
1315 602 1412 641 quos
1437 591 1617 632 nimirum
1643 603 1715 631 na—

312 639 425 677 vibus
454 640 681 690 deportatos
708 639 802 678 illuc
832 642 1012 690 exposuit
1035 642 1218 692 Mavias‚
1265 655 1351 682 eam
1379 645 1581 696 regionem
1606 644 1716 695 prius

310 692 569 732 incoluerunt.
637 692 694 731 sic
736 693 998 745 Theophanes
1038 708 1074 735 a.
1104 700 1131 735 9
1172 697 1327 748 imperii
1364 697 1612 738 Constantini
1640 697 1716 737 Co-

309 747 502 797 pronymi.
567 758 618 786 ex
645 746 784 797 quibus
812 753 979 799 apparet
1005 750 1237 800 scriptorem
1266 755 1442 791 nostrum
1464 752 1527 791 hic
1553 752 1716 795 confun-

310 801 406 838 dere
432 799 720 851 expeditionem
748 801 937 851 primam,
967 814 1083 853 quam
1109 802 1262 842 Arabes
1291 805 1331 843 in
1373 805 1550 845 Africam
1573 805 1715 854 fecere,

310 866 395 892 cum
423 854 498 893 hac
527 853 722 902 secunda,
752 866 851 906 quae
891 856 1034 894 accidit
1060 857 1267 896 interfecto
1295 858 1476 898 Maruam
1505 872 1531 900 a
1555 858 1716 899 Mauro-

308 906 465 959 phoris;
494 907 542 945 de
574 918 652 958 qua
682 907 837 959 quidem
874 908 1050 960 loquitur
1078 911 1340 962 Theophanes
1365 913 1392 951 l.
1419 911 1446 952 l.

414 969 521 1011 Ibid.
551 975 616 1011 22.
673 970 743 1009 καί
781 969 918 1017 οὐδείς
943 973 1023 1011 τῶν
1060 969 1291 1026 ἱστορικῶν]
1320 976 1368 1014 de
1396 975 1555 1015 Maviae
1584 979 1715 1027 poste-

307 1025 376 1074 ris,
406 1026 470 1076 qui
498 1025 540 1064 in
570 1025 761 1076 Hispania
786 1031 1019 1077 regnarunt,
1047 1028 1138 1067 vide
1154 1028 1388 1069 Rodericum
1415 1030 1650 1071 Toletanum
1675 1030 1716 1070 in

306 1079 483 1118 Historia
509 1079 698 1119 Arabum.

414 1135 479 1182 98,
507 1137 544 1172 1.
603 1131 757 1182 α’πεβίω
778 1125 850 1170 οὖν
877 1129 1106 1182 ὃΜαβίας]
1135 1135 1398 1188 Theophanes
1425 1136 1584 1177 Maviae
1607 1148 1716 1176 mor·
1760 1156 1763 1159 >

239 1211 249 1220 κ
306 1189 385 1226 tem
414 1199 450 1226 a.
482 1190 531 1225 11
562 1186 812 1226 Constantini
838 1188 1032 1239 Pogonati
1056 1189 1189 1229 tradit.

418 1249 524 1292 Ibid.
551 1256 590 1292 3.
647 1247 715 1302 ἔτη
745 1247 818 1299 κς’]
864 1253 1126 1305 Theophanes
1165 1254 1292 1293 editus
1333 1266 1384 1294 ex
1422 1254 1557 1295 codice
1589 1254 1715 1305 Regio

303 1304 424 1346 habet
452 1300 519 1355 ἔτη
548 1302 592 1342 κ’.
657 1306 716 1345 ita
742 1310 781 1344 et
805 1307 998 1347 Miscella.
1065 1308 1219 1347 codices
1248 1308 1503 1360 Theophanis
1543 1308 1715 1348 Palatini

305 1365 344 1398 et
371 1359 600 1408 Peyresiani
627 1359 787 1409 habent,
813 1364 856 1398 ut
884 1360 1055 1412 scriptor
1082 1360 1229 1412 noster,
1259 1356 1330 1411 ἔτη
1361 1358 1430 1405 κς’.

431 1421 538 1464 Ιόἱά.
569 1426 606 1463 4.
662 1418 729 1474 ἔτη
756 1420 813 1469 ς’]
853 1424 1034 1464 Tabulae
1071 1425 1324 1476 Theophanis
1350 1426 1436 1466 Izid
1481 1438 1607 1466 anuos
1631 1430 1715 1465 tres

300 1477 540 1518 adscribunt.
605 1477 669 1517 hic
709 1481 838 1517 autem
866 1477 1047 1518 Cedrena
1088 1475 1202 1529 Ὲζὴδ
1241 1483 1280 1518 et
1315 1479 1550 1532 Landulpho
1589 1478 1717 1520 Gizid

299 1532 454 1571 dicitur.

406 1583 515 1625 Ibid.
545 1585 583 1623 5.
640 1580 935 1635 ἐταράχθησαν
974 1580 1012 1622 οἱ
1032 1577 1230 1635 ’Ἀραβες]
1275 1586 1324 1625 de
1358 1585 1434 1626 hac
1469 1586 1716 1638 reloquitur

301 1638 567 1690 Theophanes
596 1650 633 1678 a.
663 1640 717 1677 15
747 1639 900 1690 imperii
930 1637 1180 1679 Constantini
1210 1640 1418 1692 Pogonati,
1447 1640 1516 1680 sed
1547 1640 1715 1680 diversis

298 1693 442 1733 verbis.

408 1744 515 1786 lbid.
545 1749 584 1786 8.
645 1740 802 1792 Οὕσὰν]
831 1746 874 1785 in
903 1745 1146 1797 Theophane
1172 1746 1334 1798 legitur.

407 1809 516 1851 Ibid.
548 1815 611 1851 13.
679 1810 722 1848 ἐν
750 1806 923 1858 τούτοις]
963 1823 1042 1849 non
1086 1811 1190 1851 inter
1216 1812 1326 1860 haec,
1353 1811 1423 1851 sed
1451 1811 1566 1851 annis
1592 1812 1716 1850 ferme

298 1865 449 1904 duobus
477 1870 567 1916 post
592 1864 759 1906 moritur
771 1864 1063 1913 Constantinus,
1090 1877 1168 1905 non
1196 1866 1350 1918 quidem
1373 1865 1477 1905 filius
1504 1865 1714 1916 Pogonati,

298 1919 367 1958 sed
398 1920 628 1970 pogonatus
655 1919 741 1970 ipse
769 1930 806 1958 a.
854 1918 1009 1969 imperii
1046 1919 1106 1957 sui
1134 1923 1199 1959 1⁷.
1254 1919 1357 1959 unde
1381 1919 1446 1958 hic
1472 1922 1512 1957 et
1541 1930 1661 1968 supra
1689 1930 1716 1958 a

298 1972 431 2012 scriba
460 1973 617 2012 indocto
646 1972 868 2011 adiunctum
898 1972 1021 2010 fuisse
1050 1975 1143 2023 puto
1171 1973 1270 2012 illud
1295 1968 1317 2009 ὅ
1345 1969 1435 2018 υῐὸς
1462 1970 1538 2010 τοῦ
1550 1971 1715 2021 Πωγω-

297 2020 435 2063 νάτου.
491 2027 583 2078 lege
609 2027 732 2079 igitur
763 2021 783 2062 ὅ
811 2021 1081 2074 Πωγωνάτος.

406 2078 511 2120 Ibid.
532 2084 600 2119 20.
657 2075 769 2130 παρὰ
793 2075 981 2126 Οὗθμάν]
1009 2079 1166 2118 Mavias
1184 2078 1350 2130 primum
1377 2079 1427 2119 ab
1448 2079 1605 2128 Umaro,
1634 2090 1714 2118 non

302 2145 399 2173 vero
442 2134 491 2173 ab
521 2134 729 2182 Uthmano,
757 2132 1077 2185 quemadmodum
1113 2133 1237 2172 tradit
1277 2133 1340 2172 hic
1366 2133 1538 2184 scriptor
1565 2135 1714 2179 noster,

299 2191 458 2226 creatus
488 2188 563 2227 fuit
601 2188 683 2227 dux
710 2190 750 2226 et
775 2198 931 2226 ameras
959 2185 1260 2225 Saracenorum.
1327 2190 1467 2226 auctor
1495 2189 1556 2225 est
1582 2185 1714 2226 Theo-

299 2240 450 2292 phanes
479 2242 530 2280 ad
556 2254 700 2280 annum
727 2245 780 2280 28
808 2240 991 2279 Heraclii.

404 2300 470 2344 99,
501 2298 538 2334 4.
594 2295 638 2333 ἐν
668 2293 719 2347 τῇ
739 2290 885 2346 Ῥόδῳ]
932 2294 981 2332 de
1008 2293 1084 2332 hac
1113 2292 1361 2344 expeditione
1391 2293 1549 2332 Maviae
1575 2294 1714 2331 contra

299 2347 478 2388 Rhodum
508 2353 546 2387 et
582 2350 713 2388 altera
756 2347 1000 2400 postmodum
1038 2351 1177 2386 contra
1210 2347 1364 2398 Cpolim
1393 2347 1568 2399 loquitur
1597 2345 1714 2384 etiam

299 2402 430 2452 capite
473 2402 726 2453 praecedenti
767 2402 940 2453 scriptor
978 2404 1126 2440 noster.
1193 2402 1262 2440 sed
1300 2400 1481 2440 Rhodum
1521 2401 1715 2450 occupant

247 2470 258 2483 =
301 2454 496 2495 Saraceni
537 2460 576 2495 et
617 2457 811 2495 colossum
837 2455 1031 2495 Rhodium
1070 2459 1254 2494 evertunt
1281 2467 1317 2494 a.
1349 2458 1401 2493 12
1428 2453 1583 2505 imperii
1607 2452 1712 2492 Con-

299 2509 462 2558 stantis,
506 2514 549 2549 ut
575 2509 700 2549 tradit
726 2509 989 2561 Theophanes
1036 2509 1173 2547 eodem
1198 2510 1312 2557 loco;
1354 2508 1588 2560 Cpolitanae
1617 2517 1713 2544 vero

299 2563 410 2602 urbis
439 2567 667 2614 septennem
695 2564 938 2603 obsidionem
965 2563 1090 2601 refert
1117 2563 1218 2602 idem
1245 2562 1417 2614 scriptor
1445 2562 1498 2602 ad
1524 2572 1668 2602 annum
1685 2560 1714 2598 5

300 2615 551 2658 Constantini
580 2618 799 2670 Pogonati,
826 2617 893 2656 ubi
920 2617 969 2656 de
998 2616 1071 2656 hac
1097 2616 1275 2668 pluribus
1304 2617 1402 2669 agit.
