1780 3132
229 167 299 207 DE
345 163 792 208 ADMlNlSTRANDO
833 162 1054 206 IMPERIO
1095 160 1214 203 CAP.
1255 161 1321 205 49.
1351 164 1417 204 50.
1495 161 1585 205 221

153 263 335 319 Μιχαὴλ
364 260 718 317 α’ποστατήσαντες
742 262 960 317 γεγόνασιν
990 259 1244 315 ἰδιόρυθμοι,
1271 261 1493 314 λεηλασίας
1521 260 1595 300 καί

152 327 517 383 ἀνδραποδισμοὺς
543 331 615 370 καί
645 328 825 383 πραίδας
850 329 925 368 καί
950 323 1218 381 ἐμπρησμούς
1244 326 1318 366 καί
1338 324 1494 373 κλοπάς
1521 326 1592 377 ε’ρ-

149 394 382 448 γαζόμενοι.
439 396 509 435 ε’πὶ
538 397 584 436 δὲ
615 396 686 448 τῆς
713 395 931 446 βασιλείας
951 392 1133 451 Μιχαὴλ
1161 393 1238 432 τοῦ
1265 388 1361 432 υἱοῦ
1382 391 1592 445 Θεοφίλου

154 459 364 514 ἀπεστάλη
407 459 427 501 ὃ
466 460 842 515 πρωτοσπαθάριος
886 456 1157 512 Θεόκτιστος,
1198 452 1250 497 οὗ
1290 455 1334 498 τὸ
1374 456 1542 510 ἐπίκλην
1570 454 1591 494 ὅ

119 528 234 570 5m3v
262 526 502 582 Βροιενίων,
529 524 759 580 στρατηγὸς
786 526 829 566 ἐν
855 525 912 580 τῷ
952 525 1105 576 θέματι
1135 523 1457 576 Πελοποννήσου
1484 522 1592 574 μετὰ

155 591 372 645 δυνάμεως
398 592 470 633 καί
507 589 654 644 ἰσχύος
681 591 851 644 πολλῆς,
882 585 1007 643 ἤγουν
1037 589 1211 645 Θρᾳκῶν
1238 591 1311 631 καί
1335 589 1595 632 Μακεδόνων

149 658 225 708 καί
251 659 334 698 τῶν
361 660 518 699 λοιπῶν
556 658 730 698 &vunan
757 651 976 709 θεμάτων,
1003 656 1078 696 τοῦ
1105 655 1332 709 πολεμῆσαι
1362 657 1434 697 καί
1458 658 1595 697 καθυ-

149 721 326 773 ποτάξαι
355 719 524 770 αὐτούς.
580 723 652 762 καί
679 720 837 769 πάντας
863 723 942 772 μὲν
967 718 1065 768 τούς
1083 718 1297 773 Σκλάβους
1322 723 1395 762 κατ’
1424 722 1594 769 λοιπούς

149 786 460 836 ἅνυποτάκτους
501 787 575 828 τοῦ
613 790 795 839 θέματος
833 783 1157 839 Πελοποννήσου
1187 785 1366 836 ὑπέταξε
1392 788 1594 839 καίἐχει-

93 857 137 893 10
150 852 341 907 ροόσατο·
395 851 517 906 μόνοι
548 854 594 893 δὲ
629 852 666 892 οἱ
696 852 895 905 Ἐζερῖται
921 853 995 892 καί
1022 849 1057 892 οἱ
1083 853 1296 904 ῙΠιληγγοί
1318 854 1592 908 κατελείφθη-

146 934 226 960 σαν
255 916 335 959 ὗπὸ
378 918 456 972 την
486 919 830 970 Λακεδαιμονίαν
869 919 940 958 καί
975 915 1019 958 τὸ
1039 912 1169 964 Ἕλος.
1226 918 1299 957 καί
1325 916 1466 971 ἐπειδη
1495 911 1592 972 ὅρος

146 980 258 1026 ἐστΐν
284 986 415 1026 ἐκεῖσε
452 985 560 1038 μέγα
588 984 662 1024 καί
687 981 966 1036 ὑψηλότατον,
1010 980 1263 1034 καλούμενον
1289 981 1593 1023 Πενταδάκτυ-

145 1056 241 1103 λος,
288 1049 361 1092 καί
384 1052 621 1104 εἰσέρχεται
655 1045 793 1101 ὥσπερ
835 1048 1040 1103 τράχηλος
1078 1048 1137 1096 εἰς
1165 1045 1240 1101 τήν
1267 1047 1488 1090 θάλασσαν
1515 1051 1594 1097 ἕως

147 1117 304 1158 πολλοῦ
335 1113 627 1169 διαστήματος,
657 1113 725 1156 διὰ
753 1113 797 1156 τὸ
828 1110 934 1155 εἶναι
976 1113 1048 1155 τόν
1076 1112 1204 1155 τόπον
1234 1111 1434 1156 δυ’σκολον
1459 1114 1592 1171 κατῴ-

92 1189 134 1222 15
146 1198 276 1238 κησαν
306 1183 364 1230 εἰς
403 1180 477 1230 τὰς
505 1180 688 1234 πλευράς
715 1182 793 1221 τοῦ
833 1175 964 1220 αὐτοῦ
993 1172 1128 1233 ὅρους,
1161 1180 1205 1220 ἐν
1231 1181 1310 1231 μὲν
1338 1181 1395 1236 τῷ
1422 1176 1487 1222 ἐνί
1513 1182 1592 1233 με’-

145 1263 210 1302 ρει
239 1245 276 1288 οἱ
305 1248 518 1299 ,Μιληγγοί
561 1249 605 1287 ὲν
645 1248 690 1287 δὲ
730 1247 784 1302 τῷ
821 1242 946 1301 ἑτέρῳ
991 1243 1028 1286 οἱ
1067 1246 1281 1299 Ἐζερῖται.
1347 1246 1421 1287 καί
1447 1243 1468 1285 ὃ
1515 1248 1594 1298 μὲν

144 1311 400 1368 προρρηθείς
444 1309 821 1366 πρωτοσπάθαριος
873 1308 1114 1359 Θεόκτιστος
1159 1313 1231 1352 καί
1266 1308 1460 1365 στατηγὸς
1497 1314 1594 1353 Πε-

142 1376 394 1431 λοποννήσου
430 1376 625 1431 δυνηθείς
660 1378 733 1417 καί
758 1374 931 1425 τούτους
962 1377 1277 1429 καθυποτοὶξαι,
1306 1377 1477 1418 ἐπέθετο
1503 1382 1593 1425 τοῖς

145 1444 224 1496 μὲν
254 1446 488 1497 ,Μιληγγοῖς
533 1446 770 1495 νομίσματα
821 1439 851 1493 ’ξ
891 1447 976 1492 τοῖς
1015 1443 1061 1483 δὲ
1102 1443 1325 1497 Ἐζερίταις
1360 1444 1596 1496 νομίσματα

90 1508 195 1565 2οτ’,
232 1506 353 1550 ἅτινα
394 1507 467 1549 καί
515 1510 682 1551 ἐτέλουν
730 1508 861 1550 αὐτοῦ
901 1512 1255 1564 στρατηγοῦντος,
1296 1507 1438 1558 καθώς
1479 1511 1595 1563 παρὰ

146 1576 228 1616 τῶν
256 1575 453 1616 ἐντοπίων
482 1571 733 1626 διασώζεται
760 1575 888 1627 μέχρι
914 1577 986 1628 τῆς
1013 1573 1194 1629 σήμερον
1235 1575 1262 1630 ἦ
1303 1575 1474 1630 τοιαύτη
1510 1577 1596 1630 φή-

145 1657 217 1696 μη,
272 1642 343 1684 ἐπὶ
379 1642 426 1682 δὲ
461 1643 531 1694 τῆς
569 1643 787 1693 βασιλείας
837 1642 908 1681 τοῦ
950 1643 1083 1693 κυροῦ
1118 1640 1336 1694 Ῥωμανοῦ
1367 1644 1441 1683 τοῦ
1468 1644 1596 1693 βασι-

147 1710 251 1757 λέως
278 1709 518 1762 στρατηγῶν
548 1705 568 1747 ὅ
596 1704 977 1762 πρωτοσπαθάριος
1006 1706 1191 1762 Ἰωάννης
1223 1707 1245 1747 ὁ
1278 1705 1523 1762 Πρωτειὶων
1552 1708 1596 1749 ἐν

241 1851 263 1884 2
291 1851 354 1884 καὶ
380 1849 544 1894 noaldus·
566 1851 629 1884 καὶ
657 1845 900 1896 ἐμπρησμοὺς
924 1849 995 1882 add
1016 1851 1038 1881 B
1139 1848 1181 1883 14
1206 1848 1258 1897 τὸ]
1288 1850 1327 1885 δὲ
1350 1851 1455 1896 vulgo
1552 1850 1595 1883 18

245 1898 387 1937 ἐξέθετο
414 1899 438 1931 Β
556 1897 602 1931 23
630 1898 680 1937 εἰς
706 1894 746 1932 τὸ
776 1895 863 1932 αὐτὸ
890 1900 989 1942 θέμα
1017 1897 1053 1929 Μ

148 2022 196 2055 ris
220 2021 416 2066 Theophili
441 2022 589 2067 eiusque
614 2022 681 2055 filii
706 2021 890 2055 Michaelis
914 2020 1151 2054 desciscentes
1171 2021 1359 2066 imperium
1386 2022 1595 2063 excussisse,
1622 2041 1625 2046 ·

147 2074 186 2102 et
206 2079 271 2102 suo
309 2068 414 2102 libitu
450 2070 608 2103 viventes
645 2069 867 2114 direptiones
902 2068 1127 2112 captivitates
1157 2068 1306 2113 praedas
1349 2068 1515 2102 incendia
1554 2080 1597 2102 ac

147 2115 241 2149 furta
265 2116 475 2149 exercuisse.
523 2117 721 2161 imperante
749 2126 832 2149 vero
851 2114 1028 2148 Michasle
1054 2114 1249 2159 Theophili
1274 2115 1349 2148 filio
1377 2116 1501 2149 missus
1529 2115 1597 2149 fuit

146 2161 453 2207 protospatharius
469 2162 699 2196 Theoctistus
727 2167 962 2206 cognomento
988 2162 1250 2202 Broeeniorum,
1276 2169 1418 2206 praetor
1442 2163 1487 2195 ad
1513 2162 1595 2195 the-

146 2219 203 2241 ma
228 2210 463 2254 Peloponnesi
488 2221 564 2242 cum
592 2221 717 2254 magna
732 2221 839 2242 manu
869 2208 1047 2242 Thracum
1061 2208 1296 2242 Macedonum
1325 2215 1594 2255 ceterorumque

147 2255 342 2289 thematum
371 2255 676 2297 Occidentalium,
710 2256 756 2289 ad
801 2267 861 2289 eos
898 2255 1134 2289 debellandos
1176 2256 1499 2301 subiugandosque.
1560 2262 1597 2291 et

148 2313 277 2335 omnes·
309 2302 455 2348 quidem
489 2303 632 2337 Sclavos
665 2303 893 2349 reliquosque
932 2303 1171 2347 Peloponnesi
1212 2303 1371 2336 nondum
1408 2303 1588 2347 subiectos

147 2349 235 2381 vicit
258 2360 298 2382 ac
324 2349 546 2394 subiugavit:
574 2351 642 2384 soli
666 2362 748 2383 vero
777 2350 937 2383 Ezeritae
968 2354 1005 2383 et
1028 2350 1176 2393 Milengi
1203 2350 1500 2395 relinquebantur
1523 2351 1590 2383 sub

148 2395 430 2429 Lacedaemonia
470 2402 506 2430 et
531 2397 622 2430 Elos.
683 2408 723 2430 ac
750 2396 1047 2442 quandoquidem
1076 2408 1175 2429 mons
1200 2398 1275 2430 illic
1303 2408 1449 2441 magnus
1478 2403 1531 2430 est
1559 2404 1597 2430 et

146 2441 252 2475 valde
279 2442 393 2482 altus,
434 2443 705 2487 Pentadactylus
739 2445 905 2483 nomine,
944 2444 1004 2488 qui
1044 2444 1188 2476 cervicis
1214 2445 1325 2477 instar
1358 2445 1464 2488 longe
1492 2455 1529 2478 se
1557 2445 1596 2478 iu

146 2499 242 2522 mare
265 2489 434 2534 porrigit,
460 2496 606 2535 propter
640 2491 710 2523 loci
736 2491 977 2523 difficultatem
1014 2490 1059 2522 ad
1093 2490 1205 2524 latera
1232 2491 1308 2524 eius
1334 2492 1436 2524 sedes
1465 2502 1596 2536 posue-

146 2541 230 2568 runt
251 2535 336 2568 hinc
361 2537 513 2581 Milengi
540 2537 622 2570 inde
648 2537 816 2571 Ezeritae.
869 2542 905 2570 et
942 2537 1142 2582 praedictus
1168 2528 1312 2583 quidem
1340 2537 1595 2583 protospatha-

145 2582 219 2615 rius
244 2582 474 2616 Theoctistus
507 2584 743 2629 Peloponnesi
778 2590 922 2629 praetor
959 2596 1036 2617 cum
1061 2584 1249 2628 subiugare
1287 2585 1370 2618 illos
1405 2587 1595 2630 potuisset,

144 2628 312 2673 imposuit
323 2630 490 2674 Milengis
507 2631 652 2676 quidem
670 2632 881 2664 nomismata
898 2633 1088 2675 sexaginta,
1114 2631 1260 2665 Ezeritis
1284 2643 1367 2666 vero
1383 2633 1596 2665 nomismata

144 2681 325 2719 trecenta3
354 2688 444 2722 quae
471 2677 550 2723 ipso
577 2683 739 2722 praetore.
760 2679 1001 2718 solvebantur,
1027 2684 1066 2712 ut
1085 2679 1278 2712 etiamnum
1302 2685 1466 2712 constans
1502 2679 1595 2711 fama

145 2727 201 2756 est
221 2725 315 2757 inter
337 2723 482 2758 incolas.
531 2725 729 2771 imperante
755 2737 837 2759 vero
866 2725 1012 2759 domino
1038 2724 1195 2759 Romano
1229 2727 1382 2760 Ioannes
1407 2732 1593 2772 protospa-
