1780 3132
512 161 588 204 DE
621 161 975 205 THEMATIBUS
1011 161 1112 205 LIB.
1142 163 1174 206 1.
1506 158 1569 206 41

447 312 495 354 ις’
517 313 619 359 θέμα
641 312 685 349 τὸ
710 313 936 359 καλούμενον
963 313 1095 359 Σάμος
1115 314 1240 359 νῆσος.

251 385 314 430 ‘H
335 391 456 443 νῆσος
485 387 584 443 αὕτη
615 388 832 441 ὀνομασίαν
865 387 953 442 ἔσχε
983 393 1058 430 τοῦ
1083 391 1296 430 καλεῖσθαι
1325 383 1466 439 Σάμος
1490 385 1571 429 ἀπὸ

119 457 296 513 Αἶγαίου
327 459 393 498 καὶ
419 458 578 512 Σαμίας
604 461 676 511 τῆς
697 455 946 511 ΖΙῚαιάνὸρου
977 461 1050 499 τοῦ
1070 460 1256 509 ποταμοῦ
1283 453 1511 510 θυγατρός,
1545 454 1574 510 ἢ

121 526 190 567 διὰ
213 525 258 567 τὸ
278 523 439 580 ὖψηλὸν
458 530 530 580 τῆς
549 523 672 580 νήσου
695 527 760 566 καὶ
781 523 1037 579 ἀπόκρημνον
1050 538 1060 548 ·
1098 525 1134 567 οἳ
1157 525 1234 580 γὰρ
1255 526 1414 566 παλαιοὶ
1425 522 1574 579 ’Ἐλλη-

84 599 108 634 5
120 611 183 644 νες
203 591 335 647 σάμον
354 594 424 637 τὸν
442 592 604 648 ὑψηλὸν
621 591 788 635 ἐκάλουν
806 591 942 635 τόπον.
973 591 1122 648 ταύτης
1143 592 1335 648 ἐκράτησε
1357 596 1429 647 τῆς
1450 591 1574 646 νήσου

117 661 390 719 Πολυκράτης
415 664 561 712 ἐκεῖνος
583 660 604 704 ὅ
630 662 934 716 εὐτυχέστατος,
971 656 1020 703 οὗ
1037 665 1103 703 καὶ
1127 660 1350 716 “Ι·Ιρόὸοτος
1367 662 1507 715 μνείαν
1528 662 1576 704 οὗ

117 730 270 787 μικρὰν
298 730 526 784 ἐποιήσατο.
595 732 717 788 σοφοὶ
748 731 792 772 δὲ
820 729 1025 786 γεγόνασιν
1048 731 1090 780 ἐξ
1112 730 1237 784 αὐτῆς
1258 729 1518 783 ἐξοχώτατοι,
1553 727 1577 772 ὅ

117 816 160 842 τε
177 797 436 855 Πυθαγόρας
453 801 600 849 ἐκεῖνος
621 797 642 841 ὅ
661 798 839 852 Σάμιος,
876 797 896 840 ὃ
915 797 1172 854 ΖΙΙνησάρχου
1195 797 1303 849 υἱός,
1343 796 1579 855 Ἐπίκουρός

117 884 159 909 τε
181 865 202 909 ὅ
221 869 444 918 Νεοκλέους
461 870 528 910 καὶ
545 869 756 918 Μέλισσος
775 869 841 909 καὶ
862 867 976 909 ἄλλοι
997 868 1184 917 πλείονες.
1252 865 1315 909 ὅτε
1337 862 1407 908 οὖν
1426 867 1574 922 ἐγένετο
1597 874 1627 910 P
1653 875 1697 911 18

63 933 141 978 1οὃ
157 935 355 992 μερισμὸς
372 941 452 978 τῶν
475 935 680 990 θεμάτων,
719 936 787 978 διὰ
816 936 861 978 τὸ
886 935 984 978 εἶναι
1014 934 1332 993 ἐπιφανεστάτην
1351 936 1424 989 τὴν
1441 941 1578 991 νῆσον,

115 1002 365 1060 μητρόπολιν
398 1004 525 1060 αὐτὴν
556 1007 621 1047 καὶ
653 1005 782 1061 ἀρχὴν
809 1009 882 1046 τοῦ
907 1006 1087 1058 θέματος
1116 1010 1196 1047 τῶν
1215 1005 1492 1058 πλωϊζομένων
1512 1021 1579 1047 τε-

116 1074 325 1114 θείκασιν·
369 1071 396 1127 ἦ
428 1073 506 1130 γὰρ
531 1071 739 1129 μεσόγειος
768 1075 834 1114 καὶ
863 1072 890 1127 ἦ
920 1072 1162 1129 καταντικρὺ
1187 1072 1294 1129 ἄκρα
1323 1077 1394 1126 τῆς
1419 1071 1578 1133 Σάμου,

117 1139 222 1196 αῧτή
242 1157 285 1184 τε
315 1139 341 1195 ἦ
365 1141 538 1199 ’Έφεσος
557 1144 623 1184 καὶ
642 1143 868 1198 Μαγνησία
887 1143 954 1183 καὶ
976 1140 1174 1198 Τράλλεις
1199 1139 1226 1196 ἥ
1253 1158 1294 1182 τε
1317 1140 1490 1197 ΖΙίῘύρινα
1512 1143 1580 1183 καὶ

102 1203 234 1259 ’Τέως
253 1210 320 1251 καὶ
341 1211 552 1263 Λέβεδος,
587 1212 655 1253 καὶ
675 1211 749 1260 ἕως
769 1214 840 1252 τοῦ
858 1210 1148 1266 Ἀτραμυττιόυ
1159 1241 1172 1261 ,
1198 1209 1250 1252 τὰ
1269 1208 1352 1252 ἄνω
1367 1211 1434 1251 καὶ
1453 1209 1582 1267 πρόσ-

63 1281 107 1317 15
118 1293 207 1333 γεια
229 1280 290 1334 τῷ
308 1282 388 1320 τῶν
413 1278 655 1336 Θρᾳκησίων
674 1282 885 1334 στρατηγῷ
907 1278 1030 1333 ἤγουν
1051 1283 1109 1334 τῷ
1133 1276 1339 1335 ἡγουμένῳ
1366 1283 1438 1320 τοῦ
1469 1279 1583 1320 ἱππι-

118 1349 193 1387 κοῦ
212 1343 418 1401 τάγματος
437 1347 571 1403 ἐκείνῳ
595 1345 989 1403 ε’κληροόοτήθησαν.
1043 1344 1230 1402 διῄρηται
1252 1347 1295 1388 δὲ
1314 1346 1358 1388 τὸ
1380 1348 1493 1400 θὲμα
1509 1351 1582 1401 τῆς

118 1412 264 1468 Σάμου
287 1415 343 1465 εἷς
363 1413 544 1472 τοῦρμας
565 1413 662 1466 δύο,
696 1417 794 1468 μιάν
808 1415 882 1468 μέν
902 1415 975 1469 τὴν
996 1414 1195 1472 Ἐφέσιον,
1224 1415 1412 1470 δευτέραν
1435 1416 1480 1457 δὲ
1505 1415 1581 1471 τὴν

111 1481 451 1540 Ἀτραμυττηνήν.
520 1481 541 1525 ὅ
563 1484 606 1525 δὲ
628 1484 852 1540 στρατηγὸς
871 1489 943 1526 τοῦ
963 1484 1144 1537 θέματος
1163 1483 1287 1537 αὐτὴν
1305 1483 1422 1538 ἔλαχε
1437 1483 1581 1542 Σμύρ-

117 1568 192 1593 ναν
225 1549 300 1606 τὴν
334 1549 450 1594 πόλιν
484 1551 740 1609 πραιτώριον.
809 1554 875 1594 καὶ
906 1556 1035 1595 ταῦτα
1069 1553 1143 1607 μὲν
1177 1555 1267 1609 περὶ
1296 1557 1370 1595 τοῦ
1401 1554 1582 1608 θέματος

60 1617 275 1674 2οΣάμου.

210 1776 230 1809 1
252 1771 354 1816 θὲμα
377 1770 637 1814 ἓξκαιδέκατον
657 1773 725 1816 τῆς
747 1772 867 1816 ‹seigam›
892 1772 921 1806 C
1063 1774 1087 1809 3
1110 1769 1273 1824 Ἀγκαίου
1297 1773 1467 1808 AMorelli
1492 1779 1528 1810 et
1552 1776 1583 1810 C

206 1816 390 1873 8-{225132'109
411 1818 478 1872 adnd
501 1818 530 1852 A
629 1819 651 1853 9
673 1816 847 1872 νεόκλους
869 1819 933 1852 AV
1025 1819 1118 1863 γοῦν
1142 1821 1167 1852 V
1193 1863 1203 1875 x
1264 1821 1307 1855 12
1331 1817 1529 1864 μεσόγαιος
1545 1823 1583 1878 'C

206 1875 414 1944 ''²²⁹x‘i“⁹⁰”
438 1864 612 1944 Ἑκρέἓιῖν
634 1865 942 1945 Assssffidffi‘ssffffl
964 1865 1144 1945 {lusum
1168 1865 1208 1900 δε
1233 1866 1301 1948 iisd
1310 1867 1395 1956 ἓμύ
1419 1869 1491 1947 „¹2
1509 1878 1585 1957 (Ἧι

206 1923 389 2001 ἓῗτίρναν)
413 1953 454 1990 τὸ
475 1922 583 1999 ᾳ«ἕλε’μοι
606 1955 668 1990 AC
836 1936 846 1954 ⁹
1397 1925 1416 1957 Q
1441 1925 1463 1957 η

447 2112 581 2148 Thema
608 2113 780 2148 decimum
805 2119 946 2148 sextum
974 2113 1104 2148 Samus
1126 2114 1261 2149 insula.

206 2182 332 2217 Sarnus
354 2180 467 2215 insula
488 2182 759 2228 appellationem
782 2193 877 2216 suam
902 2182 1040 2227 accepit
1057 2183 1099 2217 ab
1118 2182 1258 2227 Aegaeo
1283 2187 1320 2218 et
1337 2183 1464 2226 Samia,
1488 2183 1588 2220 Mae-

116 2228 218 2264 andri
241 2227 392 2262 fluminis
414 2227 506 2270 filia3
538 2228 596 2262 vel
619 2230 711 2273 quod
733 2228 811 2273 ipsa
835 2229 947 2262 insula
970 2228 1126 2262 sublimis
1152 2241 1193 2263 ac
1216 2235 1405 2275 praerupta
1427 2230 1490 2264 sit:
1524 2243 1588 2265 ve-

115 2282 210 2310 teres
232 2274 322 2308 enim
344 2273 476 2308 Graeci
499 2271 618 2316 σοῖμον
641 2274 819 2308 sublimem
847 2275 957 2308 locum
973 2281 1236 2320 nuncuparunt.
1262 2275 1344 2309 huic
1366 2276 1499 2310 insulae
1521 2277 1587 2311 im-

115 2320 256 2367 peravit
278 2319 483 2363 Polycrates
518 2319 576 2354 ille
608 2320 854 2362 felicissimus,
889 2321 986 2355 cuius
1021 2326 1057 2355 et
1089 2322 1289 2356 Herodotus
1322 2333 1390 2356 non
1428 2323 1587 2368 exiguam

115 2366 323 2401 mentionem
345 2365 444 2399 fecit.
476 2377 519 2399 ex
541 2366 606 2400 hac
630 2378 734 2411 porro
758 2367 964 2411 prodierunt
986 2367 1055 2401 viri
1078 2367 1272 2412 sapientiae
1295 2368 1398 2402 laude
1420 2368 1587 2413 insigne&

114 2412 335 2456 Pythagoras
360 2411 517 2445 nimirum
539 2412 597 2446 ille
621 2412 777 2457 Samius,
813 2413 1014 2446 Mnesarchi
1038 2412 1150 2457 filius,
1184 2420 1220 2448 et
1241 2413 1418 2459 Epicurus
1444 2415 1588 2449 Neoclis

116 2466 155 2493 et
175 2458 338 2493 Melissus
362 2457 492 2502 aliique
514 2469 584 2492 non
606 2459 723 2503 pauci.
771 2470 846 2492 cum
879 2458 988 2503 igitur
1020 2460 1205 2494 thematum
1230 2460 1375 2504 partitio
1400 2461 1496 2495 facta
1522 2467 1589 2506 est,

114 2504 218 2548 hanc,
241 2504 334 2548 quod
356 2503 590 2538 illustrissima
612 2505 726 2538 insula
749 2511 854 2547 esset,
879 2505 1085 2550 metropolin
1110 2512 1147 2540 et
1167 2511 1274 2551 caput
1293 2506 1456 2540 thematis
1481 2519 1590 2542 nava-

116 2549 159 2584 lis
183 2549 451 2586 constituerunt.
499 2550 754 2585 mediterranea
787 2551 876 2584 enim
908 2552 1028 2596 regio,
1064 2556 1101 2586 et
1134 2552 1407 2596 promontorium
1441 2553 1534 2598 quod
1570 2566 1591 2588 e

115 2596 260 2641 regione
283 2595 379 2629 Sami
401 2601 465 2639 est,
491 2596 639 2641 ipsaque
661 2597 825 2642 Ephesus
849 2602 884 2631 et
905 2597 1088 2642 Magnesia
1115 2603 1152 2632 et
1175 2597 1312 2632 Tralles
1338 2604 1374 2632 et
1389 2599 1530 2643 Myrina
1553 2606 1591 2635 et

115 2642 214 2676 'reus
239 2646 276 2681 et
297 2641 461 2676 Lebedus
486 2648 522 2676 et
544 2642 789 2687 Atramyttium
813 2654 942 2688 usque,
975 2643 1144 2678 ulteriora
1175 2656 1216 2678 ac
1239 2644 1404 2688 contigua
1428 2645 1588 2680 Thrace-

115 2688 244 2722 siorum
261 2688 442 2732 praefecto
463 2688 540 2723 sive
563 2689 736 2733 equestris
760 2689 906 2732 agminis
929 2689 1021 2733 duci,
1045 2689 1113 2736 ipsi
1136 2689 1280 2724 themati
1304 2691 1471 2725 attributa
1495 2698 1588 2725 sunt.

114 2733 266 2768 divisum
290 2739 405 2768 autem
430 2739 485 2768 est
507 2734 620 2769 thema
644 2735 738 2768 Sami
765 2735 801 2768 in
825 2740 954 2769 turmas
979 2736 1075 2778 duas,
1101 2747 1202 2770 unam
1225 2736 1363 2781 quidem
1385 2738 1590 2782 Ephesiam,

116 2780 262 2814 alteram
282 2780 624 2822 Atramyttinensem.
673 2782 872 2826 praefectus
897 2793 981 2815 vero
1002 2782 1164 2816 thematis
1188 2782 1297 2828 ipsam
1324 2784 1444 2818 urbem
1466 2785 1589 2828 Smyr-

118 2837 195 2860 nam
221 2825 433 2872 praetorium
455 2826 590 2862 habuit.
619 2833 724 2872 atque
748 2827 835 2863 haec
858 2826 996 2873 quidem
1020 2829 1064 2863 de
1088 2829 1238 2863 themate
1261 2828 1370 2863 Sami.
