1780 3132
555 457 833 509 MEURSII
866 458 1243 509 PRAEFATIO

264 576 266 578 ’
299 549 474 602 LIBRI
505 548 594 598 DE
626 549 1177 599 ADMINISTRANDO
1210 546 1508 598 IMPERIO.

676 679 892 723 BENIGNE
919 681 1124 724 LECTOR.

300 780 535 835 Compellabo
570 786 607 820 te
643 780 704 821 hic
735 781 772 821 in
802 780 947 831 limine,
976 781 1041 821 sed
1069 780 1204 835 paucis,
1259 781 1383 835 accipe
1412 779 1612 821 Constanti-

189 864 294 898 num,
342 858 377 890 et
413 865 480 905 pro
516 849 714 898 beneficio,
758 850 790 890 si
826 844 898 890 i10n
934 850 1106 903 gratiam,
1149 856 1248 890 certe
1283 850 1446 890 favorem
1483 847 1608 889 redde.

188 918 277 958 nihil
311 926 459 972 praeter
492 921 592 960 istum
628 928 738 974 pet03
777 931 895 972 neque
922 917 1038 972 magis
1071 918 1108 958 in
1139 918 1290 972 proclivi
1326 919 1509 972 quicquam
1543 917 1611 958 tibi

157 1031 160 1035 .
190 987 290 1027 dare.
348 988 441 1028 scias
469 996 586 1028 autem
609 988 702 1028 unde
725 985 890 1027 habeam.
948 986 1122 1041 descripsi
1145 995 1227 1028 ante
1249 995 1410 1042 quattuor
1424 999 1544 1028 ‘annos
1564 1000 1613 1026 ex

188 1055 315 1096 codice
344 1058 403 1109 qui
433 1064 486 1097 est
516 1058 552 1097 in
580 1056 802 1097 bibliotheca
829 1054 990 1096 Palatina
1027 1064 1062 1096 et
1098 1056 1239 1097 Ioannis
1262 1057 1443 1110 Baptistae
1465 1055 1613 1111 Egnatii

187 1124 274 1164 olim
303 1124 412 1166 fuisse
443 1125 663 1180 perhibetur.
721 1125 787 1165 sed
818 1138 934 1178 neque
967 1124 1250 1165 dissimulandum
1272 1122 1333 1165 hi‘c
1357 1138 1487 1165 censeo
1509 1137 1616 1178 quam·

187 1192 330 1233 multum
353 1192 423 1233 hoc
447 1194 527 1248 ipso
550 1194 694 1234 nomine
718 1193 870 1234 debeam
890 1194 970 1234 viro
989 1193 1227 1247 amplissimo,
1258 1194 1422 1249 Georgio
1445 1192 1612 1248 Lingels-

186 1260 330 1310 hemio,
360 1261 589 1303 Serenissimi
613 1262 781 1303 electoris
805 1262 1029 1311 consiliario,
1054 1262 1113 1315 qui
1137 1269 1172 1302 ut
1196 1263 1231 1302 in
1255 1261 1378 1303 literas
1400 1270 1434 1303 et
1455 1262 1614 1303 literatos

189 1343 312 1370 omnes
342 1338 378 1370 et
406 1331 442 1370 in
469 1345 527 1370 me
555 1331 722 1384 privatIm
747 1332 903 1388 egregie
931 1330 1077 1371 affectus
1101 1338 1174 1379 est,
1205 1345 1345 1371 omnem
1368 1331 1465 1371 illam
1489 1331 1614 1372 instru-

186 1399 378 1439 ctissimam
410 1398 668 1440 bibliothecam
699 1415 767 1454 pro
802 1399 951 1440 arbitrio
979 1400 1151 1441 tractandi
1179 1400 1321 1440 veniam
1351 1399 1440 1440 mihi
1468 1413 1491 1439 a
1517 1398 1614 1453 priu-

188 1468 271 1521 cipe
299 1482 364 1509 suo
394 1469 606 1522 impetravit.
664 1470 747 1523 quin
784 1469 934 1509 accessit
965 1468 1033 1509 huc
1064 1483 1203 1523 quoque
1235 1469 1382 1509 comitas
1412 1483 1447 1509 v.
1474 1482 1506 1509 c.
1537 1467 1614 1510 Iani

189 1536 355 1585 Gruteri,
399 1537 478 1577 eius
510 1537 708 1591 praefecti,
752 1552 820 1593 per
844 1552 947 1592 quem
970 1537 1066 1578 liber
1087 1537 1175 1578 mihi
1200 1538 1358 1592 quotidie
1381 1537 1427 1577 ad
1451 1552 1532 1578 eam
1555 1552 1614 1578 ac-

147 1639 155 1644 ,
190 1618 311 1646 cessus
342 1606 463 1659 patuit.
522 1620 590 1659 quo
626 1606 805 1648 beneflcio
836 1607 929 1647 adeo
952 1621 1010 1647 me
1034 1608 1173 1662 quidem
1195 1616 1340 1661 uterque
1364 1606 1432 1647 sibi
1458 1606 1617 1647 devinxit

189 1679 227 1714 ut
249 1674 390 1728 publice
414 1674 451 1714 id
475 1674 535 1714 hic
555 1674 787 1729 profitendum
807 1676 1095 1717 existimaverim.
1152 1691 1224 1732 ago
1246 1677 1355 1731 igitur
1375 1676 1509 1730 gratias
1529 1691 1618 1730 quas

188 1755 331 1794 possum
359 1744 550 1791 maximas;
591 1759 679 1798 quas
703 1752 738 1784 tu
762 1758 900 1799 quoque
925 1758 1014 1799 agas
1035 1744 1138 1793 licet,
1168 1744 1342 1798 siquidem
1369 1746 1492 1799 operis
1514 1745 1618 1785 huius

190 1810 347 1851 editione
369 1813 521 1867 gratiam
541 1827 563 1852 a
581 1821 618 1853 te
637 1813 743 1853 ullam
762 1827 834 1867 ego
854 1812 951 1853 inivi.
1008 1812 1079 1853 hoc
1098 1813 1262 1854 volebam
1281 1814 1420 1855 nescius
1438 1827 1485 1855 ne
1504 1827 1615 1856 esses.

191 1878 273 1920 vale
299 1887 353 1928 et,
385 1880 540 1936 quisquis
565 1895 624 1931 es,
655 1881 903 1924 aeternitatem
926 1881 1060 1936 cogita.
