1780 3132
297 148 389 192 516
817 152 1160 193 WESSELINGII

290 275 475 328 magnam
502 267 542 303 et
569 263 722 303 felicem
751 264 791 300 et
817 265 1030 323 propterea
1065 262 1234 303 hostium
1260 264 1433 305 invidiae
1459 267 1693 332 expositam.

283 316 448 368 ταύτην,
474 318 621 369 pergit,
646 327 732 366 τοι)
735 314 864 377 αροῦν
883 329 949 354 και
967 311 1149 354 θάλαττα
1166 316 1241 364 μὲν
1257 315 1590 364 ὖποζώννυσιν“
1555 335 1693 382 ωσπερ

283 384 343 416 τις
384 369 703 431 περιεληλαμένη
737 366 892 433 τάφρος
943 367 1271 431 a'yetponoc‘mqrog
1312 384 1379 409 και
1431 370 1604 434 κρημνὸς
1645 375 1694 414 δὲ

281 419 625 485 υπερανεστηκώς,
651 420 838 473 καθάπερ
868 435 909 461 τι
937 418 1084 485 κράικος
1110 423 1305 476 κεφαλήν,
1335 422 1532 476 φυλάττει
1552 440 1596 465 τε
1622 427 1694 467 καὶ

282 491 330 515 ου
362 479 474 514 ποιεῖ’
498 476 704 525 πολεμίοις
734 476 969 525 ἐπιᾘδρομον
1022 477 1156 530 itaque
1183 490 1270 517 cum
1298 479 1412 530 mari,
1438 484 1635 533 tamquam
1663 495 1690 523 a

284 536 430 571 natura
457 532 564 570 facta
587 532 719 581 fossa,
746 531 866 570 fuerit
892 529 1081 581 incincta,
1124 535 1164 570 et
1191 537 1407 583 praerupta
1432 546 1550 586 rupes
1577 547 1688 586 eam,

276 590 323 625 ut
352 589 469 635 caput
496 586 645 636 galea,
676 585 917 634 defenderit,
959 589 1127 636 apparet
1152 586 1409 627 munitissimo
1438 589 1560 628 fuisse
1584 590 1686 631 loco.

279 639 370 678 vide
399 638 517 678 Corn.
546 651 624 679 van
644 639 920 678 Binkershoek
948 639 1113 678 observ.
1140 640 1218 678 lur.
1245 642 1274 678 5
1301 644 1365 679 21.

382 707 476 752 397,
508 707 573 742 21.
623 699 796 754 Ἰοτάπη]
835 703 892 742 ita
916 715 1011 742 mss.
1041 704 1266 744 Ptolemaeo
1301 699 1471 757 Ἰωτάπη
1499 711 1539 746 et
1565 706 1685 748 Chal-

273 756 412 796 cedon.
442 758 580 798 concil.
608 769 646 809 Ρ.
661 760 754 797 659.
820 756 909 796 vide
952 757 997 796 11.
1027 758 1224 798 Norisium
1262 759 1420 801 dissert.
1450 764 1477 802 2
1502 761 1552 800 de
1579 762 1685 814 Epo-

272 811 356 851 chis
385 824 427 862 Ρ.
447 813 538 852 135.

377 874 484 916 Ιῠὶά.
514 879 578 916 22.
635 871 949 925 Διοκαισᾰρεια]
981 875 1065 915 eius
1107 877 1313 928 episcopus
1340 878 1508 917 Ioannes
1529 876 1684 924 πόλεως

265 926 587 978 Διοκαισαρειάς
625 929 667 968 in
695 928 935 969 Chalcedon.
975 942 1013 982 p.
1030 933 1112 970 659
1150 930 1304 971 dicitur.
1365 932 1456 972 vide
1485 933 1682 974 Norisium

266 982 424 1022 dissert.
452 985 480 1022 5
508 984 557 1022 de
586 983 735 1034 Epoch.
768 997 806 1034 Ρ.
820 985 913 1022 562.

372 1045 479 1087 Ιῠὶά.
526 1039 668 1098 Ὄλβη]
703 1060 783 1087 ιιοιι
822 1049 984 1087 multum
1029 1061 1054 1088 a
1083 1047 1266 1115 Seleucia
1299 1054 1524 1103 separatam
1559 1051 1681 1091 fuisse

262 1099 434 1140 Basilius
461 1102 551 1142 mir.
583 1101 627 1141 S.
655 1102 829 1141 Theclae
856 1107 881 1141 2
906 1106 933 1142 8
962 1101 1467 1166 significat,dorvye1'rova
1493 1100 1625 1156 πόλιν,
1653 1097 1680 1158 ᾗ
1735 1142 1737 1145 .

263 1148 391 1202 ὄνομά
426 1169 493 1193 εστ
500 1169 536 1192 ιν
555 1149 694 1206 Ὅὶβα,
729 1157 949 1207 appellans.
992 1157 1226 1196 Theodorus
1257 1155 1407 1203 πόλεως
1434 1151 1581 1210 Ὄλβης
1607 1159 1681 1209 τῆς

261 1205 456 1258 Ἰσαύρων
480 1207 683 1258 ἑπαοχιας
712 1209 1013 1262 constantinop.
1043 1211 1164 1250 tertio
1193 1212 1437 1264 subscripsit.
1491 1213 1610 1266 plura
1637 1213 1678 1254 in

258 1262 404 1302 Anton.
435 1263 523 1302 ltin.
554 1277 592 1314 p.
612 1267 703 1303 212.
843 1276 847 1282 ·

367 1326 475 1368 lbid.
534 1323 884 1376 Κλαυὸιούπολις]
928 1328 1086 1368 colonia
1124 1333 1211 1369 erat
1247 1342 1272 1369 a
1301 1329 1466 1370 Claudio
1495 1331 1678 1383 deducta,

259 1380 466 1420 Ammiano
503 1386 604 1420 teste
644 1384 696 1420 14
722 1385 772 1432 8,
802 1383 917 1433 olim,
953 1384 988 1423 si
1027 1382 1179 1423 Theod.
1222 1384 1439 1424 Ruinartus
1478 1385 1530 1425 ad
1560 1386 1674 1437 epist.

259 1435 460 1474 Theodmi
477 1436 690 1475 lconiensis
706 1413 793 1476 Ac't.
807 1436 960 1477 Sincer.
983 1450 1020 1488 Ρ.
1039 1439 1118 1476 478
1132 1450 1210 1476 ιιοιι
1229 1439 1347 1487 fallit,
1360 1439 1510 1478 Isaura.
1531 1440 1675 1481 falsum

258 1495 390 1528 tamen
418 1495 524 1541 puto,
553 1494 592 1528 et
620 1490 817 1530 Ammiani
855 1491 989 1530 verbis
1016 1502 1094 1529 non
1117 1496 1161 1529 ut
1197 1497 1426 1543 oportuerat
1462 1492 1675 1534 intellectis

257 1543 483 1594 deceptum:
515 1556 605 1583 nam
635 1548 674 1583 et
700 1545 949 1583 Ptolemaeus
981 1549 1020 1583 et
1047 1545 1249 1585 Hierocles
1277 1551 1316 1585 et
1341 1546 1427 1598 ipse
1447 1546 1675 1589 Ammianus

254 1602 461 1650 utramque
491 1597 676 1637 distincte
704 1603 940 1638 memorant
981 1598 1072 1637 vide
1101 1610 1214 1650 quem
1247 1600 1406 1652 signavi
1432 1601 1558 1641 locum
1587 1615 1674 1644 cum

255 1651 406 1690 Valesii
435 1656 541 1691 nota.
607 1653 686 1691 sita
714 1651 997 1703 Chaudiopolis
1038 1658 1126 1692 erat
1163 1654 1204 1693 in
1231 1654 1409 1693 Isauriae
1437 1655 1672 1696 mediterra-

254 1705 340 1744 neis
368 1705 485 1757 inque
524 1706 690 1757 planitie
722 1706 827 1744 inter
867 1706 943 1745 duo
970 1706 1098 1746 Tauri
1134 1707 1256 1758 iuga,
1293 1705 1446 1756 μεταξύ
1488 1707 1568 1746 τῶν
1595 1708 1672 1747 δύο

260 1753 435 1808 Ταύρων
465 1758 508 1797 ἐν
537 1759 661 1813 nedae
691 1759 872 1810 κειμένη,
898 1759 1026 1812 inquit
1065 1759 1329 1813 Theophanes
1368 1761 1672 1816 chronograph.

254 1825 292 1865 P
364 1860 767 1920 1ῠὶά.Ἱερα·ηοιις]
799 1867 911 1908 novit
937 1867 1040 1907 hanc
1079 1869 1259 1909 Isauriae
1288 1869 1519 1932 Hierapolin
1547 1869 1669 1910 Chal-

257 1922 393 1961 cedon.
424 1921 563 1960 concil.
593 1934 631 1973 p.
643 1924 735 1962 674.
765 1923 938 1962 fortasse
976 1928 1015 1961 et
1045 1921 1123 1961 huc
1149 1923 1321 1975 pertinet
1344 1924 1572 1964 rarissimus
1597 1920 1670 1961 ‘-[c

256 1975 483 2024 ροηολιτῶν
516 1975 596 2012 τῶν
625 1971 727 2024 πρὸς
754 1974 806 2028 τῴ
836 1972 1032 2028 Πυράμω
1068 1989 1206 2016 numus
1242 1978 1362 2017 Thes.
1391 1977 1545 2017 Britan.
1574 1982 1667 2018 tom.

255 2034 282 2069 2
311 2043 349 2081 Ρ.
370 2033 469 2070 114:
499 2030 572 2069 etsi
602 2029 703 2069 enim
734 2030 789 2078 Ρ)
793 2042 925 2069 ramus
964 2029 1127 2070 Ciliciae
1157 2031 1210 2070 sit
1237 2031 1390 2081 flumen,
1418 2031 1517 2071 nihil
1545 2031 1668 2083 impe-

255 2083 338 2122 diet
363 2084 396 2123 si
427 2084 477 2124 ad
506 2084 589 2123 eius
614 2085 758 2131 fontes,
788 2084 891 2123 unde
918 2088 958 2123 et
985 2084 1136 2123 iuvenis
1172 2085 1302 2136 specie
1329 2085 1371 2126 in
1398 2098 1513 2125 numo
1542 2098 1669 2126 emer-

255 2137 327 2189 git,
356 2137 459 2177 hanc
489 2138 625 2177 urbem
653 2149 887 2190 quaeramus
919 2142 1036 2189 atque
1064 2142 1179 2178 extra
1220 2139 1303 2178 cius
1330 2139 1559 2190 provinciae
1585 2144 1669 2180 ter-

254 2191 392 2242 minos,
423 2192 657 2244 praesertim
685 2204 768 2231 cum
808 2192 926 2242 plura
952 2192 1098 2231 veteris
1126 2192 1290 2233 Ciliciae
1315 2193 1461 2245 oppida
1489 2195 1667 2235 Isauriae

254 2245 439 2296 deinceps
468 2246 548 2285 sint
577 2246 853 2297 transscripta.

361 2308 469 2350 Ibid.
542 2307 827 2361 Δαλισανὸὸς]
868 2311 1048 2363 apposita
1091 2315 1179 2352 erat
1221 2312 1345 2351 monti
1386 2312 1544 2352 excelso
1593 2313 1664 2352 sed

253 2376 417 2403 amoeno
449 2368 488 2403 et
513 2364 681 2417 irriguo,
709 2365 759 2405 ad
790 2365 908 2404 vilem
941 2369 980 2404 et
1004 2365 1186 2406 miseram
1212 2365 1472 2406 conditionem
1499 2367 1665 2407 redacta

250 2417 391 2458 Basilii
435 2422 621 2469 tempore·
690 2414 947 2463 Δαλισανὸός
984 2418 1066 2456 ἑστι
1107 2416 1243 2483 πόλις,
1280 2420 1406 2485 inquit
1431 2420 1569 2461 Mirac.
1617 2421 1661 2461 8.

250 2472 426 2512 Theclae
455 2477 481 2511 2
509 2476 586 2536 10,
631 2464 658 2521 ἦ
690 2470 843 2516 πόλεως
882 2467 1072 2521 εἴδωλον,
1101 2472 1144 2511 ὲν
1170 2476 1252 2518 τοῖς
1286 2472 1465 2525 α’φανέσι
1491 2473 1567 2522 μὲν
1592 2472 1664 2512 καὶ

250 2518 479 2572 dnwvv'paotc
508 2522 800 2576 ἀπερριμμένη.
857 2525 1102 2567 Credebatur
1141 2540 1166 2567 a
1195 2528 1334 2568 Sanda
1368 2527 1549 2567 Herculis
1577 2528 1660 2568 filio

250 2584 290 2618 et
317 2580 524 2619 Damalide
551 2591 637 2618 esse
674 2580 792 2620 dicta.
846 2580 948 2620 idem
979 2581 1150 2621 Basilius
1179 2581 1341 2622 illins
1371 2577 1507 2622 Thecl.
1538 2585 1566 2621 2
1595 2585 1660 2630 15,

249 2634 298 2673 dc
326 2634 497 2676 Eusebio
525 2637 565 2674 et
593 2634 865 2687 Hyperechio.
899 2633 970 2674 καί
994 2632 1072 2687 γὰο
1101 2635 1144 2674 ἐκ
1167 2634 1268 2685 μιᾶς
1293 2631 1445 2682 πόλεως
1472 2628 1659 2688 αἵρμηιτο
