1794 3164
303 202 333 246 4
877 198 1139 242 VULCANII

302 308 433 347 Vestro
459 304 636 345 beneficio
662 305 849 345 iuventutis
873 304 980 344 decus
1001 305 1047 345 sit
1067 311 1347 359 recuperaturus,
1403 317 1473 358 quo
1495 303 1635 358 quidem
1653 317 1715 343 no-

302 375 396 414 mine
416 373 630 413 immortales
647 372 781 419 Vobis,
805 373 967 426 quamdiu
987 373 1112 421 stabit,
1135 374 1270 428 gratias
1291 371 1448 413 debebit.
1505 380 1609 424 atque
1627 379 1661 411 ut
1681 373 1717 429 in

302 443 581 497 praesentiarum
615 440 661 481 de
689 440 836 481 utilitate
863 440 951 480 nihil
978 441 1093 481 dicam
1119 454 1209 495 quae
1236 453 1281 479 ex
1303 439 1373 480 hoe
1395 454 1510 494 opere
1527 441 1574 481 ad
1594 454 1717 482 omnes

301 512 464 565 antiquae
495 510 772 563 reconditaeque
802 509 986 549 doctrinae
1010 509 1184 550 studiosos
1210 517 1262 548 est
1288 516 1522 562 perventura,
1551 523 1642 565 quae
1663 517 1717 549 est

300 578 464 633 profecto
492 579 663 626 maxima,
694 577 912 625 excitabitis‚
943 577 1046 617 immo
1074 576 1335 618 inflammabitis
1364 577 1489 619 illustri
1518 578 1587 617 hae
1615 592 1718 632 quam

301 646 528 700 praeluxistis
555 645 635 686 sace
662 648 769 687 etiam
798 646 907 693 alios,
937 653 973 685 ut
992 646 1154 700 quicquid
1176 647 1372 687 lacerarum
1391 661 1437 687 ex
1455 646 1526 686 hoe
1546 646 1718 687 communi

300 713 597 754 bibliothecarum
623 714 850 769 Belgicarum
878 713 1067 768 naufragio
1092 714 1287 757 tabularum
1312 717 1357 755 ad
1383 716 1481 770 ipsos
1498 714 1716 769 pervenerit,

301 784 380 838 pari
413 782 597 822 alacritate
629 783 664 822 in
697 798 791 823 usum
818 782 993 838 publicum
1019 782 1215 826 conserant.
1272 799 1418 839 quorum
1437 785 1473 824 in
1491 797 1636 824 numero
1654 797 1716 823 no-

300 867 381 891 men
403 866 518 891 meum
537 851 652 891 libens
671 851 856 905 profiteor.
913 852 1119 907 simulatque
1138 855 1229 894 enim
1250 853 1387 894 consilii
1407 853 1528 895 Vestri
1545 854 1719 894 rationem

299 922 345 960 de
375 921 499 974 operis
527 919 630 960 huius
657 920 813 960 editione
841 923 1014 974 cognovi,
1046 924 1228 963 continere
1257 937 1314 962 me
1342 936 1412 962 non
1434 922 1532 976 potui
1556 923 1642 976 quin
1666 929 1717 961 te-

300 989 413 1029 standi
435 988 564 1042 privati
583 989 653 1027 mei
674 988 795 1042 gaudii
815 989 988 1043 studiique
1008 983 1098 1045 erga
1116 1005 1192 1031 rem
1211 990 1405 1031 literariam
1424 1005 1530 1030 causa
1548 990 1717 1030 Constan-

299 1060 405 1098 tinum
425 1056 801 1112 l'or1)h5rogenneta1n
820 1058 908 1109 περὶ
927 1058 1132 1110 θεμάτων,
1162 1067 1342 1100 auctorem
1368 1074 1540 1114 nunquam
1568 1057 1721 1098 antehae

301 1128 454 1174 editum,
484 1126 633 1180 primum
660 1138 681 1163 e
708 1124 821 1164 multis
851 1127 1052 1181 arriperem
1082 1128 1282 1183 publicique
1310 1129 1395 1168 iuris
1421 1128 1590 1168 facerem.
1645 1134 1720 1167 tres

300 1209 388 1235 vero
411 1208 539 1234 causae
559 1193 696 1232 suerunt
715 1192 840 1247 quibus
858 1195 1025 1237 adductus
1045 1196 1286 1253 dignissimum
1305 1211 1383 1238 eum
1405 1196 1556 1238 iudicavi
1575 1195 1633 1249 qui
1651 1208 1720 1234 uno

301 1265 500 1318 eodemque
533 1270 696 1316 tempore
723 1276 792 1315 quo
820 1271 968 1304 renatae
997 1273 1072 1305 sunt
1102 1266 1200 1305 orbis
1227 1266 1399 1312 deliciae,
1429 1266 1500 1306 hoc
1524 1271 1578 1305 est
1598 1264 1720 1304 inscri—
1764 1254 1767 1257 .

300 1333 442 1387 ptiones
461 1332 635 1378 Vestrae,
662 1332 699 1371 in
718 1331 950 1372 clarissimam
971 1334 1161 1374 doctissimi
1182 1334 1283 1374 huius
1306 1334 1415 1374 seculi
1441 1335 1554 1374 lucem
1579 1332 1720 1386 amplis-

299 1402 379 1441 simi
399 1400 549 1442 nominis
568 1400 688 1441 Vestri
711 1400 877 1454 auspiciis
896 1403 1068 1456 prodiret.
1112 1404 1226 1458 prima
1247 1404 1340 1458 quod
1360 1404 1564 1458 imperator,
1589 1402 1723 1442 Leonis

301 1469 393 1509 illius
422 1469 536 1515 filius3
577 1468 708 1509 deinde
729 1470 823 1524 quod
845 1472 977 1524 optime
997 1472 1042 1512 de
1061 1473 1182 1513 studiis
1201 1473 1381 1514 literarum
1399 1471 1562 1520 meritus,
1592 1470 1723 1525 quippe

302 1539 359 1592 qui
391 1539 581 1578 exstinctas
608 1539 862 1592 propemodum
883 1555 925 1579 ac
943 1541 1187 1595 semisepultas
1206 1557 1269 1582 sua
1289 1550 1405 1583 aetate
1430 1541 1544 1582 bonas
1563 1549 1658 1581 artes
1680 1554 1723 1580 ae

302 1607 469 1646 scientias
489 1606 663 1646 suscitarit
685 1614 719 1646 et
739 1607 784 1646 ab
804 1608 944 1649 interitu
964 1610 1173 1657 vindicarit3
1213 1610 1319 1652 tertia
1337 1611 1431 1667 quod
1450 1611 1529 1666 pari
1547 1610 1626 1651 fere
1646 1624 1724 1672 eum

302 1675 586 1729 inscriptionibus
605 1674 747 1715 Vestris
766 1675 905 1716 sortuna
924 1677 979 1718 bis
1000 1687 1139 1733 captuS‚
1165 1680 1354 1721 militarem
1371 1680 1528 1720 furorem
1543 1687 1722 1734 expertus,

302 1744 518 1797 redemptus.
557 1758 637 1783 nam
658 1745 805 1798 primum
824 1746 1043 1787 Mechliniae
1063 1748 1156 1801 apud
1174 1750 1348 1790 medicum
1368 1750 1540 1805 quendam
1558 1749 1723 1804 Anglum,

301 1812 333 1851 T
337 1812 477 1851 hemam
496 1811 726 1862 Clementem,
755 1829 877 1868 parum
897 1814 1092 1856 clementer
1111 1817 1251 1859 habitus
1269 1819 1393 1859 multos
1412 1832 1524 1859 annos
1542 1818 1579 1858 in
1596 1817 1724 1858 biblio-

300 1882 431 1921 thecae
462 1881 519 1920 vel
551 1883 799 1935 βιβλιοπὲὄης
829 1883 944 1936 potius
974 1884 1140 1939 squalore
1170 1894 1205 1926 et
1231 1887 1379 1941 pulvere
1401 1886 1518 1934 latuit;
1546 1895 1671 1941 postea
1690 1885 1726 1926 in

304 1951 420 1990 altera
449 1951 603 1990 miserae
629 1950 721 1990 illius
745 1951 843 1992 urbis
867 1952 1068 2006 direptione
1089 1954 1342 2008 αἰχμάλωτος,
1372 1955 1520 1996 militari
1533 1954 1727 1995 violentiae

303 2018 495 2066 obnoxius,
527 2020 687 2071 perierat
704 2021 771 2061 nisi
789 2021 972 2074 periisset:
1013 2024 1134 2063 nescio
1155 2025 1248 2065 enim
1267 2038 1334 2079 quo
1353 2024 1448 2064 bono
1466 2038 1529 2064 suo
1548 2024 1621 2064 sato
1639 2023 1728 2064 mihi

305 2088 467 2135 tandem,
498 2102 564 2126 una
584 2103 662 2127 cum
679 2089 857 2144 Procopio
880 2090 926 2130 de
946 2091 1118 2132 aediliciis
1136 2093 1315 2133 iustiniani
1335 2101 1371 2133 et
1388 2093 1567 2148 Agathia,
1590 2093 1727 2134 oblatus

305 2156 495 2210 persolutis
525 2156 678 2209 λύτροις
705 2167 865 2198 servatus
891 2167 955 2200 est.
1013 2162 1108 2201 cuius
1140 2163 1281 2215 quidem
1312 2163 1536 2216 imperatoris
1564 2162 1664 2203 simul
1693 2171 1729 2203 et

306 2225 491 2279 scriptoris
519 2226 641 2278 optimi
666 2227 842 2279 prolixam
870 2228 963 2283 apud
988 2229 1064 2269 Vos
1089 2229 1323 2271 laudationem
1345 2230 1527 2272 instituere
1544 2231 1631 2272 nihil
1650 2233 1727 2272 atti-

307 2300 386 2340 net,
417 2307 494 2332 cum
524 2302 559 2332 et
587 2293 632 2331 ad
663 2294 796 2335 calcem
827 2296 926 2337 liuius
950 2298 1031 2339 libri
1050 2299 1197 2339 illustria
1217 2299 1349 2353 aliquot
1368 2299 1615 2341 historicorum
1635 2300 1727 2340 illius

309 2361 391 2400 aevi
422 2361 466 2400 de
497 2375 541 2401 eo
567 2363 767 2403 testimonia
794 2368 1056 2419 congesserim,
1089 2376 1123 2407 et
1140 2368 1216 2409 Vos
1236 2368 1303 2421 ipsi
1322 2370 1388 2421 pro
1406 2369 1580 2423 singulari
1599 2370 1728 2411 Vestra

310 2428 509 2468 eruditione
530 2445 735 2491 summaque
755 2433 873 2474 iudicii
895 2437 1087 2476 acrimonia
1108 2436 1274 2476 facillime
1292 2450 1374 2485 eas,
1404 2437 1511 2477 veluti
1532 2451 1578 2477 ex
1596 2451 1727 2491 ungue,

310 2497 403 2549 quod
427 2497 539 2545 aiunt,
569 2498 727 2548 leonem,
758 2502 833 2541 sitis
855 2505 1007 2557 agnituri
1026 2506 1257 2559 scriptumque
1278 2505 1346 2544 hoe
1364 2506 1419 2545 rei
1438 2505 1620 2546 literariae
1638 2520 1728 2544 sum-

310 2579 459 2618 mopere
477 2566 562 2605 utile
582 2566 776 2615 indicaturi,
798 2584 873 2609 cum
892 2574 996 2613 totius
1014 2574 1092 2614 sere
1109 2574 1218 2614 Asiae
1239 2583 1435 2614 accuratam
1455 2573 1730 2626 descriptionem

312 2634 525 2687 agminaque
544 2635 709 2676 militaria
728 2652 795 2690 per
813 2654 891 2679 eam
912 2642 1093 2683 distributa
1111 2643 1298 2690 contineat,
1317 2650 1352 2681 et
1371 2650 1620 2695 praeterquam
1634 2641 1729 2694 quod

311 2702 419 2741 multa
452 2705 628 2744 contineat
660 2704 739 2744 aliis
769 2709 995 2762 geographis
1020 2710 1077 2750 vel
1103 2711 1226 2765 ignota
1246 2711 1304 2751 vel
1325 2711 1370 2750 ab
1390 2712 1443 2751 eis
1462 2709 1602 2750 silentio
1623 2723 1728 2763 prae-

310 2771 434 2819 terita,
465 2786 536 2812 non
562 2788 674 2828 pauca
699 2774 831 2815 habeat
853 2787 1046 2831 praeterea
1066 2780 1111 2820 ad
1130 2779 1342 2834 antiquitatis
1362 2788 1397 2821 et
1413 2779 1587 2821 historiae
1606 2779 1729 2834 cogni·
