1780 3132
311 171 386 213 DE
420 168 887 214 ADMINISTRANDO
922 169 1159 214 IMPERIO
1189 169 1298 216 GAP.
1325 174 1368 215 9.
1508 169 1573 216 79

107 283 310 340 ποταμόν,
344 285 665 342 παρατρέχουσιν
697 282 834 333 αὐτοῖς
865 283 902 325 οἳ
930 286 1246 338 Πατζινακΐται·
1282 285 1349 326 καὶ
1374 283 1443 326 ἐὰν
1468 289 1571 327 πολ-

107 352 221 405 λάκις
245 352 270 409 ἦ
298 351 495 397 θάλασσα
525 351 729 408 μονόξυλα
753 353 808 402 εἲς
830 351 903 406 τὴν
923 357 998 408 γῆν
1020 354 1231 410 ἀπορρίψῃ
1244 385 1257 405 ,
1292 351 1569 396 σκαλώνουσιν

107 422 206 475 ὅλα,
246 424 313 465 ἰ’να
342 429 426 473 τοῖς
452 422 766 474 Πατζινακίταις
796 421 1204 477 ἇντιπαραταχθῶσιν
1232 420 1349 477 ὁμοῦ.
1418 422 1497 464 ἀπὸ
1524 423 1569 464 δὲ

104 492 174 535 τὸν
202 491 372 534 Σελινὰν
401 490 448 532 οὖ
482 491 710 548 φοβοῦνταί
733 506 844 541 τινα,
875 489 978 531 ἀλλὰ
1007 490 1081 543 τὴν
1108 496 1181 546 τῆς
1207 492 1469 547 Βουλγαριάς
1492 495 1568 546 γῆν

71 558 362 614 5ἒνδυσάμενοι
382 562 437 610 εἷς
455 559 499 602 τὸ
516 563 589 602 τοῦ
606 558 840 612 Λανουβίου
863 556 1028 612 στόμιον
1047 558 1243 615 ἔρχονται.
1312 560 1390 602 ἀπὸ
1422 561 1465 601 δὲ
1493 564 1568 602 τοῦ

103 629 339 683 Λανουβίου
363 626 744 683 καταλαμβάνουσιν
766 628 822 677 εἷς
842 627 912 669 τὸν
933 626 1134 670 Κωνοπάν
1144 660 1157 679 ,
1193 629 1260 671 καὶ
1279 628 1358 671 ἀπὸ
1377 633 1449 671 τοῦ
1468 630 1568 670 Κω-

102 701 207 741 νοπᾶ
232 699 287 748 εἷς
308 697 595 740 Κωνσταντιάν
615 698 671 746 εἷς
688 695 758 738 τὸν
779 695 962 750 ποταμὸν
982 695 1168 752 Βάρνας,
1205 699 1271 739 καὶ
1300 696 1379 739 ἀπὸ
1404 695 1570 755 Βάρνας

100 766 284 823 ἔρχονται
309 767 364 815 εἷς
383 765 452 808 τὸν
473 765 655 820 ποταμὸν
676 764 750 820 τὴν
770 764 983 816 Λιτζίναν,
1020 763 1121 822 ἅπερ
1150 763 1282 808 πάντα
1305 767 1378 809 εἶσὶ
1401 770 1476 821 γῆς
1497 770 1570 821 τῆς

101 835 369 890 Βουλγαρίας.
438 833 517 876 ἀπὸ
549 834 594 876 δὲ
619 837 692 888 τῆς
715 832 905 885 Διτζίνας
928 835 984 884 εἷς
1004 834 1056 876 τὰ
1075 839 1148 888 τῆς
1166 835 1446 891 ΖΙἸεσημβριάς
1460 834 1566 890 μέρη

46 901 478 957 1οκαταλαμβάνουσι,
518 904 585 944 καὶ
618 900 723 945 οὕτω
753 902 872 958 μέχρι
901 901 1055 945 τούτων
1087 901 1108 945 ὅ
1140 902 1400 953 πολυώὸυνος
1431 903 1566 946 αὐτῶν

97 973 165 1014 καὶ
183 972 404 1028 περίφοβος
422 969 678 1022 δυσὸιέξοδός
695 988 737 1013 τε
754 973 819 1012 καὶ
832 971 1010 1024 χαλεπὸς
1029 972 1337 1028 ἀποπεραίνεται
1358 975 1497 1022 πλοῦς.

227 1037 290 1081 ‘H
315 1040 359 1082 δὲ
383 1040 585 1096 χειμέριος
607 1044 688 1082 τῶν
713 1039 845 1082 αὐτῶν
864 1037 964 1090 Ῥῶς
988 1042 1054 1082 καὶ
1077 1041 1234 1096 σκληρὰ
1257 1038 1434 1096 διαγωγή
1458 1042 1565 1083 ἔστιν

96 1106 212 1163 αὕτη.
281 1106 397 1163 ἡνίκα
419 1107 440 1150 ὅ
461 1109 694 1165 Νοὲμβριος
714 1108 796 1162 μὴν
817 1108 1002 1165 εἰσέλθῃ,
1034 1108 1188 1159 εὐθέως
1207 1109 1246 1151 οἶ
1264 1110 1396 1152 αὐτῶν
1416 1108 1563 1164 ἄρχον-

93 1193 158 1227 τες
177 1176 402 1234 ἐξέρχονται
422 1178 524 1231 μετὰ
544 1176 703 1219 πάντων
724 1182 803 1219 τῶν
816 1175 916 1227 Ῥῶς
936 1177 1015 1219 ἀπὸ
1036 1177 1104 1219 τὸν
1126 1179 1306 1231 Κιάβον,
1341 1179 1408 1220 καὶ
1439 1178 1565 1235 ἀπέρ-

43 1255 85 1290 15
92 1262 236 1299 χονται
257 1247 313 1296 εἷς
330 1244 382 1287 τὰ
404 1244 576 1288 πολῦδια
596 1245 623 1287 ἃ
641 1246 793 1301 λέγεται
815 1247 855 1286 Γ
850 1243 931 1302 ύρα
940 1278 953 1298 ,
988 1244 1112 1301 ἤγουν
1139 1248 1194 1296 εἷς
1220 1245 1294 1296 τὰς
1319 1248 1565 1300 Σκλαβινιάς

91 1318 172 1356 τῶν
195 1330 237 1356 τε
261 1310 499 1369 Βερβιᾶνων
522 1315 588 1355 καὶ
613 1317 693 1356 τῶν
714 1314 1033 1370 Δρουγουβιτῶν
1054 1316 1121 1356 καὶ
1143 1316 1372 1370 Κριβιτζῶν
1395 1317 1461 1357 καὶ
1485 1319 1564 1358 τῶν

91 1382 274 1439 Σερβίων
301 1383 367 1423 καὶ
397 1385 547 1424 λοιπῶν
573 1380 794 1435 Σκλάβων,
831 1383 971 1433 οἵτινές
999 1384 1320 1425 εῗσιιπακτιῶται
1348 1388 1428 1426 τῶν
1448 1382 1563 1434 Ῥῶς.

92 1450 153 1492 ὁι’
177 1449 271 1493 ὅλου
295 1451 340 1493 δὲ
363 1455 435 1492 τοῦ
452 1455 651 1505 χειμῶνος
672 1451 795 1493 ἐκεῖσε
818 1450 1149 1508 διατρεφόμενοι,
1178 1451 1300 1494 πάλιν
1326 1451 1405 1494 ἀπὸ
1433 1452 1562 1508 μηνὸς

85 1517 312 1576 Ἀπριλλίου
333 1520 599 1573 διαλυομένου
621 1523 694 1562 τοῦ
714 1517 869 1575 πάγους
885 1525 961 1562 τοῦ
976 1519 1231 1577 Δανάπρεως
1251 1525 1440 1574 ποταμοῦ
1461 1539 1560 1564 κατ-

35 1587 273 1643 Ξθέρχονται
301 1587 404 1644 πρὸς
432 1588 502 1630 τὸν
532 1589 704 1641 Κιάβον.
775 1590 841 1630 καὶ
869 1586 953 1631 εἷθ’
978 1588 1106 1640 οὕτως
1127 1588 1486 1643 ἄπολαμβάνονται
1508 1590 1560 1632 τὰ

91 1656 224 1699 αῧτιῦν
251 1654 455 1711 μονόξυλα
483 1656 626 1707 καθὼς
651 1658 907 1714 προείρηται,
942 1660 1010 1700 καὶ
1036 1660 1331 1711 ἕξοπλίζονται,
1361 1660 1427 1701 καὶ
1455 1659 1558 1716 πρὸς

82 1721 308 1781 Ῥωμανιάν
329 1725 602 1779 κατέρχονται.

215 1793 307 1836 ‘'Ou
327 1793 366 1836 οἳ
388 1788 509 1846 Oricon
532 1792 721 1837 δύνανται
742 1800 825 1845 τοῖς
842 1795 1158 1848 Πατζινακίταις
1178 1798 1378 1849 πολεμεῖν.

181 1958 221 1992 15
247 1955 430 2001 πολύδρια
450 1957 628 1992 meursius

83 2108 227 2139 currunt
248 2072 507 2148 Pfflacitaoe
540 2111 577 2141 et
599 2106 652 2151 si,
676 2110 715 2141 ut
738 2117 845 2152 saepe
870 2097 1006 2150 euenit,
1029 2117 1124 2140 mare
1147 2104 1333 2150 monoxyla
1356 2106 1400 2140 ad
1422 2110 1552 2140 terram

84 2149 294 2196 proiecerit‚
330 2163 448 2186 omnes
471 2154 707 2197 exscendunt,
744 2158 783 2186 ut
806 2153 1014 2187 coniunctim
1039 2152 1268 2186 Patzinacitis
1291 2151 1465 2185 obsistere
1488 2163 1553 2186 va-

80 2197 189 2230 leant.
235 2196 390 2231 Selinam
413 2197 557 2232 fluvium
583 2199 837 2244 praetergressi
863 2199 1031 2232 neminem
1055 2198 1261 2232 formidant:
1297 2198 1357 2231 sed
1384 2198 1441 2231 ubi
1467 2198 1552 2231 Bul-

78 2242 209 2287 gan-iam
232 2242 435 2288 attigerunt,
458 2243 495 2277 in
518 2244 671 2278 Danubii
694 2245 819 2279 ostium
843 2245 1099 2289 ingrediuntur.
1142 2256 1163 2278 a
1184 2244 1345 2278 Danubio
1370 2244 1551 2289 Conopam

79 2287 275 2332 traiiciunt,
311 2289 394 2323 inde
425 2290 664 2325 Constantiam
697 2291 742 2324 ad
771 2291 899 2325 flumen
933 2292 1088 2334 Varnas,
1129 2302 1150 2324 a
1183 2290 1310 2324 Varnis
1341 2291 1385 2324 ad
1419 2290 1550 2324 flumen

77 2333 252 2369 Ditzinam
283 2334 570 2379 proficiscuntur,
607 2348 696 2382 quae
728 2336 840 2370 omnia
865 2338 908 2371 ad
931 2337 1131 2381 Bulgariam
1154 2337 1332 2380 regionem
1357 2336 1548 2381 pertinent.

79 2392 101 2414 u
124 2379 266 2413 Ditzina
288 2381 397 2415 fluvio
422 2381 654 2416 Mesembriae
676 2388 803 2417 terram
827 2389 964 2428 petunt.
1013 2388 1118 2427 atque
1147 2382 1238 2415 hunc
1261 2382 1296 2415 in
1321 2382 1456 2416 modum
1482 2382 1549 2416 huc

77 2436 188 2472 usque
212 2425 369 2460 difficilis
391 2426 472 2471 ina,
500 2439 739 2462 aerumnarum
763 2440 804 2462 ac
828 2434 939 2463 metus
963 2428 1066 2473 plena
1089 2428 1269 2472 navigatio
1293 2427 1502 2462 absolvitur.

169 2471 328 2506 Hiberna
359 2483 444 2507 vero
470 2479 505 2508 et
528 2485 654 2519 aspera
681 2474 870 2509 Russorum
894 2475 1038 2509 vivendi
1061 2474 1153 2509 ratio
1178 2475 1265 2508 haec
1289 2479 1357 2508 est.
1404 2474 1549 2508 ineunte

76 2517 270 2552 Novembri
294 2529 413 2553 mense
434 2530 536 2564 quam
559 2520 704 2565 primum
729 2532 846 2555 eorum
871 2520 1048 2566 principes
1072 2531 1146 2555 cum
1169 2520 1335 2554 universa
1358 2520 1550 2554 Russorum

75 2569 180 2642 ferite
205 2563 432 2608 egrediuntur
457 2565 568 2600 Ciabo
594 2572 629 2600 et
653 2566 689 2600 in
714 2567 843 2611 oppida
866 2566 1155 2612 proficiscuntur,
1182 2577 1272 2611 quae
1297 2567 1399 2611 Gyra
1425 2566 1549 2612 appel-

88 2614 208 2653 antur,
246 2613 307 2644 aut
337 2609 374 2643 in
410 2611 572 2646 Sclavica
604 2612 682 2646 loca
713 2612 964 2647 Berbianorum
991 2612 1288 2657 Drungubitarnm
1313 2612 1549 2646 Cribitzarum

75 2655 296 2699 Serviorum,
330 2655 610 2703 reliquorumque
639 2658 844 2692 sclavorum
876 2660 937 2703 qui
969 2659 1094 2693 Russis
1127 2657 1308 2693 tributarii
1331 2663 1427 2692 sunt.
1472 2658 1548 2691 illic

75 2711 161 2734 vero
196 2707 341 2746 peracta
374 2707 448 2737 tota
482 2702 616 2748 hieme,
650 2715 787 2739 rursum
819 2704 929 2750 Aprili
956 2715 1074 2740 mense
1097 2704 1211 2738 soluta
1232 2704 1346 2749 glaeie
1369 2704 1545 2749 Danapris

73 2746 175 2780 fluvii
200 2746 347 2781 Ciabum
371 2748 596 2784 descendunt.
646 2750 776 2784 deinde
791 2750 956 2805 receptis,
981 2751 1034 2786 uti
1053 2761 1160 2795 supra
1182 2750 1311 2786 dictum
1333 2756 1399 2795 est,
1424 2761 1545 2784 mono-

74 2791 165 2837 xylis
189 2792 382 2838 iisdemque
405 2795 516 2839 probe
538 2795 718 2831 instructis
742 2796 945 2832 Romamam
969 2792 1197 2832 deficendunt,

164 2838 338 2879 Quoniam
362 2839 432 2874 Uzi
453 2840 689 2878 Patzinacitas
710 2841 802 2877 bello
825 2843 996 2879 infestare
1018 2847 1178 2890 possunt.
