1780 3132
307 179 377 219 DE
413 175 859 218 ADMINISTRANDO
902 174 1122 216 IMPERIO
1163 174 1281 216 CAP.
1320 167 1387 214 45.
1485 171 1576 214 201

146 275 351 329 λαβέσθαι
391 272 546 323 αὐτοὺς
588 273 633 315 τό
681 275 865 315 τοιοῦτον
900 271 1088 328 κάστρον.
1145 274 1233 314 ἀλλ’
1262 271 1337 314 οὐκ
1367 273 1589 326 ἠνέσχοντο

149 341 187 385 οἱ
202 338 365 396 Ἴβηρες
402 343 522 382 τοῦτο
564 340 734 393 ποιῆσαι
776 337 846 380 διὰ
879 335 954 392 τὴν
985 338 1144 393 α’γάπην
1171 337 1252 380 τών
1282 339 1590 381 Θεοδοσιουπο-

147 409 273 451 λιτῶν
299 407 371 448 καί
401 405 470 447 διὰ
499 405 543 448 τὸ
572 405 628 459 μή
666 406 931 459 πορθηθῆναι
958 402 1003 446 τὸ
1026 404 1200 459 κάστρον
1221 403 1586 451 Θεοδοσιούπολιν,

149 473 238 515 ἄλλ’
280 469 574 526 ἇντεδήλωσαν
611 468 683 512 τὸν
720 472 842 523 κῦριν
875 467 1092 521 Ῥωμανὸν
1132 472 1204 511 καί
1247 467 1325 523 τήν
1369 467 1588 522 βασιλείαν

114 539 278 594 5ἧμαῖν,
306 540 489 592 λέγοντες
518 534 581 578 ὅτι
611 537 651 577 εἰ
684 537 803 576 τοῦτο
835 534 1087 591 ποιήσομεν,
1117 536 1264 587 α’τιμιά
1292 532 1441 588 ἔχομεν
1470 535 1590 588 γενέ-

146 607 251 648 σθαι
278 605 338 653 εἰς
365 602 463 652 τοὺς
489 605 669 656 γείτονας
694 602 813 655 ἡμῶν
833 633 844 651 ,
883 597 968 643 οἷον
998 602 1055 649 εἰς
1083 601 1156 642 τὸν
1181 601 1408 654 μα’γιστρον
1434 602 1506 641 καί
1529 600 1590 648 εἰς

144 668 216 712 τὸν
247 667 518 722 ἑξουσιαστὴν
545 668 772 721 Ἀβασγιάς
812 669 884 708 καί
921 668 979 714 εἷς
1009 666 1080 708 τὸν
1109 668 1491 720 Βασπαρακανίτην
1519 665 1590 707 καί

146 737 207 783 εἰς
233 734 332 783 τούς
362 734 715 789 ὕπερεξάρχοντας
733 735 815 773 τῶν
832 733 1069 788 Ἀρμενίων,
1101 734 1173 773 καί
1188 732 1317 773 εἰπεῖν
1334 730 1502 785 ἔχουσιν
1526 728 1587 772 ὅτι

146 799 170 842 ὅ
198 799 397 855 βασιλεὺς
423 799 625 847 ἀπίστους
651 798 738 852 ἔχει
765 797 859 847 τούς
880 794 1071 853 Ἴβηρας,
1100 797 1173 840 τόν
1202 814 1246 839 τε
1275 795 1587 851 κουροηαλάτην

91 875 135 909 10
149 867 222 908 καὶ
246 865 344 914 τούς
371 863 580 920 α’δελφούς
610 867 757 916 αότοῦ,
787 865 859 905 καί
886 864 936 905 οὕ
975 868 1158 906 πιστεύει
1198 864 1366 915 αὐτοῖς,
1407 863 1480 903 καί
1516 860 1584 903 διὰ

146 934 270 975 τοῦτο
295 931 517 985 α’νελάβετο
543 931 587 973 τὸ
614 932 787 985 κάστρον
815 932 858 981 ἐξ
879 930 1032 972 αὐτῶν.
1089 929 1195 971 ἀλλὰ
1218 930 1377 982 μᾶλλον
1405 924 1455 977 ἂς
1485 927 1589 968 ἄπο-

146 1001 284 1056 στείλῃ
313 998 335 1039 ὅ
362 996 562 1051 βασιλεῦς
590 995 862 1051 τουρμάρχην
891 991 918 1050 ἢ
944 994 1159 1049 βασιλικόν
1183 1011 1300 1049 τινα,
1329 993 1401 1035 καί
1432 989 1482 1042 ἂς
1510 1010 1588 1035 κα-

145 1066 319 1119 θέζηται
349 1066 408 1112 εἰς
436 1061 611 1119 κάστρον
641 1066 719 1103 τοῦ
750 1065 935 1113 Κετζὲου
954 1097 965 1118 ‚
1006 1061 1078 1103 καί
1109 1056 1157 1110 ἂς
1187 1061 1340 1118 θεωρῇ.
1398 1060 1469 1101 καί
1495 1061 1586 1102 ἐδέ-

144 1134 264 1181 ξαντο
310 1127 378 1171 διά
417 1127 641 1177 κελεύσεως
678 1124 740 1169 ὅτι
768 1130 815 1169 τί
839 1125 985 1183 ὄφελος
1016 1124 1043 1182 ἢ
1073 1129 1344 1183 τουρμάρχην
1368 1124 1394 1181 ἢ
1421 1129 1587 1179 βασιλι-

90 1194 218 1236 15κὸν
245 1196 516 1245 ἅποστεῖλαι,·
555 1193 718 1242 πάντως
757 1193 830 1234 ἐὰν
872 1191 1038 1250 εἰσέλθῃ
1074 1192 1154 1235 εἴτε
1191 1190 1464 1247 τουρμάρχης
1505 1189 1585 1232 εἴτε

143 1258 372 1314 βασιλικός,
398 1259 502 1311 μετὰ
536 1261 634 1299 δέκα
660 1256 687 1312 ἢ
707 1258 868 1300 δώδεκα
896 1258 1130 1312 α’νθρώπων
1160 1256 1250 1311 ἔχει
1280 1260 1494 1313 εἰσελθεῖν,
1514 1256 1586 1298 καί

143 1326 398 1376 καθέζεσθαι
436 1322 524 1376 ἔχει
558 1325 616 1371 εἰς
658 1323 703 1365 τὸ
752 1319 958 1378 ἄπληκτον
998 1322 1022 1364 ὃ
1062 1326 1160 1380 παρ’
1196 1323 1296 1376 ὑμῖν
1330 1322 1458 1380 λάβῃ·
1515 1324 1587 1364 καί

143 1392 237 1432 ἐπεὶ
261 1393 414 1431 πολλαί
449 1392 554 1431 εἰσιν
585 1389 678 1431 ὁδοί
705 1387 749 1431 αἱ
777 1389 1022 1443 εἰσάγουσαι
1054 1392 1113 1439 εἰς
1140 1389 1184 1432 τό
1216 1389 1392 1445 κάστρον
1425 1391 1581 1431 Θεοδο-

143 1455 416 1512 σιουπόλεως,
456 1455 506 1496 οὔ
536 1454 710 1497 δύναται
742 1454 824 1497 ἀπὸ
863 1456 938 1497 τοῦ
965 1456 1143 1511 κάστρου
1173 1458 1340 1508 βλέπειν
1367 1458 1416 1498 τά
1446 1459 1585 1511 εἰσερ-

87 1522 304 1577 2οχόμενα
341 1520 546 1576 καρβάνια
587 1524 646 1570 εἰς
676 1519 722 1562 τὸ
750 1520 928 1577 κὰστρον
959 1520 1344 1571 Θεοδοσιουπὸλεως
1362 1540 1371 1549 ·
1429 1520 1585 1564 δύναν-

143 1605 215 1631 ται
257 1589 303 1630 δὲ
343 1589 611 1641 εἷσέρχεσθαι
660 1584 866 1641 καρβάνια
909 1589 953 1629 ἐν
1001 1588 1347 1630 Θεοδοσιουπόλει
1384 1589 1434 1645 τῇ
1470 1588 1587 1630 νυκτὶ

143 1655 310 1696 ἐκείνων
345 1655 476 1708 μηδὲν
515 1656 731 1695 νοοῦντων.
799 1653 888 1695 ἀλλ’
928 1649 1003 1695 οὖν
1042 1652 1112 1695 διά
1157 1652 1203 1696 τὸ
1238 1654 1298 1709 μή
1322 1657 1462 1697 θέλειν
1488 1654 1586 1704 τοὺς

131 1714 303 1774 Ἴβηρας
337 1722 601 1774 πορθηθῆναι
627 1718 700 1774 τήν
736 1718 1084 1762 Θεοδοσιούπολιν
1112 1718 1219 1763 α’λλοὶ
1251 1723 1408 1774 μᾶλλον
1442 1737 1586 1775 σιταρ-

143 1788 317 1839 χεῖσθαι
336 1816 348 1838 ,
377 1785 526 1827 τούτου
565 1786 686 1827 ἓνεκα
730 1785 811 1840 οὐχ
848 1783 1090 1841 ὑπήκουσαν
1118 1789 1190 1830 καί
1217 1789 1404 1830 δέδωκαν
1434 1786 1480 1829 τὸ
1509 1786 1583 1829 κά-

237 1928 263 1965 4
286 1931 513 1974 βασίλισσαν
535 1929 640 1974 vulgo

143 2058 424 2104 imperatorique
457 2060 613 2092 Romano
653 2063 690 2091 et
720 2058 913 2092 maiestatis
951 2064 1093 2092 nostrae
1132 2059 1392 2105 responderunt
1424 2059 1480 2095 “si
1515 2061 1583 2096 hoc

143 2106 354 2146 fecerimus,
389 2105 618 2150 opprobrium
652 2105 781 2138 erimus
816 2106 940 2138 vicinis
967 2107 1122 2146 nostris,
1157 2108 1324 2151 magistro
1363 2114 1399 2141 et
1430 2109 1582 2154 principi

143 2153 334 2196 Abasgiae‚
366 2152 676 2196 Basparacanitae,
717 2158 753 2185 et
781 2152 1076 2196 gubernatoribus
1102 2155 1312 2187 Armeniae:
1351 2154 1467 2188 dicere
1494 2156 1580 2189 item

141 2205 290 2244 possent
313 2197 442 2232 infidos
475 2200 676 2244 imperatori
707 2199 824 2232 lberas
850 2211 938 2239 esse,
965 2201 1130 2232 nimirum
1155 2201 1395 2246 curopalatem
1429 2213 1470 2235 ac
1503 2203 1579 2235 eius

142 2247 268 2279 fratres
283 2271 292 2286 ,
321 2256 438 2290 neque
470 2246 542 2278 inis
566 2246 746 2279 confidere
762 2271 771 2286 ,
806 2246 962 2292 ideoque
986 2246 1077 2279 hanc
1100 2248 1144 2280 ab
1171 2248 1243 2280 illis
1270 2248 1394 2281 urbem
1418 2250 1576 2294 cepisse3

143 2294 230 2338 quin
254 2293 373 2336 potius
400 2292 521 2325 mittat
551 2293 742 2338 imperator
776 2293 1011 2326 turmarcham
1043 2300 1105 2326 aut
1138 2293 1384 2328 caesarianum
1411 2297 1577 2341 aliquem,

141 2340 204 2384 qui
230 2339 268 2372 in
295 2338 382 2371 urbe
406 2338 534 2372 Cetzeo
569 2339 720 2372 resideat
756 2346 791 2373 et
816 2339 1008 2373 observet.“
1057 2342 1264 2386 rescriptum
1289 2348 1407 2375 autem
1431 2354 1578 2388 recepe-

142 2391 226 2419 runt
249 2386 286 2418 in
311 2386 458 2418 formam
485 2386 641 2419 mandati
664 2385 776 2432 “quid
800 2387 970 2431 proderit,
998 2387 1027 2420 si
1052 2389 1252 2421 turmarcha
1272 2395 1333 2423 aut
1350 2390 1579 2423 Caesarianus

141 2431 327 2465 mittatur?
355 2433 417 2477 qui
442 2433 471 2465 si
494 2434 652 2474 veniant,
677 2445 756 2466 cum
782 2434 903 2466 decem
931 2439 993 2467 aut
1017 2433 1203 2468 duodecim
1227 2435 1272 2468 ad
1296 2448 1466 2470 summum
1492 2437 1578 2470 viris

142 2479 274 2512 intrare
297 2483 479 2523 poterunt,
507 2485 543 2512 et
567 2479 720 2513 residere
745 2481 783 2513 in
809 2480 1002 2513 diversorio
1027 2481 1125 2526 quod
1149 2493 1211 2516 vos
1235 2483 1277 2516 iis
1301 2484 1575 2528 assignaveritis.

142 2531 180 2558 et
213 2524 506 2570 quandoquidem
539 2527 672 2559 multae
706 2528 783 2560 viae
818 2533 900 2560 sunt
931 2526 1062 2572 quibus
1086 2528 1404 2575 Theodosiopolim
1443 2531 1578 2564 intrare

139 2571 245 2612 licet,
284 2572 360 2604 fieri
382 2583 456 2605 non
481 2578 600 2617 potest
624 2579 662 2606 ut
698 2574 742 2606 ab
767 2574 854 2606 urbe
881 2574 1141 2619 prospiciantur
1162 2578 1323 2610 carvania
1350 2577 1578 2611 Theodosio-

139 2619 253 2663 polim
289 2618 548 2662 ingredientia,
577 2631 667 2665 quae
707 2626 812 2653 noctu
841 2621 970 2653 intrare
997 2627 1144 2663 possunt
1170 2623 1240 2656 illis
1266 2623 1358 2656 nihil
1383 2624 1454 2657 tale
1479 2624 1577 2668 cogi-

140 2663 331 2698 tantibus.²'
380 2665 500 2699 Iberes
535 2667 675 2711 itaque,
708 2669 792 2712 quia
820 2668 949 2700 vastari
987 2667 1306 2715 Theodosiopolim
1338 2672 1480 2704 nollent
1514 2669 1577 2703 sed

140 2712 258 2756 potius
283 2718 496 2745 commeatus
522 2713 752 2758 suppeditari,
776 2725 849 2747 uon
876 2714 1092 2750 obedierunt
1115 2727 1233 2762 neque
1262 2717 1385 2750 urbem
1410 2718 1577 2752 Cetzeum
