1780 3132
298 131 391 177 316
567 151 570 154 ⁴
619 147 872 189 BANDURn
911 147 1401 206 AMMADvssnsloNEs

294 259 505 308 peratore.
561 270 653 299 nam
679 258 744 298 hic
771 255 1014 307 ἑθεμάτισεν
1041 273 1120 300 non
1146 264 1288 313 posuit
1314 267 1463 303 tantum
1489 263 1700 317 siguificat,

294 311 363 349 sed
390 313 532 362 posuit
559 313 824 352 vaticinando
849 325 907 353 ea·
935 316 1083 354 astris
1137 314 1371 362 θεματιῒειν
1396 315 1544 367 sutura
1568 330 1695 371 prae-

293 366 488 404 nuntiare
515 375 573 403 θα)
601 367 739 405 astris
767 367 975 418 significat.
1031 371 1144 407 vetus
1171 368 1316 408 scheda
1342 381 1368 408 a
1388 370 1559 411 Seldeno
1591 373 1698 412 edita

291 417 341 457 de
369 419 458 456 Iure
487 417 668 458 Gentium
704 423 731 459 3
759 423 835 460 20:
877 419 1135 485 ιὲιῖῗεμοιτίσθηζ
1170 418 1193 469 ἦ
1234 421 1542 488 vaotavtt'vop
1582 423 1699 470 πόλις

291 466 401 518 παρὰ
438 467 665 516 Ου’άλεντος
693 469 940 523 ἄστρολόγου
971 474 1014 512 ἐν
1035 473 1084 527 τῇ
1112 471 1244 528 ἡμέρα
1269 473 1349 513 τῶν
1375 474 1586 524 ἑγκαινίων
1613 492 1697 516 αυ-

291 523 694 578 15;.v.Ducangii
720 526 784 566 Gl.
814 527 885 567 Gr-

393 591 458 637 93,
487 593 524 628 6.
581 584 678 640 ἔτος]
705 586 784 628 αἠὁ
829 590 994 636 κτίσεως
1031 586 1186 637 κόσμου
1219 590 1346 645 5022]
1385 592 1434 632 de
1461 604 1559 633 aera
1584 594 1691 635 Ara-

285 640 375 680 hum
406 654 475 680 seu
501 642 889 694 Mahometanorum‚
930 656 1027 697 quos
1066 634 1275 697 Heyira'e,
1302 645 1377 685 hoc
1413 649 1472 685 est
1502 645 1697 699 διωγμοῦ,

285 707 409 732 annos
438 698 654 748 appellant,
683 676 911 738 consulendi
946 703 1037 739 sunt
1068 699 1253 750 Scaliger
1283 698 1482 740 Calvisius
1509 700 1694 741 Petavius

284 749 432 810 pagius
461 751 616 802 aliique.
670 763 784 814 quae
822 756 951 792 autem
988 753 1031 793 in
1059 753 1175 792 editis
1215 753 1279 792 hic
1308 754 1439 793 statim
1450 759 1692 818 sequuntur,

282 802 460 842 nimirum
487 804 560 840 νῦν
588 803 633 841 ὁέ
660 802 766 842 ἐστιν
795 801 909 861 ςωο’,
936 804 1185 850 ἶνὸικτιῶνος
1212 802 1381 857 δεκάτης
1408 805 1605 857 πέμπτης,
1632 821 1689 854 ως

281 867 387 892 ειναι
415 852 493 893 α’πὸ
519 853 605 894 τότε
630 854 706 901 ἕως
735 848 807 895 νῦν
847 853 989 909 χρόνοι
1016 854 1118 910 ψμ’,
1148 860 1271 900 verba
1309 872 1556 914 nequaquam
1586 860 1690 902 Con-

279 909 442 948 stantini
468 911 594 951 nostri
614 916 725 962 sunt,
749 913 819 951 sed
846 913 975 964 potius
1003 914 1215 965 glossema,
1243 917 1286 953 ιιι
1316 914 1447 964 aiunt3
1477 914 1618 967 quippe
1644 915 1685 955 in

279 963 412 1001 codice
440 964 567 1016 Regio
594 965 916 1016 membranaceo,
943 967 1174 1007 charactere
1203 967 1417 1007 duodecimi
1445 969 1568 1008 seculi
1594 981 1686 1008 eon-

276 1016 437 1067 scripto,
467 1019 671 1068 praedicta
702 1021 825 1059 verba
849 1032 927 1059 non
958 1020 1153 1061 habentur
1181 1020 1222 1060 in
1260 1024 1372 1060 textu
1400 1021 1470 1060 sed
1501 1021 1553 1061 ad
1583 1034 1687 1062 mar-

276 1070 407 1121 ginem
433 1073 581 1111 recenti
611 1074 819 1113 admodum
842 1086 958 1114 manu
985 1079 1166 1114 exarata.
1222 1075 1326 1114 unde
1349 1074 1401 1114 ad
1427 1075 1554 1114 locum
1582 1075 1686 1115 hunc

276 1124 421 1174 optime
447 1125 654 1175 meursius,
687 1127 756 1179 qui
781 1140 859 1167 non
891 1128 1048 1167 viderat
1087 1128 1259 1168 codicem
1289 1127 1399 1167 illum
1429 1128 1607 1179 Regium,
1635 1129 1692 1168 sic
1752 1171 1754 1174 ,

273 1183 425 1218 monet:
455 1184 524 1218 aut
551 1181 700 1220 numeri
736 1181 799 1219 hic
827 1181 956 1220 vitiati
994 1185 1096 1230 sunt,
1137 1185 1205 1221 aut
1233 1185 1350 1233 caput
1374 1181 1449 1220 hoc
1475 1182 1685 1222 insiticium

274 1235 334 1270 est
364 1244 491 1284 neque
520 1245 545 1273 a
573 1239 709 1273 nostro
726 1234 997 1285 Constantino,
1028 1236 1170 1287 quippe
1204 1235 1255 1274 ad
1284 1247 1395 1287 quem
1426 1235 1476 1274 ab
1503 1235 1690 1275 Heraclio

273 1297 395 1337 usque
422 1287 516 1326 anni
553 1291 705 1328 tantum
727 1293 1015 1351 computantur
1053 1290 1143 1340 plus
1171 1288 1297 1328 minus
1340 1289 1519 1329 trecenti.
1575 1290 1690 1341 atqui

271 1338 335 1378 hic
364 1341 618 1380 inveniuntur
645 1342 738 1382 anni
766 1346 848 1382 740
876 1343 925 1382 ab
956 1343 1039 1382 eius
1068 1343 1244 1395 imperio,
1274 1341 1314 1380 id
1343 1346 1417 1391 est,
1445 1343 1581 1394 plures
1609 1346 1690 1382 400

270 1398 360 1444 post
387 1393 686 1435 Constantinum
714 1400 902 1435 nostrum.
957 1408 1055 1449 ergo
1085 1397 1315 1437 manifestus
1344 1407 1470 1446 error,
1499 1400 1538 1436 et
1566 1397 1688 1436 alter-

272 1452 400 1488 utrum
427 1461 573 1498 verum,
601 1451 703 1502 quod
731 1462 944 1490 censemus.

378 1510 485 1553 Ibid.
507 1517 544 1552 7.
574 1509 618 1550 τὸ
640 1510 814 1562 θεμὰτιν
826 1527 911 1589 pro
934 1512 1139 1564 θεμάτων,
1166 1518 1209 1554 ιιι
1224 1514 1344 1554 habet
1364 1513 1564 1554 cedrenus
1585 1514 1612 1554 l.
1634 1514 1683 1554 1.:

271 1564 428 1615 ἐγένετο
467 1562 665 1604 θειιάτιον
704 1566 785 1605 τῶν
821 1567 1065 1630 Σαρακηνῶν
1108 1564 1219 1617 παρὰ
1252 1565 1461 1619 Στεφανου
1500 1566 1686 1614 Ἀλεξαν-

272 1618 413 1669 ὃρέως.
470 1621 562 1672 quid
591 1625 720 1660 autem
747 1617 940 1669 θεμάτων
976 1622 1138 1673 proprie
1175 1622 1370 1674 significet
1397 1621 1578 1674 pluribus
1602 1633 1686 1661 mo-

270 1673 424 1713 nuimus
452 1687 574 1725 supra
602 1674 816 1714 comment.
846 1675 873 1714 1.
901 1677 929 1714 5
957 1687 994 1726 p.
1024 1679 1116 1715 783.

379 1735 485 1778 Ibid.
518 1742 580 1778 10.
640 1733 913 1799 Μουχούμετ]
952 1738 1153 1779 Cedrenus
1197 1739 1249 1779 ad
1281 1751 1426 1779 annum
1454 1741 1506 1778 21
1535 1738 1686 1790 imperii

270 1792 463 1832 Heraclii·
494 1783 612 1836 ουτος
642 1788 663 1829 ὁ
682 1787 873 1839 Μωάμεδ
910 1788 930 1829 ὃ
963 1805 1030 1829 και
1061 1787 1328 1841 ΙΙ1ουχούμετ.

379 1854 486 1896 Ibid
516 1859 579 1896 14.
648 1852 785 1906 ςρ73’]
824 1857 968 1919 optime
1009 1856 1293 1896 Constantinus
1333 1855 1547 1896 Mahometi
1577 1867 1684 1895 mor-

271 1915 350 1951 tem
377 1910 453 1954 hoc
480 1922 583 1949 anno
612 1911 877 1962 consignavit,
905 1912 971 1963 qui
997 1911 1072 1950 fuit
1097 1922 1249 1961 imperii
1262 1910 1436 1950 Heracln
1459 1913 1524 1948 22.
1582 1909 1682 1948 obiit

270 1965 413 2018 quippe
440 1964 641 2003 Mahomet
675 1965 739 2003 die
769 1968 820 2003 17
854 1965 976 2015 lunii,
1011 1965 1113 2004 feria
1143 1965 1341 2014 secunda,
1382 1963 1526 2002 mensis
1555 1962 1682 2002 Rabie

271 2020 335 2058 die
363 2022 436 2066 12,
471 2030 574 2057 nono
619 2030 723 2057 anno
762 2030 878 2070 quam
917 2019 1113 2069 imperare
1148 1995 1357 2069 coeperat,
1394 2029 1482 2056 cum
1517 2016 1684 2056 vixisset

270 2084 397 2113 annos
427 2072 587 2111 lunares
616 2072 700 2111 sive
729 2072 923 2111 Arabicus
951 2076 1016 2112 63.
1089 2072 1352 2122 Theophanes
1387 2074 1516 2110 autem
1543 2069 1684 2109 Maho-

269 2127 363 2166 meti
393 2130 557 2165 mortem
584 2126 635 2165 ad
663 2139 808 2165 annum
824 2130 875 2164 21
903 2126 1073 2165 eiusdem
1092 2125 1263 2176 Augusti
1290 2125 1426 2164 refert.
1483 2123 1552 2162 sed
1582 2135 1686 2162 com-

269 2180 474 2232 parandus
516 2179 606 2218 huic
642 2179 874 2232 Theophani
923 2179 1251 2219 constantiniano
1295 2176 1558 2229 Theophanes
1599 2177 1685 2228 ipse

270 2235 397 2273 editus
426 2234 531 2285 typis
559 2234 697 2286 Regiis
733 2247 771 2285 p.
800 2238 883 2273 276
910 2238 948 2272 et
975 2237 1067 2282 277,
1110 2233 1175 2272 ubi
1215 2232 1392 2283 pluribus
1431 2231 1528 2270 haec
1553 2230 1684 2270 omnia
1735 2278 1738 2283 ‚

269 2291 509 2337 narrantur3
536 2288 640 2326 unde
679 2288 779 2328 haec
821 2291 1009 2338 excerpta
1045 2264 1196 2326 t'antum
1237 2298 1324 2324 esse
1351 2297 1402 2324 ex
1429 2284 1683 2335 Theophane,

270 2355 350 2381 non
381 2353 475 2380 vero
518 2341 773 2393 Theophanis
810 2341 1008 2393 ipsissima
1036 2341 1186 2387 verba,
1227 2344 1270 2380 ut
1295 2338 1476 2378 nonnulli
1501 2337 1686 2378 arbitrati

269 2400 372 2445 sunt,
399 2395 610 2434 manifesto
636 2399 817 2446 apparet.

378 2456 485 2499 Ibid.
518 2462 583 2498 20.
649 2459 722 2497 τοῦ
759 2454 934 2496 θεόπτου
972 2457 1177 2504 Μωσέως]
1219 2457 1258 2496 in
1299 2455 1541 2515 Theophane
1580 2453 1687 2493 edito

269 2516 360 2564 post
385 2512 484 2552 haec
511 2512 634 2552 verba
652 2513 839 2575 legitur:
879 2505 983 2562 ἦσαν
1020 2509 1064 2547 δὲ
1094 2510 1154 2572 τῷ
1177 2507 1345 2562 ἀριθμῶ
1373 2508 1471 2546 δέκα
1499 2503 1538 2545 οἱ
1566 2506 1685 2544 τοῦτο

269 2562 554 2616 πεποιηκότες,
588 2578 656 2602 και
697 2579 774 2604 συν
800 2562 915 2617 αὐτῶ
953 2563 1089 2612 διῆγον
1124 2557 1225 2612 α’χρι
1253 2562 1324 2612 τῆς
1354 2560 1515 2621 σφαγῆς
1543 2558 1685 2598 αὐτοῦ’.

271 2623 314 2660 at
341 2623 437 2672 puto
464 2619 528 2660 hic
556 2631 630 2672 pro
667 2611 768 2669 ἄχρι
796 2618 866 2670 τῆς
891 2603 1056 2671 σφαγῆς
1097 2615 1226 2655 αὐτοῦ
1255 2616 1462 2670 legendum
1489 2607 1587 2663 ἄχρι
1613 2612 1685 2663 τῆς
