1780 3132
225 175 319 222 204
506 184 851 226 CONSTANT1N1
891 183 1356 227 PORPHYROGENITI

222 277 453 333 σπαθάριος
481 279 663 334 Ἰωάννης
692 282 762 321 καί
789 281 1009 334 στρατηγὸς
1031 281 1052 320 ὁ
1072 282 1382 338 ἶ4ρραβωιἰ’της,
1410 284 1480 326 κατ’
1500 283 1522 324 δ
1541 302 1623 326 πα-

220 345 372 393 τρίκιος
393 343 592 398 Θεόφιλος
620 345 690 384 καί
717 345 863 397 α’ρτίως
894 344 1114 399 στρατηγὸς
1136 346 1522 402 Θεοδοσιουπόλεως,
1553 352 1624 391 καί

220 404 258 444 οἱ
284 409 415 446 λοιποί
455 409 670 459 στρατηγοί
710 406 887 460 μεγάλην
926 411 1104 461 πραῖδαν
1133 409 1203 449 καί
1243 411 1527 463 αἰχμαλωσιῖιν
1563 414 1620 462 εἷς

219 467 321 509 αὑτὸ
353 469 614 524 εἰργάσαντο,
642 472 967 519 κατακαύσαντες
1005 471 1056 513 τὰ
1093 476 1227 524 χωρία
1257 475 1394 528 αὐτοῦ,
1422 478 1620 529 μηδέποτε

216 535 289 572 τοῦ
315 533 620 585 κουροπαλάτου
645 537 964 587 πραιὸευσαντος
991 534 1109 578 αὐτό.
1164 540 1233 578 καί
1257 537 1371 590 ἡνίκα
1391 539 1652 592 ἠφανίσθη-5

215 612 291 635 σαν
318 596 366 636 τα
395 595 540 637 τούτου
570 598 705 650 χωρία
743 598 853 652 παρὰ
884 603 955 652 τῆς
982 603 1191 652 βασιλείας
1220 601 1345 653 ἡμῶν,
1374 601 1620 655 ὖπεισῆλθον

216 657 256 700 οἱ
273 656 427 713 Ἴβηρες
466 660 536 701 καὶ
572 663 868 716 κατεκράτησαν
903 663 1023 718 αὐτά,
1062 665 1303 717 πειρώμενοι
1335 669 1378 707 ἐκ
1404 664 1548 707 τούτου
1575 683 1618 708 το

215 722 389 775 κάστρον
427 727 638 778 κρατῆσαι.
705 726 725 766 o‘
769 729 814 767 δὲ
852 723 1014 781 ἆμηρᾱς
1056 727 1245 775 πολλάκις
1280 731 1477 783 μηνυθείς
1503 728 1615 784 παρὰ

213 790 286 827 τοῦ
313 791 526 841 πατρικίου
558 791 763 844 Θεοφίλου
799 791 867 831 καί
896 796 1142 847 στρατηγοῦ,
1169 795 1240 833 καί
1265 793 1363 834 ἰδών
1394 791 1457 835 ὅτι
1487 790 1615 835 mida-

211 853 299 902 μαῖς
325 849 410 902 ἔχει
438 853 582 894 ἐλπίδα
611 855 727 908 ζωῆς,
767 855 947 909 ὑπετάγη
984 859 1054 897 καί
1091 860 1303 898 κατένευσε
1333 859 1480 907 δοῦλος
1506 860 1615 912 γενέ·
1628 862 1669 896 10

211 918 312 955 σθαι
336 918 405 968 τῆς
442 919 652 967 βασιλείας
685 918 826 972 ἡμῶν,
864 918 961 967 ὃούς
995 919 1063 961 τὸν
1094 919 1181 961 υἱὸν
1209 923 1335 962 αὐτοῦ
1364 917 1508 972 timida.
1565 921 1611 963 τὸ

211 980 256 1017 δὲ
283 981 507 1020 Macram»
547 978 708 1035 ὑπῆρχε
747 983 826 1023 τῶν
871 984 1285 1025 Θεοδοσιουπολιτῶν·
1339 985 1411 1025 καί
1449 985 1563 1039 ἡνίκα
1591 984 1613 1026 ὅ

206 1040 430 1094 μάγιστρος
466 1044 654 1098 Ἰωάννης
705 1045 967 1100 ἐπολιόρκησε
1008 1049 1080 1101 τὴν
1128 1047 1468 1089 Θεοδοσιούπολιν
1513 1046 1608 1090 ἔπτὰ

204 1107 337 1159 μῆνας
379 1107 448 1148 διὰ
496 1108 539 1149 τὸ
576 1108 633 1162 μή
677 1111 882 1151 δύνασθαι
924 1115 1180 1165 παραλαβεῖν
1222 1113 1375 1166 αὐτην,
1422 1114 1612 1154 α’ποστεί-

205 1173 280 1218 λας
304 1171 404 1212 λαὸν
430 1174 637 1226 παρέλαβε
673 1172 718 1214 τὸ
764 1171 863 1215 αὖτὸ
893 1175 1064 1228 κάστρον
1104 1174 1148 1216 τὸ
1180 1174 1384 1216 Mandro»
1419 1179 1489 1216 zai
1521 1177 1610 1216 εἰσ·
1624 1185 1665 1218 15

203 1233 350 1287 η’γαγεν
391 1237 435 1276 ἐν
483 1238 593 1292 αὐτῷ
633 1235 699 1279 τὸν
736 1238 1110 1291 πρωτοσπαθάριον
1143 1238 1371 1291 Πετρωνάν
1405 1238 1472 1279 τὸν
1506 1237 1610 1279 Βόῖ-

201 1301 276 1338 λαν
295 1330 307 1350 ,
345 1299 414 1340 τὸν
450 1300 541 1342 τότε
570 1296 667 1341 ὄντα
698 1302 908 1342 κατεπάνω
937 1295 1208 1350 Νικοπόλεως.
1265 1301 1285 1342 ὅ
1323 1305 1366 1342 δὲ
1392 1300 1610 1356 μάγιστρος

199 1364 486 1417 Παγκράτειος
511 1365 829 1414 συνταξιδεύσας
856 1367 911 1422 τῷ
938 1367 1047 1421 αὐτῷ
1066 1369 1275 1422 ,ιιαγίστρῳ
1303 1368 1344 1406 ἐν
1364 1367 1610 1407 &eudoncov-

200 1425 328 1480 πόλει,
358 1427 472 1480 ἡνίκα
500 1427 666 1479 ἑζιιελλεν
693 1431 932 1482 ἀναχωρεῖν,
965 1430 1236 1482 παρεκάλεσεν
1262 1430 1326 1471 ἵνα
1362 1430 1470 1485 δώσῃ
1501 1432 1610 1486 αύτῷ

200 1487 244 1530 τὸ
271 1493 456 1531 τοιοῦτον
485 1491 667 1545 κάστρον,
699 1491 870 1545 ποιήσας
898 1491 1098 1547 ἔγγραφον
1126 1490 1246 1546 ὅρκον
1271 1493 1371 1546 πρός
1396 1492 1521 1534 αὐτὸν
1537 1496 1666 1537 τοῦ20

75 1571 102 1604 p
126 1569 189 1603 125
202 1555 431 1607 ἐπικρατεῖν
458 1554 558 1596 αὐτὸ
590 1559 660 1596 καί
685 1559 882 1610 μηδέποτε
908 1559 1030 1597 τοῦτο
1056 1562 1139 1604 τοῖς
1166 1560 1416 1611 Σαρακηνοῖς
1443 1559 1608 1598 ἐπιδοῦ-

201 1634 281 1659 ναι.
338 1619 408 1660 καί
432 1619 500 1660 διὰ
526 1619 569 1660 τὸ
608 1618 712 1661 εἶναι
750 1620 873 1660 αὐτὸν
901 1620 972 1660 καί
995 1619 1245 1674 Χριστιανὸν
1270 1620 1341 1662 καί
1367 1622 1512 1661 δοῦλον
1537 1623 1609 1673 τῆς

196 1685 419 1735 βασιλείας,
435 1684 569 1737 ἡμῶν,
606 1682 824 1731 πιστεύσας
851 1686 906 1739 τῷ
933 1680 1037 1739 ὅρκῳ
1061 1684 1187 1724 αὐτοῦ’
1216 1686 1392 1725 δέδωκεν
1422 1683 1525 1724 αὐτὸ
1550 1680 1607 1739 τῷ

194 1749 392 1806 εἰρημένῳ
429 1750 726 1804 Παγκρατείῳ·
786 1747 806 1788 ὅ
855 1749 899 1788 δὲ
931 1747 1052 1788 πάλιν
1081 1750 1360 1801 α’πεχαρίσατο
1397 1746 1496 1789 αὐτὸ
1524 1752 1607 1795 τοῖς

200 1814 604 1861 Θεοδοσιουπολίταις
624 1826 633 1836 ·
689 1811 759 1852 καί
786 1813 901 1866 ἡνίκα
932 1810 1178 1866 παρελήφθη
1205 1811 1229 1866 ἡ
1255 1810 1661 1866 &effeminem-,2⁵

195 1947 516 1992 protosphatharius
540 1949 688 1981 Ioannes
716 1953 925 1992 praetorque
945 1947 1192 1980 Arrhabonites
1211 1953 1245 1980 et
1257 1945 1473 1990 Theophilus
1492 1946 1602 1989 patri-

196 1994 268 2026 cius
284 1994 390 2038 paulo
403 1999 483 2026 ante
495 1994 820 2038 Theodosiopoleos
835 1999 982 2037 praetor,
1001 1994 1199 2038 reliquique
1222 1998 1408 2037 praetores,
1436 1991 1602 2035 praedam

196 2039 278 2071 inde
304 2051 459 2082 magnam
485 2045 520 2072 et
545 2041 758 2083 captivorum
783 2039 1042 2072 multitudinem
1078 2039 1308 2078 abduxerunt,
1331 2038 1480 2069 incensis
1505 2038 1603 2080 pagis

198 2086 294 2126 eius;
323 2086 419 2129 quod
437 2097 614 2130 nunquam
638 2097 656 2117 a
672 2086 872 2129 curopalate
890 2086 1019 2117 factum
1036 2090 1096 2117 est.
1113 2084 1236 2128 hisque
1253 2085 1302 2116 ita
1322 2095 1340 2115 a
1360 2082 1458 2114 nobis
1475 2082 1603 2114 deletis

197 2137 368 2163 venerunt
391 2131 528 2170 Iberes,
553 2142 663 2175 eaque
686 2136 871 2174 ceperunt.
895 2130 1017 2162 urbem
1042 2130 1166 2163 exinde
1190 2135 1308 2162 tenere
1335 2129 1459 2160 conati.
1506 2138 1602 2159 ame-

199 2188 251 2208 ras
277 2188 358 2208 vero
388 2177 507 2210 crebro
532 2177 762 2221 compellatus
788 2188 807 2208 a
825 2175 1023 2220 Theophilo
1049 2176 1194 2219 patricio
1215 2180 1250 2207 et
1268 2180 1440 2218 praetore,
1467 2173 1602 2204 nullam

198 2222 266 2255 sibi
293 2223 382 2254 vitae
411 2234 506 2267 spem
532 2234 604 2255 esse
629 2222 761 2262 videns,
784 2223 929 2266 imperio
953 2232 988 2254 se
1013 2227 1131 2254 nostro
1163 2220 1322 2253 submisit
1344 2225 1380 2251 et
1402 2219 1510 2251 filium
1536 2219 1602 2250 ob-

197 2268 305 2300 sidem
347 2267 455 2300 dedit.
502 2269 689 2301 Mastatum
729 2279 809 2300 vero
845 2267 1282 2310 Theodosiopolitanorum
1319 2270 1412 2306 erat3
1453 2274 1603 2308 cumque

196 2315 344 2345 Ioannes
382 2314 543 2356 magister
575 2313 887 2357 Theodosiopolim
921 2324 983 2356 per
1009 2319 1141 2356 septem
1168 2322 1303 2344 menses
1333 2310 1511 2342 obsideret
1537 2320 1601 2341 ne-

198 2370 266 2403 que
292 2370 486 2402 expugnare
513 2361 655 2399 valeret,
681 2360 786 2391 misso
810 2360 922 2391 milite
947 2358 1131 2390 Mastatum
1157 2358 1267 2401 cepit,
1295 2355 1491 2389 introducto
1516 2355 1603 2387 illuc

196 2405 476 2448 protospathario
506 2406 651 2437 petrona
675 2405 794 2444 Boila,
829 2406 890 2449 qui
925 2410 1006 2436 tunc
1040 2404 1205 2447 temporis
1228 2403 1438 2445 Nieopoleos
1465 2401 1600 2443 capita-

196 2461 283 2482 neus
310 2457 392 2482 erat.
441 2456 477 2482 at
504 2452 700 2483 Pauci-atius
726 2451 905 2493 magister,
940 2450 1000 2493 qui
1026 2460 1095 2480 uua
1117 2460 1193 2480 cum
1220 2449 1349 2480 Ioanne
1373 2452 1454 2478 ante
1480 2445 1600 2478 Theo-

197 2495 404 2539 ‹losiopolim
428 2495 568 2528 ordines
600 2496 765 2535 duxerat,
797 2506 988 2528 secessurus
1022 2494 1141 2526 urbem
1174 2495 1271 2526 illam
1299 2493 1373 2525 dari
1402 2491 1466 2524 sibi
1489 2490 1531 2522 ab
1556 2501 1601 2523 eo

195 2542 310 2585 petiit,
337 2542 466 2585 scripto
490 2542 681 2574 iuramento
705 2541 872 2573 affirmans
904 2541 972 2572 sibi
995 2546 1164 2584 perpetuo
1189 2551 1264 2571 eam
1290 2550 1327 2571 se
1349 2541 1600 2570 asservaturum

195 2597 310 2630 neque
351 2587 423 2618 ullo
458 2593 559 2630 pacto
593 2587 772 2620 Saracenis
809 2586 1026 2619 traditurum.
1094 2586 1288 2618 pancratius
1324 2589 1438 2616 autem
1476 2581 1602 2613 lauda-

194 2638 251 2666 tus
287 2633 369 2676 quia
394 2638 468 2665 erat
491 2632 707 2665 Christianus
733 2639 768 2665 et
793 2633 930 2677 imperii
957 2631 1064 2664 nostri
1086 2631 1264 2671 subditus,
1297 2629 1382 2662 fides
1405 2629 1603 2660 iuramento

195 2678 302 2723 ipsius
329 2677 450 2711 habita
477 2683 529 2712 est
552 2678 655 2723 eique
684 2678 763 2711 urbs
791 2677 1004 2711 concredita:
1027 2677 1138 2709 atille
1163 2687 1237 2710 eam
1255 2685 1368 2708 rursus
1383 2672 1601 2707 Theodosio-
