1780 3132
333 146 425 190 550
852 148 1197 189 WESSELINGII

331 260 536 312 scriptoris
561 263 750 299 mentem:
780 259 881 297 solet
909 259 1008 297 enim
1029 259 1167 303 locum,
1196 258 1235 297 in
1265 270 1341 310 quo
1358 259 1433 299 viri
1460 260 1605 311 pietate
1631 260 1723 299 illu-

329 320 434 354 stres
460 314 608 352 fuerint
636 311 807 363 sepulti,
830 324 1039 362 apponere.
1071 312 1178 351 aliud
1216 323 1314 363 ergo
1342 313 1501 352 Maurus
1527 312 1723 354 Castellus

327 369 533 408 Ferrerius
562 370 601 405 et
612 366 770 416 Gaspar
797 364 982 405 Sanctius
1010 365 1113 416 apud
1143 369 1408 404 exstructores
1433 367 1566 417 magni
1593 367 1723 418 operis

331 423 469 462 Sanct.
496 425 588 460 tom.
617 424 644 459 6
686 420 757 458 lul.
798 431 835 469 p.
866 422 917 458 14
943 419 1033 458 inde
1070 423 1266 468 eruerunt,
1301 419 1452 470 opinati
1477 420 1726 459 Tamaricam

327 479 475 515 rectam
503 485 614 522 esse;
642 473 890 513 Tamaricam
916 477 1044 511 autem
1064 472 1291 512 Gallaeciae
1309 485 1394 512 esse
1419 477 1583 524 partem,
1612 486 1726 526 quam

329 527 530 568 Tamarici
565 527 668 579 apud
681 527 826 566 Melam
852 530 879 565 3
908 530 929 565 1
958 527 1049 565 olim
1065 526 1312 574 lnabuerunt3
1341 527 1445 578 quod
1471 526 1665 577 posterius
1682 531 1726 565 ut

330 595 467 622 verum
495 593 581 620 esse
611 581 762 629 demus,
790 592 941 632 magna
958 585 1089 619 tamen
1117 580 1337 619 differentia
1354 581 1459 620 inter
1477 580 1725 619 Tamaricam

327 641 367 675 et
381 635 658 675 Marmaricam
685 646 772 673 sese
801 633 935 672 offert:
964 638 1003 672 et
1031 645 1131 685 quae
1151 646 1245 673 arca
1273 633 1345 672 illa
1372 635 1457 673 sive
1483 645 1559 673 arx
1580 634 1723 672 Tama-

328 691 441 729 rica?
494 692 563 728 aut
599 688 666 728 ubi
701 687 860 727 tandem
898 688 1029 726 lecta?
1073 688 1270 726 enimvero
1296 686 1330 726 si
1357 686 1524 739 partium
1551 687 1723 738 seposito

326 743 455 783 studio
484 754 567 781 rem
592 743 719 794 ipsam
754 741 1090 790 consideraveris,
1119 741 1211 792 quid
1249 741 1376 792 magis
1414 741 1556 780 Isidori
1593 740 1725 779 verbis

325 796 657 837 accommadatum
697 807 784 834 esse
817 799 949 845 potest
982 794 1108 833 Barce
1144 795 1414 834 Marmarica?
1489 793 1722 845 praesertim

324 864 410 890 cum
437 850 681 901 Freculphus
710 852 842 888 tom.2
869 849 897 888 l.
926 852 952 887 2
979 861 1012 887 c.
1040 850 1066 886 4
1091 848 1271 887 Iacobum
1297 847 1404 887 intra
1430 847 1717 897 Marmaricam,

324 910 365 944 et
390 904 616 951 Anonymus
641 904 813 954 scriptor
843 902 1027 953 operibus
1054 901 1276 941 Oecumenii
1307 902 1556 953 praepositus
1582 900 1625 939 ἐν
1651 896 1723 937 πό-

325 961 386 996 λει
426 956 496 1006 τῆς
525 956 810 1007 Μαρμαρικῆς
847 957 1039 1007 sepultum
1075 956 1196 994 fuisse
1231 956 1388 1005 tradat,
1429 955 1659 1006 librariique
1683 954 1724 993 in

322 1011 584 1052 Marmaricae
610 1011 802 1050 vocabulo
831 1022 950 1061 saepe
977 1009 1177 1061 peccarint
1201 1008 1380 1059 turpiter,
1406 1013 1450 1048 ut
1474 1010 1551 1048 los.
1582 1008 1722 1048 Simle-

323 1079 393 1106 rus
421 1072 460 1104 et
485 1066 532 1106 Η,
562 1064 698 1105 Surita
727 1064 767 1102 in
787 1063 877 1102 Ant.
907 1064 995 1102 ltin.
1024 1077 1061 1114 p.
1089 1067 1143 1102 70
1168 1066 1411 1102 monuerunt.
1465 1062 1571 1102 dices
1597 1061 1723 1101 Grae-

323 1121 451 1159 culum
491 1120 600 1158 illum
642 1129 728 1156 esse
756 1117 902 1157 nullius
928 1118 1017 1156 fidei
1057 1123 1096 1156 et
1133 1118 1256 1156 multa
1292 1128 1499 1168 perperam
1535 1115 1739 1162 miscere,

322 1186 449 1225 neque
489 1186 564 1224 ego
603 1183 830 1224 negavero:
855 1171 954 1210 satis
995 1175 1125 1210 tamen
1153 1170 1300 1210 indicat
1336 1170 1385 1209 de
1415 1169 1652 1209 Marmarica
1680 1181 1723 1208 se

322 1227 475 1279 aliquid
502 1226 753 1274 inaudivisse,
782 1237 861 1264 non
889 1224 938 1263 de
952 1225 1176 1273 Tamarica,
1205 1236 1332 1276 neque
1361 1224 1409 1262 de
1432 1235 1528 1263 arca
1553 1233 1724 1263 marmo-

323 1282 420 1321 rica.
451 1281 574 1331 probe
612 1291 707 1319 vero
734 1279 887 1319 Barcen
916 1278 1192 1318 Marmaricam
1227 1277 1423 1330 appellari
1463 1289 1576 1317 nemo
1605 1277 1723 1317 facile

324 1335 545 1386 negaverit,
574 1333 639 1386 qui
656 1332 919 1373 Marmaridas
946 1345 972 1372 a
999 1332 1236 1372 Paraetonio
1263 1331 1314 1371 ad
1324 1331 1462 1380 Syrtin
1490 1342 1611 1383 usque
1639 1342 1723 1371 ma-

323 1391 449 1429 iorem
474 1392 679 1440 porrectos
710 1388 834 1426 fuisse
865 1399 887 1426 e
914 1386 1042 1426 Plinio
1069 1388 1097 1425 5
1125 1388 1153 1425 5
1179 1385 1370 1425 didicerit.

431 1468 524 1510 399,
551 1467 616 1502 30.
677 1457 884 1512 Τεῦκηρα]
915 1462 992 1501 imo
1014 1455 1226 1509 Τεύχειρα.
1258 1460 1440 1500 vitiosum
1470 1458 1580 1499 urbis
1609 1458 1723 1498 liuius

322 1530 462 1559 nomen
491 1520 550 1555 est
580 1517 619 1555 in
631 1516 805 1555 Diodoro
833 1514 1030 1555 SiculoIS
1058 1527 1096 1566 p.
1112 1515 1217 1553 605:
1250 1511 1350 1562 μετὰ
1382 1511 1427 1550 δὲ
1454 1512 1585 1550 ταῦτα
1614 1512 1724 1561 θαρ-

322 1570 463 1621 σήσας,
493 1566 562 1607 καί
587 1567 660 1619 τὴν
695 1564 812 1606 πόλιν
838 1566 907 1618 τήν
948 1565 1249 1617 ὀνομαζομένην
1281 1561 1441 1616 Τάριχα
1467 1562 1724 1615 ἐκπολιορκή-

324 1638 412 1670 σας.
442 1626 533 1676 lege
569 1618 785 1674 Τεύχειρα,
812 1634 998 1675 quorsum
1024 1634 1090 1661 res
1115 1621 1204 1673 ipsa
1231 1625 1271 1659 et
1300 1633 1381 1660 mss
1395 1619 1599 1660 variantes
1627 1619 1723 1659 scri-

325 1684 466 1732 pturae
497 1679 664 1726 ducunt,
691 1681 731 1715 et
771 1676 861 1716 vide
884 1677 1030 1716 Anton.
1073 1675 1161 1714 ltin.
1202 1687 1240 1726 p.
1258 1678 1311 1714 67
1346 1678 1386 1713 et
1412 1673 1535 1714 schol.
1562 1672 1724 1713 Pindari

323 1733 436 1781 Pyth.
472 1732 542 1771 Od·
562 1734 610 1780 4,
636 1730 702 1770 ubi
717 1729 898 1779 Cyrenae
913 1730 1027 1770 huius
1053 1729 1248 1781 originem
1264 1727 1450 1769 vindicat.
1481 1727 1532 1767 de
1557 1738 1723 1780 sequen-

325 1788 428 1827 tibus
458 1785 607 1824 duabus
638 1785 726 1824 ltin.
753 1784 899 1824 Anton.
1536 1820 1538 1825 .

434 1849 540 1890 Ibid.
567 1853 632 1890 31.
661 1846 822 1900 Λιβύης
850 1847 921 1899 τῆς
948 1845 1074 1896 κάτω]
1093 1847 1334 1887 Athanasius
1358 1841 1430 1896 τὴν
1454 1841 1617 1896 ἔγγιστα
1645 1845 1728 1883 Λι-

323 1902 426 1956 βύης
454 1905 658 1955 appellare
699 1904 822 1953 solet,
870 1907 913 1943 ut
941 1903 1052 1955 epist.
1093 1902 1144 1942 ad
1167 1901 1398 1941 Antiochen.
1435 1913 1472 1952 p.
1491 1903 1584 1939 7⁷6.
1639 1910 1725 1937 cum

323 1959 504 1999 Hierocle
531 1957 679 1997 Notitia
704 1958 793 2009 imp.
822 1957 971 1997 Orient.
1009 1969 1045 1995 c.
1081 1960 1103 1995 1
1131 1957 1239 2004 facit,
1271 1966 1371 2007 quae
1399 1953 1483 1994 eius
1509 1953 1625 1992 etiam
1653 1952 1724 1991 ad-

320 2012 647 2053 ministrationem
674 2011 872 2062 praesidi,
899 2010 1014 2051 sicuti
1042 2011 1137 2062 Imp.
1163 2009 1401 2049 lastinianus
1438 2007 1579 2047 Edicto
1610 2008 1663 2046 13
1690 2017 1723 2046 c.

323 2071 388 2119 1⁷,
416 2066 632 2106 committit.

429 2134 522 2178 400,
552 2135 587 2170 1.
653 2123 951 2179 Παραιτόνιον]
980 2129 1131 2177 Libyae
1170 2126 1261 2167 hinc
1289 2126 1441 2167 initium
1465 2126 1583 2165 sumit
1607 2125 1723 2165 lusti-

321 2186 464 2224 nianus
492 2185 633 2224 Edicto
664 2187 716 2223 13
744 2196 778 2223 c.
811 2186 875 2223 18.
931 2184 1111 2223 Lucanus
1137 2181 1321 2231 Syrtibus
1359 2180 1576 2232 appositum
1600 2180 1723 2219 fuisse

323 2239 480 2277 videtur
508 2239 726 2288 censuisse,
756 2250 841 2277 cum
868 2241 895 2277 3
919 2239 1000 2277 295
1027 2237 1133 2276 canit
1162 2247 1293 2289 usque
1317 2233 1600 2275 Paraetonias
1626 2232 1721 2274 an
1760 2256 1765 2260 ›

321 2291 378 2331 ad
404 2291 535 2332 litora
565 2291 730 2345 Syrtes,
759 2291 865 2331 haud
901 2291 1020 2331 dubio
1051 2301 1278 2342 perperam:
1304 2289 1424 2342 longe
1451 2288 1553 2328 enim
1581 2286 1722 2336 Syrtes

318 2359 343 2387 a
372 2346 609 2386 Paraetonio
637 2346 848 2386 distabant.
913 2349 1055 2394 tamen,
1078 2344 1190 2396 quasi
1215 2347 1346 2382 certus
1371 2342 1485 2382 buius
1513 2355 1536 2381 o
1564 2342 1720 2390 inionis,

319 2404 359 2439 et
384 2400 479 2439 alibi
507 2400 648 2448 Syrtes
664 2400 847 2451 Aegypto
903 2411 1001 2439 aene
1029 2398 1169 2450 iungit,
1195 2397 1318 2437 veluti
1337 2399 1363 2436 ⁷
1385 2398 1492 2437 444:
1554 2393 1719 2448 yrtibus

321 2454 417 2494 hinc
446 2451 622 2506 Libycis
650 2457 741 2494 tuta
767 2457 835 2493 est
854 2412 1080 2507 sfeyyptus,
1108 2456 1148 2492 et
1171 2454 1273 2492 540:
1301 2454 1344 2492 et
1368 2449 1479 2491 vada
1511 2451 1722 2491 testantur

319 2510 489 2549 iunctos
514 2505 722 2560 Aeyyptz'a
745 2506 911 2560 Syrtes.

431 2570 536 2613 Ibid.
605 2567 965 2621 Ζωγροζαγούλης]
1011 2571 1056 2610 L.
1081 2569 1321 2610 Holsteinius
1358 2568 1398 2608 in
1437 2566 1574 2608 Caroli
1619 2577 1645 2606 a
1674 2565 1717 2606 S.

320 2626 460 2667 Paullo
487 2626 715 2678 Geograph.
745 2625 787 2665 S.
829 2626 980 2666 duabus
1009 2624 1169 2666 vocibus
1207 2620 1359 2674 Ζώγρα
1381 2620 1559 2672 Ζάγυλις
1583 2620 1720 2672 legen-
