1780 3132
355 620 640 680 PETRI
694 617 1327 684 WESSELINGII

255 774 328 822 IN
379 773 821 824 HIEROCLIS
881 771 1425 821 SYNECDEMUM

496 911 1185 956 COMMENTARIUS.

899 1032 972 1039 Μ

207 1140 324 1188 Ι390,
349 1139 389 1177 8.
449 1132 611 1189 Θρᾴκης
641 1131 864 1187 Εὐρώπης]
909 1147 983 1175 sex
1019 1134 1287 1176 Thraciarum
1326 1135 1557 1188 provincias

124 1191 403 1233 Theodoretus
429 1192 477 1232 Η.
509 1192 556 1231 Ε.
585 1193 614 1230 5
643 1194 698 1231 28
726 1194 766 1230 et
793 1190 944 1230 Sextus
969 1191 1098 1230 Rufus
1132 1190 1316 1231 Breviar.
1342 1204 1376 1230 c.
1408 1195 1449 1241 9,
1477 1192 1557 1231 Eu·

126 1259 278 1300 ropam,
308 1247 543 1299 Rhodopen,
562 1246 791 1295 Thraciam,
816 1245 955 1284 Haemi
983 1248 1168 1291 montem,
1196 1245 1389 1286 Moesiam
1419 1259 1559 1286 secun-

122 1302 215 1342 dam
245 1306 285 1342 et
324 1301 532 1351 Scythiam
559 1301 683 1341 fuisse
725 1300 893 1339 docent·
930 1300 1089 1340 easdem
1126 1300 1345 1349 Hierocles,
1386 1302 1558 1353 singulis

122 1369 220 1397 suas
245 1356 366 1397 urbes
402 1360 441 1396 et
475 1357 738 1409 magistratus
781 1356 983 1405 tribuens,
1011 1359 1206 1395 recenset.
1272 1355 1464 1396 suberant
1491 1357 1558 1396 uni

123 1411 353 1452 dioeceseos
390 1411 654 1452 Thraciarum
690 1410 868 1459 vicario,
899 1409 949 1448 de
986 1421 1062 1462 quo
1091 1409 1243 1449 Notitia
1281 1411 1374 1463 imp.
1402 1412 1556 1452 orient.

120 1471 292 1516 c.132;
331 1466 608 1507 Theodoretus
643 1469 858 1518 propterea
885 1464 931 1505 11.
962 1465 1009 1505 Ε
1040 1468 1069 1505 3
1096 1468 1123 1504 7
1161 1477 1347 1517 αρχοντα
1395 1461 1559 1518 ἁπάσης

119 1520 189 1570 τῆς
220 1498 383 1575 Θράκης
411 1522 619 1574 appellare
645 1520 816 1561 videtur.

230 1585 338 1628 Ihm.
393 1582 473 1625 ὑπὸ
502 1582 810 1650 noyoovidptov]
839 1586 914 1626 suit
933 1587 1027 1626 olim
1053 1587 1354 1638 proconsularis
1369 1587 1557 1640 Europa;

121 1654 238 1697 quam
264 1643 348 1683 eius
376 1642 609 1694 provinciae
637 1642 874 1705 dignitatem
902 1643 997 1693 Imp.
1038 1641 1298 1682 Constantius
1326 1646 1462 1683 creato
1487 1656 1557 1684 ur-

120 1698 183 1738 bis
214 1697 453 1761 Cpolitanae
484 1697 690 1758 praefecto
720 1697 901 1736 mutavit·
957 1696 1149 1736 Socrates
1176 1696 1223 1737 Η.
1245 1697 1293 1737 Ε.
1324 1701 1351 1737 2
1374 1701 1452 1737 41:
1485 1712 1557 1737 και

119 1748 210 1789 τότε
235 1747 309 1789 τὸν
341 1747 524 1812 ἔπαρχον
550 1749 620 1800 τῆς
636 1746 1111 1795 Κωνσταντινουηόλεως
1134 1750 1409 1814 κατέστησεν,
1430 1749 1558 1791 Ὁνω-

120 1801 246 1855 odron
274 1818 429 1856 ονομα,
456 1802 528 1856 τὴν
560 1803 811 1843 αψθυπάτων
841 1803 1006 1849 παύσας
1032 1798 1179 1855 ἀρχήν.
1253 1819 1341 1846 cum
1370 1807 1472 1847 euim
1506 1820 1556 1849 ea

119 1861 215 1901 urbs
243 1862 286 1902 in
317 1861 482 1913 Europa
512 1860 675 1923 eiusque
703 1860 824 1899 fuerit
851 1864 982 1912 caput,
1011 1860 1249 1914 dicaturque
1276 1863 1555 1914 proconsulem

118 1915 263 1956 habuis
251 1929 334 1967 sc,
378 1916 428 1954 de
467 1915 677 1967 provincia
704 1915 863 1955 dubium
895 1927 982 1953 esse
1013 1920 1171 1967 nequit3
1200 1917 1437 1968 praesertim
1467 1932 1556 1960 cum

119 1983 171 2012 ex
198 1978 377 2011 veterum
409 1971 569 2023 scriptis
606 1971 865 2022 proconsules
908 1970 1029 2009 Henr.
1062 1971 1247 2011 Valesius
1272 1972 1433 2021 eruerit,
1463 1974 1553 2027 qui-

117 2026 192 2066 bus
232 2026 326 2067 addi
362 2026 521 2065 Priscus
557 2025 707 2077 poterit
748 2025 981 2076 provinciae
1023 2025 1210 2077 Europae
1246 2028 1461 2078 proconsul
1501 2041 1553 2070 ex

117 2082 348 2134 Menologio
376 2080 592 2122 Canisiano
620 2084 671 2120 11
709 2080 782 2119 Iul.
814 2080 886 2119 sub
915 2080 1184 2130 Diocletiano,
1212 2086 1252 2121 et
1279 2083 1451 2133 Taurus,
1483 2086 1550 2137 qui

117 2136 371 2177 Constantini
395 2137 449 2176 M.
497 2139 631 2175 aetate
662 2134 888 2175 Thracibus
926 2136 1204 2187 proconsulari
1238 2136 1404 2189 imperio
1431 2151 1550 2190 prae-

116 2192 221 2243 fuit,
254 2204 306 2231 ex
344 2191 727 2244 Porphyrogenetae
767 2189 1021 2230 Constantini
1058 2189 1086 2229 1.
1116 2194 1143 2230 2
1180 2192 1318 2232 Them.
1349 2195 1387 2233 1.
1453 2194 1549 2246 quid

115 2246 254 2312 itaque
281 2247 337 2285 10.
368 2246 598 2294 flaminino,
630 2258 711 2285 non
745 2245 910 2286 Valesio
956 2245 1084 2284 solum
1126 2245 1377 2299 obloquente,
1409 2249 1479 2288 sed
1507 2254 1549 2289 et

115 2296 191 2351 τήν
225 2299 473 2339 αἰθυπάτων
505 2295 638 2350 ἀρχήν
669 2300 718 2339 de
746 2301 996 2340 duumvirum
1035 2301 1274 2352 magistratu
1303 2303 1356 2342 ad
1386 2303 1547 2344 Themi-

115 2356 183 2396 stii
209 2359 312 2396 orat.
333 2360 385 2396 1¹7
405 2356 711 2408 interpretante,
731 2356 884 2395 facias?
910 2355 1007 2395 mihi
1028 2355 1256 2409 ambiguum
1273 2369 1352 2396 non
1373 2363 1434 2398 est
1453 2360 1548 2412 quin

115 2415 265 2451 temere
292 2423 318 2451 a
344 2411 433 2451 viro
461 2410 691 2450 doctissimo
721 2410 966 2450 dissenserit.
1033 2422 1180 2462 operae
1210 2413 1380 2464 pretium
1413 2414 1549 2467 utique

115 2467 250 2506 fuerat
289 2466 548 2518 proconsules
593 2478 615 2504 e
643 2469 822 2505 veterum
854 2466 1121 2505 monumentis
1159 2467 1377 2520 productos
1408 2470 1546 2521 profli-

115 2533 237 2573 gare,
267 2525 307 2560 et
349 2521 542 2572 exemplis
581 2514 846 2564 ἆνθυπάτους
890 2521 1048 2561 eosdem
1098 2534 1147 2562 ac
1187 2521 1417 2563 duumviros
1457 2537 1546 2564 esse

112 2577 301 2625 firmare3
334 2588 499 2629 quorum
537 2579 718 2615 neutrum
759 2588 846 2615 cum
873 2576 1036 2626 fecerit,
1065 2576 1149 2616 eius
1177 2577 1359 2617 dissensu
1387 2580 1546 2631 paucis-

112 2631 202 2671 simi
229 2633 503 2671 movebuntur.
558 2634 651 2682 post
678 2631 924 2682 praefectum
948 2635 1079 2671 autem
1107 2631 1197 2672 urbi
1229 2632 1370 2684 regiae
1399 2634 1544 2675 aCon-

113 2686 261 2727 stantio
303 2687 551 2739 impositum,
581 2685 804 2727 consularis
838 2685 1041 2739 Europam
1080 2686 1403 2739 administravit3
1438 2689 1544 2730 unde

207 2767 326 2801 Const.
354 2766 481 2812 Porph.
1304 2768 1350 2802 26
