1780 3132
173 163 250 207 DE
285 159 753 205 ADMINISTRANDO
787 158 1027 202 IMPERIO
1063 157 1177 202 CAP.
1213 159 1264 200 15
1287 181 1346 188 —
1371 159 1438 199 17.
1507 155 1571 201 93

580 270 962 330 Κεφάλαιον
1032 269 1096 323 ις’.

103 349 142 387 ἐκ
164 349 234 385 τοῦ
256 348 417 388 κανόνος
441 343 487 382 ὃν
509 344 725 391 ἕθεμάτισεν
748 343 946 387 Στέφανος
968 343 988 378 ὁ
1011 341 1272 389 μαθηματικὸς
1294 341 1378 386 περὶ
1404 341 1472 386 τῆς
1493 341 1571 376 τῶν

174 395 406 440 Σαρακηνῶν
429 392 584 446 ἐξόδιον,
622 390 661 427 ἐν
683 391 779 447 πρίῳ
804 388 923 446 χρόνῳ
946 391 1014 434 τῆς
1035 392 1104 447 τρῦ
1117 389 1268 448 (κόσμος
1293 387 1500 429 συστάσεως

347 439 511 486 ἐγένετο,
533 438 597 475 καὶ
620 439 676 479 τίς
697 450 746 484 ην
768 448 854 472 τοτε
877 449 897 471 ο
924 436 1096 482 βασιλευς
1130 439 1324 480 Ρωμαιων.

69 533 92 568 5
234 504 434 570 Ἐξῆλθον
454 515 492 557 οἳ
512 514 741 570 Σαρακηνοὶ
761 513 857 566 μηνὶ
880 513 1141 569 Σεπτεμβρίῳ
1160 513 1296 568 τρίτῃ,
1327 513 1572 560 ἷνδικτιῶνος

104 585 295 640 δεκάτης,
327 586 381 634 εἷς
408 584 454 626 τὸ
481 584 708 626 δωδέκατον
735 580 822 630 ἔτος
850 578 1107 635 ιΗρακλείου.
1177 580 1264 630 ἔτος
1296 580 1376 623 ἀπὸ
1406 580 1570 628 κτίσεως

102 653 258 708 κόσμου
282 651 395 711 ,ςρλᾍ
459 651 505 696 τὸ
539 652 583 693 δὲ
613 649 787 704 θεμάτιν
817 654 898 691 τῶν
920 649 1053 692 αὐτῶν
1072 652 1320 706 Σαρακηνῶν
1343 649 1491 704 ἐγένετο
1516 649 1572 698 εἷς

101 728 212 779 μῆνα
231 722 506 776 Σεπτέμβριον
525 721 681 775 τρίτην,
717 717 848 776 ἡμέρᾳ
867 717 1040 774 πέμπτῃ.
1112 721 1167 768 εἰς
1186 718 1282 767 τοὺς
1302 718 1450 768 αὐτοὺς
1467 714 1572 773 χρό-

102 809 197 841 νους
218 795 376 847 πρῶτος
397 789 573 846 ἀρχηγὸς
593 793 674 831 τῶν
688 786 875 843 Ἀράβων
898 785 1114 840 Μουάμεθ
1124 819 1136 838 ,
1173 786 1218 828 ὃν
1243 786 1280 828 οἳ
1301 786 1474 842 Ἄραβες
1495 803 1572 827 κα·-

50 868 94 903 10
104 864 220 903 λοῦσι
242 856 515 914 Μουχούμετ,
551 855 572 899 ὅ
594 859 660 899 καὶ
681 855 895 913 προφήτης
917 855 1049 898 αὐτῶν
1064 857 1345 913 χρηματίσας,
1377 853 1570 912 ἐκράτησε

102 933 176 984 τῆς
191 929 318 984 ἀρχῆς
333 932 413 970 τῶν
428 925 613 984 Ἀράβων
633 925 700 981 ἴτη
723 925 849 968 ε’ννέα.

580 1037 961 1096 Κεφάλαιον
1029 1035 1090 1090 ιζ’.

398 1111 437 1148 ἐκ
457 1113 526 1148 τοῦ
548 1112 721 1158 χρονικοῦ
744 1111 813 1146 τοῦ
834 1111 1020 1156 μακαρίου
1047 1109 1280 1156 Θεοφάνους.

240 1187 386 1246 Τούτῳ
402 1193 460 1246 τῷ
479 1187 554 1231 ἔτει
563 1220 577 1239 ,
603 1187 727 1243 ἤγουν
748 1186 895 1244 Ιςρλθζ
925 1187 1079 1240 ἀπεβίω
1099 1185 1318 1239 Μουάμεθ
1338 1182 1359 1228 ὅ
1383 1188 1463 1227 τῶν
1482 1186 1571 1225 Σα-

48 1271 93 1307 15
104 1261 287 1313 ρακηνῶν
308 1257 482 1313 ἀρχηγὸς
504 1259 570 1298 καὶ
591 1254 958 1312 ψευδοπροφήτης,
992 1254 1348 1312 προχειρισάμενος
1376 1252 1464 1295 ἀντ’
1497 1253 1573 1294 αὖ-

100 1329 175 1369 τοῦ
196 1324 502 1380 Ἀβουβάχαρον
529 1326 599 1366 τὸν
630 1326 696 1366 καὶ
725 1323 1028 1379 Βουτάκτωρα,
1063 1328 1233 1379 συγγενῆ
1255 1323 1396 1364 αὐτοῦ.
1463 1321 1501 1363 οἱ
1527 1320 1573 1362 δέ

100 1391 585 1450 πεπλανημένοιἜβραῒοι
603 1393 644 1435 ἐν
662 1393 770 1449 ἀρχῇ
785 1397 856 1446 τῆς
874 1393 1098 1447 παρουσίας
1116 1392 1243 1434 αὐτοῦ
1261 1390 1452 1445 ἐνόμισαν
1472 1387 1572 1432 εἶναι

100 1466 244 1505 τοῦτον
272 1463 344 1506 τὸν
373 1463 475 1518 παρ’
512 1462 649 1512 αὐτοῖς
678 1459 1015 1517 προσδοκώμενον
1043 1460 1250 1518 Χριστόν,
1282 1458 1337 1511 ὡς
1366 1460 1438 1502 καί
1460 1475 1573 1508 τινας

100 1536 181 1574 τῶν
209 1529 467 1588 προυχόντων
490 1530 624 1573 αὐτῶν
645 1533 885 1586 προσελθεῖν
906 1530 1016 1587 αὐτῷ
1039 1532 1104 1572 καὶ
1130 1531 1329 1581 δέξασθαι
1351 1528 1425 1582 τὴν
1446 1527 1573 1570 αὐτοῦ

44 1601 322 1656 Ξοθρησκείαν
353 1602 421 1642 καὶ
453 1603 683 1642 καταλιπεῖν
711 1598 784 1652 τὴν
814 1603 886 1641 τοῦ
916 1597 1099 1642 θεόπτου
1132 1599 1337 1648 Μωσέως.
1405 1595 1571 1653 θεωρή-

100 1685 240 1718 σαντες
269 1669 313 1711 δὲ
343 1668 466 1711 αὐτὸν
496 1667 574 1710 ἀπὸ
598 1665 782 1721 καμήλου
805 1668 996 1709 ἐσθίοντα
1020 1667 1198 1724 ἔγνωσαν
1221 1667 1282 1710 ὅτι
1304 1666 1377 1709 οὐκ
1399 1666 1505 1709 ἔστιν
1526 1664 1572 1707 ὃν

99 1735 301 1791 ἐνόμισαν.
368 1738 580 1779 ἐδίδασκον
612 1737 657 1778 δὲ
689 1735 812 1778 αὐτὸν
841 1736 1020 1790 ἀθέμιτα
1049 1738 1152 1780 κατὰ
1184 1741 1264 1780 τῶν
1294 1738 1570 1791 Χριστιανῶν,

190 1845 214 1880 9
237 1838 284 1879 ὃν
305 1842 342 1879 02
355 1839 506 1888 ’Ἄραβες
528 1841 681 1876 καλοῦσι
702 1839 928 1886 Μουχούμετ
951 1842 1020 1878 add
1040 1842 1070 1877 B

194 1948 250 1982 16.
299 1958 343 1979 ex
367 1956 519 1987 canone,
548 1956 651 1987 quem
676 1943 903 1977 vaticinando
928 1957 972 1978 επ
998 1945 1105 1978 astris
1126 1945 1249 1990 posuit
1272 1947 1480 1991 Stephanus

102 1993 382 2029 Mathematicus
419 1991 463 2024 de
502 1992 762 2023 saracenorum
802 1990 1044 2034 expeditione,
1087 1997 1120 2025 et
1160 2003 1230 2035 quo
1269 2004 1366 2026 anno
1405 1994 1451 2026 ab
1489 1992 1571 2026 orbe

342 2037 484 2071 condito
500 2036 639 2080 fuerit,
673 2041 707 2070 et
732 2046 802 2080 quo
828 2036 1073 2071 Romanorum
1097 2038 1324 2082 imperatore.

188 2095 338 2142 Egressi
370 2098 450 2128 sunt
482 2093 651 2127 Saraceni
674 2092 732 2127 die
756 2092 861 2127 tertia
884 2093 1012 2127 mensis
1037 2094 1255 2139 Septembris
1278 2094 1481 2130 indictionis
1505 2095 1570 2130 de-

100 2141 228 2186 cimae,
260 2153 350 2176 anno
379 2139 537 2175 Heraclii
569 2139 794 2182 duodecimo,
829 2140 947 2173 mundi
978 2140 1081 2176 6130.
1138 2141 1343 2176 vaticinatio
1378 2146 1492 2176 autem
1526 2153 1570 2175 ex

100 2188 207 2222 astris
241 2188 328 2222 haec
361 2188 406 2222 de
438 2185 526 2232 ipsis
557 2185 742 2219 Saracenis
766 2186 861 2219 facta
885 2186 951 2220 fuit
976 2186 1034 2219 die
1057 2186 1163 2221 tertia
1186 2188 1313 2222 mensis
1337 2187 1571 2233 Septembris,

99 2233 190 2268 feria
213 2234 346 2279 quinta.
395 2232 461 2266 hoc
483 2231 561 2276 ipso
589 2238 745 2276 tempore
768 2231 902 2277 primus
925 2233 1075 2266 Arabum
1099 2233 1264 2279 princeps
1288 2234 1357 2268 fuit
1379 2233 1570 2276 Muameth,

99 2291 200 2325 quem
227 2279 296 2325 ipsi
319 2279 518 2313 Muchumet
539 2278 736 2332 appellant,
775 2278 836 2323 qui
861 2284 896 2312 et
918 2278 1093 2324 propheta
1117 2291 1235 2314 eorum
1259 2279 1409 2315 exstitit.
1456 2279 1569 2326 impe-

98 2327 188 2362 rium
210 2326 360 2361 Arabum
383 2325 499 2360 tenuit
519 2335 618 2358 annis
642 2335 780 2358 novem.

471 2405 527 2440 17.
573 2415 619 2438 ex
642 2403 805 2438 chronico
828 2403 923 2438 beati
950 2403 1190 2449 Theophanis.

194 2462 274 2497 Hoc
295 2461 373 2506 ipso
397 2473 506 2506 anno,
540 2461 576 2495 id
602 2465 656 2495 est
678 2462 789 2505 6139,
826 2461 899 2495 vita
927 2461 1068 2496 functus
1095 2466 1149 2497 est
1170 2461 1350 2496 Mahomet
1372 2463 1570 2498 Saraceno-

102 2519 176 2543 rum
209 2508 373 2553 princeps
397 2513 432 2543 et
455 2508 778 2554 pseudopropheta,
812 2512 995 2553 postquam
1018 2507 1055 2541 in
1078 2509 1133 2542 sui
1155 2507 1267 2543 locum
1290 2508 1569 2553 Abubacharum‚

102 2554 164 2600 qui
194 2554 296 2589 etiam
321 2553 489 2589 Butactor
510 2561 746 2600 nuncupatur,
783 2560 966 2598 cognatum
989 2565 1086 2588 suum
1109 2554 1365 2589 constituisset.
1411 2555 1569 2591 Hebraei

101 2605 216 2635 autem
249 2611 369 2634 errore
400 2600 496 2635 ducti
526 2600 629 2635 initio
656 2602 828 2635 adventus
856 2600 951 2644 eius,
988 2611 1064 2635 eum
1089 2611 1190 2645 quem
1212 2601 1283 2646 ipsi
1306 2605 1568 2647 exspectabant,

100 2646 278 2681 Christum
302 2658 380 2680 esse
403 2646 679 2691 arbitrabantur,
708 2646 759 2681 ita
783 2651 821 2680 ut
843 2646 947 2681 etiam
970 2646 1109 2691 quidam
1134 2659 1177 2680 ex
1201 2647 1426 2693 optimatibus
1448 2661 1567 2683 eorum

101 2692 144 2726 ad
168 2691 244 2726 eius
267 2698 385 2738 partes
409 2693 615 2728 accederent
638 2692 833 2737 cultumque
856 2693 930 2727 eius
952 2693 1263 2738 amplecterentur,
1287 2694 1411 2729 relicta
1428 2695 1567 2740 Moysis

101 2737 163 2817 gui
185 2738 285 2772 deum
309 2738 463 2783 viderat,
488 2739 670 2784 religione.
719 2751 794 2774 cum
818 2744 931 2773 autem
954 2739 1130 2787 vidissent
1149 2750 1227 2774 eum
1251 2752 1271 2774 e
1295 2740 1424 2774 camelo
1449 2753 1565 2776 come-

126 2788 258 2827 entem,
291 2791 530 2829 cognoverunt
560 2797 629 2820 non
653 2797 732 2820 esse
755 2797 831 2820 eum
858 2797 957 2830 quem
983 2790 1207 2831 putaverant.
1254 2786 1426 2820 docebant
1451 2792 1565 2822 autem

101 2829 215 2875 ipsum
243 2830 379 2865 nefaria
409 2836 530 2867 contra
560 2831 800 2878 Christianos,
834 2837 870 2867 et
897 2843 974 2867 cum
998 2844 1040 2867 eo
1065 2832 1376 2868 conversabantur.
1426 2833 1462 2868 hi
1485 2839 1567 2868 sunt
