1780 3132
498 184 574 226 DE
608 181 968 226 THEMATIBUS
1002 181 1107 224 LIB.
1141 180 1197 224 ΙΙ.
1518 177 1582 222 57

126 294 242 340 πόλιν
269 295 394 351 αὐτὴν
421 299 556 348 καλεῖ,
588 293 756 352 γράφων
786 292 914 345 οὕτως
939 291 1038 336 “arai
1056 289 1310 336 Μακεδόνων
1325 291 1582 346 Ἐπίδαμνον,

127 362 339 421 ἐσύστερον
365 363 600 421 Δυρράχιον
636 367 1033 418 μετονομασθεῖσαν,
1075 361 1191 404 πόλιν
1219 365 1292 416 τῆς
1321 362 1584 411 Μακεδονίας

126 432 303 489 μεγάλην
319 435 386 474 καὶ
406 434 623 487 εὐδαίμονα
643 427 788 483 οὖσαν,
818 431 922 474 κατὰ
940 429 1087 487 κράτος
1104 431 1298 487 αἱροῦσιν.
1306 429 1333 445 '²
1604 441 1634 476 P
1658 443 1703 478 27

255 500 360 551 ‘'Ewg
386 495 463 543 ὧδε
493 499 514 543 ὅ
538 501 732 556 μερισμὸς
756 504 830 555 τῆς
853 500 1061 553 βασιλείας
1083 500 1232 555 ἐγένετο
1251 502 1325 541 τοῦ
1343 501 1584 551 κρατοῦντος

97 568 326 623 ὄβασιλὲως
356 569 401 611 τὸ
434 567 662 620 Βυζάντιον.
729 568 781 610 τὰ
814 569 858 611 δὲ
886 569 1099 623 ἀντίπερα,
1135 567 1236 623 ἅπερ
1261 565 1397 616 Ἰόνιος
1422 564 1584 617 κόλπος,

127 640 186 695 τῷ
202 635 454 691 βασιλεύοντι
473 641 546 692 τῆς
564 635 730 692 “Ρώμης
749 634 922 691 ὑπήκοα.
993 635 1098 679 οὕτω
1120 635 1197 691 γὰρ
1220 636 1398 692 ε’μέρισεν
1421 633 1441 676 ὁ
1460 635 1586 690 μέγας

126 705 318 759 βασιλεὺς
346 707 649 756 Κωνσταντΐνος
678 712 762 755 τοΐς
791 707 920 762 τρισὶν
948 704 1074 747 υἷέσιν
1106 705 1252 755 αὐτοῦ,
1292 704 1584 760 Κωνσταντίνῳ

127 775 195 815 καὶ
224 775 493 831 Κωνσταντίῳ
522 776 587 816 καὶ
618 772 877 825 Κώνσταντι,
919 778 977 830 τῷ
1006 773 1079 828 μὲν
1109 770 1256 830 πρώτῳ
1287 772 1364 829 υἱῷ
1394 771 1468 822 τὰς
1500 771 1584 814 ἄνω

126 842 306 892 Γαλλίας
335 843 401 884 καὶ
428 842 479 884 τὰ
508 843 684 885 ἕπε’κεινα
707 841 904 885 ”Αλπεων
926 842 1000 892 ἕως
1019 846 1091 884 τοῦ
1115 839 1298 898 ἑσπερίου
1321 841 1497 882 ὠκεανοῦ
1518 841 1586 882 καὶ

74 918 117 952 10
127 910 168 960 ἐς
187 910 314 965 αὐτὴν
334 908 449 952 πόλιν
467 911 540 965 τὴν
561 909 797 966 Κάνταβριν
807 942 819 962 ,
855 915 913 969 τῷ
932 910 976 952 δὲ
994 909 1230 953 Κώνσταντι
1252 913 1310 967 τῷ
1329 906 1490 966 ὗστάτῳ
1511 908 1589 966 υἱῷ

125 978 199 1031 τὴν
216 976 383 1034 Ῥώμην
402 980 469 1020 καὶ
488 979 562 1030 τὰς
582 978 691 1022 κάτω
711 980 890 1029 Γαλλίας
907 977 980 1033 τήν
1000 996 1040 1021 τε
1063 982 1184 1032 νῆσον
1205 977 1355 1034 Σαρδώ
1374 978 1440 1019 καὶ
1460 976 1586 1031 αὐτὴν

126 1047 313 1088 Σικελίαν
341 1049 406 1089 καὶ
436 1046 509 1100 τὴν
537 1048 728 1104 ἀντίπερα
751 1046 921 1102 Λιβύην
945 1045 1194 1103 Καρχηδόνα
1216 1063 1257 1089 τε
1287 1047 1382 1100 [καὶ]
1411 1045 1484 1100 τὴν
1505 1048 1591 1087 τῶν

118 1113 302 1172 ”Αφρων
319 1115 582 1170 μητρόπολιν,
615 1118 683 1158 καὶ
705 1117 778 1166 ἕως
801 1114 992 1172 Κυρήνης
1010 1116 1147 1170 αὐτῆς,
1175 1119 1230 1172 τῷ
1254 1115 1298 1156 δὲ
1316 1114 1586 1171 Κωνσταντίῳ

100 1191 105 1195 ’
126 1181 177 1225 τὰ
200 1183 280 1225 ἀπὸ
301 1188 374 1226 τοῦ
395 1185 630 1241 Δυρραχίου
652 1186 718 1226 καὶ
740 1183 837 1226 αὐτὸ
859 1185 904 1226 τὸ
922 1184 1141 1240 Ἰλλυρικὸν
1161 1183 1233 1237 τὴν
1246 1180 1423 1224 Ἑλλάδα
1448 1199 1491 1225 τε
1519 1183 1587 1223 καὶ

74 1258 116 1293 15
128 1251 202 1302 τὰς
226 1252 405 1293 ἕπε’κεινα
428 1251 598 1307 νήσους,
632 1251 707 1303 τάς
724 1270 766 1295 τε
786 1250 1007 1301 Κυκλάδας
1029 1253 1096 1293 καὶ
1115 1251 1187 1301 τὰς
1206 1251 1456 1305 καλουμένας
1476 1253 1587 1292 Σπο-

125 1317 256 1375 ράὸας
284 1321 350 1361 καὶ
380 1320 454 1370 ἕως
469 1318 788 1374 Ἑλλησπόντου,
821 1319 894 1374 τήν
913 1337 954 1362 τε
975 1320 1223 1373 καλουμένην
1244 1319 1394 1375 μικρὰν
1418 1319 1586 1369 Ἀσίαν,

124 1387 359 1444 ἀμφοτέρας
383 1404 426 1430 τε
458 1390 525 1430 καὶ
552 1390 704 1444 Συρίας
730 1390 795 1430 καὶ
820 1389 1099 1442 Παλαιστίνην
1125 1389 1191 1429 καὶ
1215 1386 1286 1442 τὴν
1309 1388 1496 1428 Κιλικίαν
1519 1388 1588 1429 καὶ

125 1455 253 1510 αὐτὴν
279 1456 510 1511 Αἴγυπτον·
551 1454 578 1510 ἢ
609 1456 687 1512 γὰρ
713 1455 859 1511 Λιβύη
886 1461 946 1514 τῷ
972 1460 1045 1511 τῆς
1066 1453 1232 1510 Ῥώμης
1254 1454 1436 1501 ὑπέκειτο
1464 1460 1588 1508 βασι-

126 1522 294 1566 λεύοντι.
363 1526 430 1566 καὶ
454 1523 582 1575 οὕτως
602 1525 676 1579 μὲν
694 1522 715 1566 ὃ
737 1523 909 1575 παλαιός
925 1542 967 1567 τε
989 1526 1055 1566 καὶ
1077 1522 1097 1566 ὅ
1120 1529 1280 1581 πρῶτος
1298 1523 1495 1580 μερισμὸς
1514 1527 1588 1578 τῆς

68 1598 116 1634 20
123 1593 332 1645 βασιλείας
357 1590 596 1647 εΡὶομαίων·
631 1591 658 1648 ἦ
680 1594 723 1635 δὲ
743 1594 964 1648 Δαλματιά
984 1597 1058 1648 τῆς
1076 1593 1247 1643 Ἰταλίας
1265 1593 1347 1634 ε’στὶ
1366 1591 1508 1648 χώρα,
1543 1594 1586 1643 ἔξ

125 1655 247 1718 οὗπερ
278 1658 522 1717 ἐβλάστησεν
555 1659 576 1704 ὃ
609 1660 769 1705 πάντων
799 1660 1028 1719 ἀνθρώπων
1060 1659 1330 1711 ἀνοσιώτατος
1352 1663 1417 1703 καὶ
1441 1660 1586 1715 ἀσεβέ·

215 1801 238 1835 3
260 1799 431 1844 αἴρουσιν
451 1800 556 1846 vulgo
723 1802 746 1836 6
768 1798 961 1845 ὑπήκουον
985 1801 1014 1835 C
1183 1802 1206 1836 7
1228 1801 1501 1835 κωνσταντῖνον
1523 1801 1588 1835 καὶ

195 1843 427 1880 ’κώνσταντα
448 1846 511 1881 καὶ
532 1844 780 1881 κωνστᾶντιον
802 1848 832 1881 C
970 1849 992 1883 9
1015 1847 1083 1881 τοῦ
1107 1847 1175 1882 add
1198 1847 1227 1880 C
1366 1848 1410 1882 12
1431 1846 1507 1880 τῶν
1530 1858 1584 1881 om

212 1890 435 1926 Banduriana
573 1894 616 1927 17
639 1903 678 1927 τε
702 1891 785 1937 καὶ]
811 1903 850 1927 τε
872 1890 967 1932 vdes?

122 2013 383 2049 Macedonicam
396 2018 511 2059 vocat,
530 2014 583 2049 sic
598 2015 759 2060 inquiens
780 2014 839 2051 “et
854 2017 1081 2050 Macedonum
1098 2015 1340 2061 Epidamnum,
1359 2025 1447 2059 quae
1461 2018 1585 2059 postea

119 2059 353 2117 Dyrrachium
388 2061 566 2095 nominata
605 2069 676 2106 est,
718 2063 835 2097 urbem
868 2062 1096 2097 Macedoniae
1128 2073 1286 2106 magnam
1318 2073 1358 2095 ac
1384 2062 1521 2095 beatam
1547 2060 1582 2095 vi
1619 2090 1623 2095 .

121 2117 162 2139 ca
187 2105 276 2140 iunt.

163 2117 186 2150 p
211 2151 404 2196 Hucusque
433 2151 571 2198 imperii
601 2152 728 2187 divisio
761 2153 855 2187 facta
885 2158 957 2196 est,
992 2158 1030 2187 ut
1061 2152 1118 2185 illa
1141 2156 1257 2185 essent
1280 2151 1500 2197 imperatoris
1522 2150 1583 2196 qui

121 2197 328 2240 Byzantium
357 2202 473 2240 tenet3
512 2209 601 2242 quae
634 2210 718 2232 vero
750 2198 896 2233 ulterius
927 2204 1009 2232 sunt
1040 2203 1075 2232 et
1104 2198 1222 2231 Ionico
1248 2197 1325 2231 sinu
1350 2197 1582 2240 continentur,

121 2242 324 2287 imperatori
349 2242 480 2277 Romae
503 2244 799 2288 obtemperabant.
846 2245 898 2278 sic
921 2244 1011 2278 enim
1036 2254 1177 2288 magnus
1202 2242 1449 2277 Constantinus
1471 2243 1583 2287 impe-

121 2294 219 2322 rator
249 2287 398 2333 partitus
426 2294 481 2323 est
510 2288 691 2335 imperium
713 2290 825 2324 tribus
851 2291 923 2324 suis
947 2290 1083 2331 liberis,
1123 2290 1350 2323 constantino
1375 2289 1582 2322 Constantio

91 2372 98 2377 ⁴
123 2338 160 2368 et
189 2333 392 2375 Coustanti3
427 2345 469 2368 ac
498 2335 610 2379 primo
643 2336 779 2379 quidem
812 2336 994 2380 superiora
1016 2335 1153 2369 Galliae
1177 2335 1273 2378 loca,
1309 2340 1345 2368 et
1371 2345 1460 2378 quae
1485 2341 1581 2368 trans

119 2379 228 2423 Alpes
248 2385 348 2423 sunt,
372 2390 483 2424 usque
506 2380 549 2414 ad
572 2382 752 2415 occiduum
776 2382 951 2415 Oceanum
974 2386 1078 2426 atque
1098 2382 1216 2414 urbem
1239 2380 1462 2424 Cantabrim,
1486 2381 1578 2414 Con-

121 2424 231 2459 stanti
250 2436 358 2469 vero,
391 2425 529 2460 minimo
552 2433 655 2469 natu,
681 2428 824 2461 Romam
852 2433 886 2461 et
909 2427 1107 2461 inferiorem
1134 2426 1282 2460 Galliam
1308 2432 1413 2470 atque
1435 2425 1582 2460 insulam

120 2469 322 2505 Sardiniam
353 2469 532 2515 ipsamque
566 2473 720 2507 Siciliam
759 2480 793 2507 et
829 2473 981 2507 Africam
1027 2472 1223 2506 ulteriorem
1267 2472 1584 2517 Carthaginemque

120 2515 283 2551 Afrorum
322 2517 537 2562 metropolim
576 2519 619 2552 ad
658 2518 768 2564 ipsam
804 2519 976 2563 Cyrenem
1010 2530 1141 2563 usque,
1179 2518 1387 2552 Constantio
1420 2519 1582 2562 denique,

121 2571 212 2605 quae
240 2562 330 2596 citra
357 2562 608 2606 Dyrrachium,
646 2571 681 2598 et
713 2565 909 2608 Illyricum,
946 2564 1126 2599 Helladem
1161 2569 1197 2598 et
1228 2563 1358 2597 insulas
1384 2563 1582 2607 ulteriores,

122 2613 160 2641 et
189 2618 279 2653 quae
314 2607 488 2651 Cyclades
517 2620 558 2642 ac
589 2610 765 2654 Sporades
800 2616 1058 2655 nuncupantur,
1095 2621 1207 2654 usque
1233 2610 1277 2643 ad
1303 2609 1582 2664 Hellespontum,

121 2663 165 2686 ac
196 2664 338 2697 parvam
369 2653 486 2687 Asiam
519 2654 667 2698 dictam,
702 2662 883 2701 utramque
916 2656 1057 2699 Syriam
1091 2667 1132 2690 ac
1162 2655 1394 2690 Palaestinam
1430 2661 1583 2699 ltemque

124 2697 281 2733 Ciliciam
312 2698 494 2744 ipsamque
522 2700 737 2745 Aegyptum:
777 2714 854 2736 nam
884 2702 1001 2745 Libya
1033 2702 1188 2736 Romano
1214 2700 1419 2746 imperatori
1442 2701 1582 2735 subdita

122 2743 202 2778 fuit.
247 2750 355 2790 atque
389 2745 558 2780 eiusmodi
588 2747 723 2790 quidem
746 2749 814 2782 suit
836 2747 979 2793 antiqua
1001 2751 1037 2782 et
1059 2747 1169 2792 prima
1194 2746 1338 2780 Romani
1364 2746 1502 2792 imperii
1527 2747 1583 2780 di—

122 2789 227 2824 visio.
273 2795 427 2825 ceterum
448 2791 618 2826 Dalmatia
640 2793 765 2828 Italiae
788 2794 886 2837 regio
912 2799 978 2837 est,
1002 2805 1046 2827 ex
1069 2804 1138 2837 qua
1159 2798 1271 2826 ortum
1290 2792 1411 2826 habuit
1435 2792 1583 2826 omnium

122 2834 182 2880 qui
211 2846 358 2881 unquam
389 2836 531 2872 fuerunt
555 2838 727 2873 hominum
755 2839 1059 2886 profligatissimus
1083 2838 1299 2883 maximeque
1322 2837 1450 2884 impius
1471 2837 1582 2883 impe—
