1780 3132
336 184 407 224 DE
446 180 890 222 ADMINISTRANDO
932 180 1152 221 IMPEmO
1201 178 1323 222 CAP..
1360 181 1428 224 40.
1524 175 1613 220 173

185 284 517 333 Πατζινακίτας,
557 281 627 320 καί
652 281 738 330 μετ’
769 279 904 319 αὐτῶν
947 277 1203 334 ὦμοφώνησε
1230 281 1302 321 τοῦ
1328 278 1614 331 καταπολεμῆ-

182 366 256 394 σαι
284 349 356 390 καί
383 347 589 402 ἀφανίσαι
628 342 723 392 τούς
756 345 977 398 Τούρκους.
1042 343 1114 385 καί
1140 340 1208 386 ὅτε
1237 342 1275 385 οἱ
1307 346 1484 396 Τοῦρκοι
1511 341 1613 394 πρὸς

182 414 385 464 ταξείδιον
414 412 611 465 ἀπῆλθον,
639 409 676 451 οἱ
705 411 1013 459 Πατζινακῖται
1048 408 1154 463 μετὰ
1185 411 1258 452 τοῦ
1285 408 1459 462 Συμεών
1485 404 1613 462 ἦλθον

182 477 287 522 κατὰ
306 482 386 520 τῶν
402 478 608 532 Τούρκων,
627 478 696 516 καί
714 473 788 524 τοὶς
807 475 940 516 αὐτῶν
957 477 1162 530 φαμιλίας
1179 477 1390 524 παντελῶς
1417 472 1611 529 ἐξηφάνιο

147 555 277 598 5σαν,
301 546 372 585 καί
393 541 490 592 τούς
506 543 564 591 εἰς
586 539 763 595 φύλαξιν
779 543 853 593 τῆς
871 539 1012 592 χώρας
1033 543 1168 582 αὐτῶν
1193 539 1401 595 Τούρκους
1422 539 1612 581 οἷπεκεΐσε

174 609 433 656 κακινκοίκως
478 607 722 656 α’πεδίωξαν.
790 603 829 646 οἱ
867 608 912 647 δὲ
946 608 1120 659 Τοῦρκοι
1163 606 1515 662 ὑποστρέψαντες,
1543 606 1614 646 καί

179 675 257 730 τήν
284 674 428 728 χώραν
474 673 612 713 αὐτῶν
644 668 772 718 οὕτως
811 669 997 724 εὑρόντες
1025 670 1177 725 ἔρημον
1206 675 1279 713 καί
1304 673 1611 726 κατηφανισμὲ·

178 759 263 796 νην,
294 735 604 792 κατεσκήνωσαν
634 737 692 783 εἰς
711 735 783 789 τήν
800 738 875 789 γῆν
903 739 961 784 εἰς
988 736 1038 789 ἣν
1068 736 1140 777 καί
1154 734 1335 791 σήμερον
1363 738 1612 789 κατοικοῦσι,

178 807 255 861 τὴν
270 804 630 856 ἐπονομαζομένην
657 803 758 843 κατὰ
779 803 852 856 τήν
869 804 1076 857 α’νωτέρω,
1098 800 1154 851 ὥς
1180 802 1356 857 εἴρηται,
1383 803 1461 843 τῶν
1485 816 1613 843 ποτα.-

122 878 164 912 10
175 875 266 926 μῶν
285 871 539 922 ἐπωνυμίαν.
572 867 591 908 ὁ
616 869 662 908 δὲ
688 869 811 916 τόπος
831 870 873 908 ἐν
894 862 925 923 ᾦ
945 868 1142 921 πρότερον
1158 866 1195 909 οἱ
1217 871 1389 922 Τοῦρκοι
1410 867 1611 922 ὑπῆρχον,

173 936 423 990 ὀνομάζεται
436 932 543 975 κατὰ
558 932 631 988 τὴν
643 931 880 985 ἐπωνυμίαν
899 936 973 974 τοῦ
987 935 1116 975 ἐκεῖσε
1136 934 1405 987 διερχομένου
1422 939 1614 985 ποταμοῦ

169 1003 282 1045 Ἐτὲλ
310 1001 382 1042 καὶ
405 999 600 1050 Κουζού,
633 1000 676 1040 ἐν
703 993 737 1056 ᾦ
766 1000 918 1051 α’ρτίως
947 997 984 1039 οἱ
1009 1001 1312 1049 Πατζινακΐται
1339 1002 1610 1040 κατοικοῦσιν.

174 1067 212 1110 οἱ
241 1069 288 1109 δὲ
323 1068 500 1121 Τοῦρκοι
526 1062 640 1118 παρὰ
665 1064 743 1105 τῶν
758 1066 1077 1115 Πατζινακιτών
1106 1066 1353 1116 διωχθέντες
1381 1059 1511 1118 ἦλθον
1538 1065 1611 1106 καί

175 1131 487 1187 κατεσκήνωσαν
526 1131 585 1178 εἰς
616 1128 689 1184 τὴν
716 1131 790 1182 γῆν
821 1131 878 1178 εἰς
915 1128 966 1183 ἢν
995 1131 1070 1171 νῦν
1100 1131 1298 1171 οἰκοῦσιν.
1354 1130 1398 1170 ἐν
1426 1129 1540 1185 αὐτῷ
1562 1130 1610 1171 δὲ

119 1196 227 1256 15τῴ
270 1192 382 1254 τόπῳ
424 1194 583 1237 παλαιοί
612 1210 706 1235 τινα
740 1193 830 1236 ἔστι
869 1193 1157 1249 γνωρίσματα·
1222 1193 1296 1236 καί
1331 1196 1497 1249 πρῶτον
1533 1196 1609 1247 μέν

173 1265 286 1305 ἐστιν
313 1262 340 1317 ἧ
373 1263 450 1303 τοῦ
475 1261 678 1313 βασιλέως
703 1262 916 1313 Τραϊανοῦ
946 1262 1110 1314 γέφυρα
1140 1259 1245 1301 κατὰ
1267 1258 1343 1315 τήν
1370 1262 1444 1314 τῆς
1473 1263 1608 1314 Τουρ-

173 1327 265 1377 κιἀς
290 1325 438 1382 ἀρχήν,
469 1324 609 1367 ἔπειτα
637 1327 684 1366 δὲ
716 1328 788 1366 καί
805 1324 1054 1379 Βελάγραὸα
1077 1323 1158 1366 οἷπὸ
1185 1328 1313 1379 τριῶν
1342 1322 1510 1380 ἧμεραῖν
1535 1328 1610 1380 τῆς

173 1389 305 1448 αὗτῆς
333 1392 532 1448 γεφύρας,
562 1392 606 1431 ἐν
632 1385 659 1447 ᾗ
685 1392 759 1431 καί
786 1389 808 1431 ὁ
837 1392 992 1444 πύργος
1021 1392 1110 1432 ἐστι’
1135 1392 1210 1432 τοῦ
1238 1391 1358 1444 ἁγίου
1387 1391 1458 1431 καί
1483 1390 1608 1445 μεγά-

173 1462 249 1500 λου
278 1458 591 1499 Κωνσταντίνου
636 1457 713 1495 τοῦ
747 1458 974 1508 βασιλέως·
1047 1455 1119 1496 καί
1142 1455 1267 1497 πάλιν
1294 1455 1398 1497 κατά
1427 1454 1502 1510 τὴν
1531 1458 1608 1497 τοῦ

114 1534 160 1569 20
174 1524 362 1575 ποταμοῦ
389 1518 594 1574 ἐκδρομήν
624 1521 712 1562 ἐστι
741 1520 787 1560 τὸ
815 1523 992 1574 Σέρμιον
1032 1523 1160 1563 ἐκεῖνο
1188 1520 1234 1562 τὸ
1265 1521 1495 1575 λεγόμενον,
1521 1520 1602 1563 α’πό

170 1591 241 1644 τῆς
271 1587 534 1641 Βελεγράδας
573 1584 672 1627 ὄόὀν
712 1583 808 1638 ἔχον
844 1584 1009 1640 ἡμερῶν
1037 1587 1124 1638 δύο,
1165 1587 1237 1627 καί
1260 1586 1341 1628 α’πὸ
1372 1589 1451 1628 τῶν
1476 1589 1605 1630 ἐκεῖσε

170 1651 196 1708 ἦ
226 1652 382 1708 μεγάλη
402 1654 607 1706 Μοραβιά
637 1650 660 1704 ἡ
684 1649 944 1707 ἄβάπτιστος,
972 1649 1022 1706 ἢν
1049 1652 1121 1693 καί
1145 1652 1368 1707 ἐξήλειψαν
1396 1653 1434 1694 οἱ
1468 1655 1638 1708 Τοῦρ-Ρ
1659 1663 1723 1697 110

258 1798 282 1878 (λὶ
305 1795 420 1840 κακὴν
421 1797 566 1876 1ἐτακῶς
586 1796 624 1829 Μ
744 1794 766 1828 9
788 1792 879 1830 κατὰ
908 1795 1079 1829 Mem-sius
1105 1807 1168 1840 pro
1195 1797 1258 1829 καὶ
1283 1792 1346 1839 τὴν
1459 1797 1503 1830 22
1530 1798 1603 1837 ἐξέ-

283 1851 395 1889 ειψαν

169 1982 323 2023 Symeon
350 1978 492 2011 fecisset
515 1982 552 2010 et
579 1977 880 2022 opportunitatem
903 1980 1026 2008 nactus
1054 1980 1162 2014 esset,
1189 1974 1234 2008 ad
1248 1976 1476 2010 Patzinacitas
1503 1977 1601 2022 lega-

168 2034 224 2061 tos
247 2026 344 2060 misit
369 2030 404 2058 et
431 2023 557 2057 foedus
586 2035 664 2056 cum
694 2024 735 2056 iis
762 2023 844 2055 iniit
879 2022 923 2054 ad
957 2021 1214 2066 oppugnandos
1242 2021 1486 2069 delendosque
1510 2025 1602 2058 Tur-
1629 2031 1633 2035 ·

167 2085 237 2106 cas.
285 2082 435 2117 cumque
462 2070 507 2103 ad
526 2070 690 2103 bellicam
725 2069 990 2114 expeditionem
1013 2067 1185 2102 abiissent
1208 2068 1364 2110 Turene,
1394 2076 1515 2104 contra
1541 2082 1601 2104 eos

168 2119 404 2153 Patzinacitae
428 2128 506 2150 cum
526 2118 699 2160 Symeone
727 2116 881 2161 profecti
909 2115 1061 2148 familias
1086 2114 1242 2160 ipsorum
1267 2117 1410 2149 omnino
1436 2117 1602 2162 perdide-

167 2171 261 2203 runt.
287 2165 371 2198 hinc
392 2165 519 2197 misere
537 2163 649 2208 pulsis
676 2164 739 2207 qui
766 2162 810 2195 ad
835 2161 988 2205 regionis
1011 2161 1113 2194 istius
1132 2160 1328 2195 custodiam
1347 2163 1462 2196 relicti
1489 2170 1599 2197 erant.

166 2214 288 2258 itaque
313 2211 443 2245 reversi
466 2210 604 2243 Turcae
629 2211 806 2254 regionem
837 2219 934 2242 suam
953 2208 1126 2241 desertam
1150 2213 1391 2254 vastatamque
1414 2210 1600 2244 invenien-

166 2264 232 2300 tes,
258 2259 298 2292 in
321 2269 361 2290 ea
385 2262 478 2291 terra
513 2268 618 2302 quam
649 2257 694 2289 ad
724 2255 936 2288 hodiernum
962 2254 1056 2288 diem
1086 2265 1197 2300 usque
1222 2255 1386 2290 incolunt
1408 2256 1509 2290 sedes
1531 2269 1600 2302 po-

165 2310 333 2344 suerunt,
359 2304 398 2337 in
425 2314 467 2336 ea
494 2303 635 2347 regione
672 2314 777 2348 quam
801 2313 820 2334 a
848 2301 1051 2334 fluminibus
1085 2302 1365 2345 cognominatam
1394 2313 1470 2336 esse
1494 2315 1598 2349 supra

165 2351 330 2385 diximus.
390 2349 488 2382 locus
526 2355 644 2383 autem
678 2361 783 2394 quem
818 2349 980 2393 primitus
1017 2348 1154 2382 Turcae
1185 2348 1418 2394 occupabant,
1441 2362 1460 2382 a
1486 2350 1596 2383 fluvio

162 2396 404 2432 interlabente
428 2401 654 2441 nuncupatur
681 2396 759 2429 Etel
788 2401 823 2428 et
838 2395 945 2435 Cuzu,
970 2395 1007 2427 in
1029 2405 1100 2439 quo
1122 2406 1218 2428 nunc
1239 2396 1474 2430 Patzinacitae
1501 2408 1597 2430 com-

161 2449 367 2486 morantur3
391 2453 411 2475 a
435 2442 566 2487 quibus
591 2454 674 2476 sane
701 2443 795 2487 pulsi
819 2443 956 2475 Turcae
993 2446 1030 2474 et
1066 2441 1308 2486 profugientes
1340 2442 1440 2477 sedes
1467 2455 1598 2489 posue-

162 2495 247 2525 runt
272 2490 347 2523 illic
372 2488 434 2522 ubi
457 2500 552 2522 nunc
586 2488 762 2522 habitant.
823 2489 862 2522 in
898 2488 966 2521 hoc
990 2493 1108 2520 autem
1136 2489 1214 2522 loco
1250 2490 1398 2534 antiqua
1425 2489 1598 2535 quaedam

161 2538 381 2572 monimenta
406 2541 613 2580 supersunt,
650 2537 744 2569 inter
769 2546 862 2580 quae
892 2546 982 2580 pons
1006 2535 1154 2568 Traiani
1177 2536 1398 2581 imperatoris
1424 2537 1470 2569 ad
1495 2538 1599 2570 initia

160 2584 323 2622 Turciae,
354 2587 391 2615 et
413 2582 630 2626 Belegrada,
659 2594 749 2627 quae
782 2583 886 2615 trium
914 2581 1048 2614 dierum
1075 2582 1203 2614 itinere
1240 2582 1283 2615 ab
1310 2584 1386 2627 ipso
1412 2589 1523 2628 ponte
1543 2583 1598 2616 di·

161 2635 243 2670 stat,
271 2629 333 2662 ubi
358 2629 463 2662 turris
487 2634 540 2662 est
563 2630 674 2662 sancti
695 2641 735 2662 ac
757 2629 873 2672 magni
907 2628 1132 2661 Constantini
1157 2629 1392 2674 imperatoris,
1422 2636 1458 2663 et
1482 2642 1597 2663 rursus

159 2677 205 2709 ad
227 2687 364 2710 cursum
388 2674 542 2708 fluminis
568 2681 666 2709 extat
683 2676 860 2716 Sirmium,
886 2674 982 2719 quod
999 2674 1192 2718 Belegrada
1219 2675 1320 2709 abest
1346 2676 1496 2709 duorum
1521 2677 1598 2708 die-

158 2734 234 2757 rum
257 2723 406 2765 itinere3
430 2720 514 2755 inde
539 2732 664 2766 magna
688 2723 846 2757 Moravia
872 2721 1047 2767 baptismo
1074 2733 1218 2762 carens,
1243 2733 1348 2767 quam
1372 2724 1402 2756 Τ
1406 2735 1506 2757 ureae
1535 2723 1597 2756 de-
