1780 3132
330 136 384 176 IN
429 133 796 175 SYNECDEMUM
843 132 1286 175 COMMENTAmUS.
1422 131 1514 175 527

75 248 184 289 niam
210 246 300 288 iura
328 251 368 288 et
408 247 621 300 dignitatis
660 247 792 287 civilis
821 247 1042 300 privilegia
1083 246 1357 288 ecclesiastica
1384 258 1517 288 secum

75 302 305 344 trabebant.
362 303 422 343 sic
455 316 543 344 cum
573 303 728 353 Tyanis
760 304 913 343 Valens
950 304 1014 343 ius
1042 303 1392 356 metropolitanum
1423 317 1518 343 con-

75 358 284 409 tribueret,
315 358 399 398 eius
426 359 538 399 urbis
561 358 731 399 antistes
752 358 844 399 iura
872 358 1147 399 ecclesiastica
1173 358 1310 399 statim
1339 359 1418 399 sibi
1446 372 1518 399 ar-

74 414 259 467 rogavit;
305 426 409 467 quae
452 414 590 454 eadem
630 426 698 452 res
726 413 980 454 Eustathium
1007 414 1280 463 Berytensem‚
1308 419 1519 467 postquam

73 466 246 519 Berytus
286 482 313 509 a
343 470 573 509 Theodosio
604 469 779 509 secundo
817 470 1053 521 metropolis
1082 475 1190 509 esset
1215 470 1444 517 constituta,
1474 475 1519 510 ut

73 524 151 566 sibi
180 524 334 564 vicinas
364 525 484 564 urbes
513 524 740 574 subiiceret,
769 524 976 576 impulisse
1006 524 1178 565 videtur.
1250 525 1292 564 id
1321 533 1517 577 superest,

73 583 119 620 ut
146 579 408 620 honorariam
443 579 684 632 metropolin
729 579 928 629 Emesam,
958 580 1034 619 etsi
1061 580 1199 620 verbis
1227 580 1407 620 Malalae
1436 594 1515 620 non

72 635 323 686 satisfaciat,
365 639 543 675 creatam
578 635 820 687 profitearis.
889 635 1116 687 praesidem
1154 634 1245 675 huic
1283 635 1518 687 provinciae

72 689 299 743 praefuisse
329 690 483 738 Notitia
517 690 608 742 imp.
639 690 688 729 0.
734 702 768 729 c.
798 694 822 730 1
854 691 1043 730 ostendit.
1120 702 1221 731 cave
1262 694 1397 731 tamen
1441 691 1518 731 huc

72 746 230 786 referas
258 757 344 784 cum
375 744 589 785 Pancirolo
618 757 651 785 c.
669 748 750 784 112
778 745 955 786 Notitiae
986 746 1070 785 eius
1093 745 1320 798 praesidem
1351 747 1518 798 provin-

71 801 160 842 ciae
187 799 439 851 Phoeniciae,
472 800 521 840 ad
556 812 671 853 quem
700 800 976 841 Diocletianus
1009 802 1036 840 l.
1056 805 1084 842 3
1110 815 1144 841 c.
1176 802 1226 840 de
1246 801 1405 843 nivers.
1433 803 1519 842 Re-

70 855 210 909 script.
239 859 278 895 et
311 853 600 907 Constantinus
627 857 655 896 l.
687 856 805 896 unico
836 869 869 895 c.
898 856 948 896 de
961 857 1095 898 Form.
1128 860 1168 896 et
1185 857 1390 909 Impetrat.
1425 858 1519 898 sub-

70 912 150 952 lat-
178 910 353 952 mittunt.
426 911 465 951 is
493 911 615 951 totius
647 911 888 962 Phoenices,
918 916 1133 965 antequam
1160 912 1202 952 in
1231 912 1333 952 duas
1359 925 1519 952 secare-

71 971 151 1017 tur,
181 978 319 1007 curam
348 966 502 1018 gessit,
543 970 764 1019 propterea
803 967 1048 1007 PRAESES
1077 966 1400 1008 PROVINCIAE
1427 968 1518 1008 SY-

71 1022 201 1078 1114ss
230 1021 472 1063 PflossNlc.
503 1021 546 1062 in
576 1022 839 1075 inscriptione
867 1021 1078 1074 Sponiana
1108 1023 1334 1063 Miscellan.
1366 1037 1404 1075 p.
1423 1028 1518 1074 270,

70 1089 174 1130 quae
203 1076 247 1117 in
275 1077 416 1130 paucis
446 1076 612 1118 diversa
637 1081 677 1117 et
716 1078 823 1118 inter
848 1077 1059 1119 Gudianas
1086 1092 1126 1131 p.
1142 1079 1275 1119 LXIX
1304 1082 1326 1118 1
1355 1080 1519 1131 legitur,

69 1132 315 1186 appellatus.

175 1201 272 1250 398,
311 1199 377 1239 15.
429 1191 630 1253 '‘Eumoa]
661 1192 813 1249 ’Έμισα
852 1197 923 1250 τῆς
963 1198 1041 1237 τοῦ
1080 1194 1274 1249 Λιβοένου
1323 1199 1519 1253 Φοινίκης

69 1250 189 1300 πόλις
214 1255 271 1294 lo.
300 1254 482 1295 Malalae
510 1259 604 1295 tom.
633 1256 650 1295 1
679 1268 716 1307 p.
731 1259 827 1295 391.
886 1255 981 1295 vide
1009 1255 1104 1296 Ant.
1135 1256 1226 1296 ltin.
1258 1270 1296 1309 p.
1315 1259 1409 1297 188.

67 1374 119 1416 Iti
179 1318 334 1418 ΙΙιὶι1ἰέ)8
348 1318 600 1368 Λαοδίκεια]
632 1321 837 1362 Laodicea
865 1325 927 1362 est
945 1321 998 1362 ad
1009 1322 1221 1374 Libanum,
1251 1322 1303 1362 de
1329 1335 1408 1376 qua
1422 1322 1518 1363 Ant.

121 1388 160 1416 n.
189 1388 230 1429 p.
335 1407 347 1419 .

178 1438 288 1484 Ibid.
345 1438 594 1494 Δαμασκός]
623 1443 861 1496 provinciae
878 1447 967 1484 erat
984 1444 1235 1497 metropolis,
1263 1445 1372 1485 unde
1385 1444 1520 1484 Theo-

68 1496 193 1537 dorus
229 1499 440 1552 episcopus
477 1498 552 1549 τῆς
594 1493 886 1550 μητροπόλεως
924 1499 1160 1548 Δαμασκοῦ
1199 1500 1242 1540 in
1272 1499 1518 1542 Chalcedon.

67 1552 211 1594 concil.
239 1566 279 1621 p.
296 1559 392 1606 6⁷6,
422 1558 462 1595 et
490 1553 533 1594 in
563 1553 678 1594 Actis
705 1554 904 1607 Stephani
931 1554 1128 1595 Sabaitae
1157 1568 1190 1596 c.
1219 1559 1248 1596 6
1275 1559 1370 1597 tom.
1391 1560 1419 1596 3
1443 1557 1517 1597 Iul.

67 1619 106 1660 p.
124 1610 209 1649 555
233 1623 259 1661 η
290 1608 493 1661 ἐπίσημος
519 1606 593 1648 καί
614 1608 913 1659 πανευδαίμων
929 1606 1197 1661 μητρόπολις.
1253 1612 1374 1663 plura
1399 1612 1518 1652 alias.

170 1673 288 1716 Ibid.
340 1670 625 1724 Ἶτῑλιούπολις]
658 1676 879 1716 diutissime
910 1675 1025 1715 buius
1055 1676 1165 1716 cives
1195 1678 1421 1730 paganicae
1452 1690 1518 1716 su-

66 1730 294 1782 perstitioni
323 1732 574 1772 studuerunt.
631 1732 730 1771 urbs
755 1732 845 1784 ipsa
886 1731 1094 1771 altissimis
1111 1732 1314 1772 montibus
1343 1733 1519 1785 undique

66 1789 161 1825 erat
187 1786 373 1828 incincta.
432 1787 524 1827 vide
548 1786 849 1827 Theodoretum
879 1787 926 1827 Η.
955 1786 1003 1827 Ε.
1035 1789 1062 1827 4
1088 1790 1144 1827 22
1170 1800 1209 1840 p.
1237 1791 1320 1828 183
1348 1792 1388 1828 et
1422 1789 1516 1830 Ant.

67 1840 158 1882 ltin.
186 1854 227 1893 p.
246 1845 340 1893 189,
371 1841 440 1882 ubi
469 1846 510 1882 et
540 1842 591 1882 de
618 1842 754 1883 Abila.

175 1905 285 1949 lbid.
317 1912 383 1949 16.
442 1903 677 1958 Παλμύρα]
703 1908 975 1961 Theophanes
1003 1903 1124 1945 πόλιν
1153 1907 1348 1959 Φοινίκης
1374 1909 1518 1957 Λιβα-

66 1957 202 2008 νισίας
231 1962 460 2017 chronogr.
491 1977 530 2016 p.
546 1967 653 2011 148,
696 1965 916 2016 Procopius
952 1964 1003 2003 de
1031 1963 1155 2003 Fabr.
1183 1968 1210 2003 2
1240 1968 1289 2004 11
1321 1963 1518 2016 Φοινίκης

64 2014 140 2067 τῆς
167 2013 283 2070 παρά
314 2018 517 2071 Λιβανον,
547 2023 588 2059 et
615 2020 666 2060 ab
694 2019 789 2072 imp.
827 2019 1048 2059 Iustiniano
1068 2018 1336 2059 instauratam
1370 2020 1518 2071 prodit.

66 2072 275 2119 Palladius
292 2075 374 2115 vit.
403 2074 682 2125 Chrysostom.
703 2088 742 2127 p.
762 2078 843 2115 194
872 2069 1116 2124 Παλμύραν
1145 2071 1190 2112 τὸ
1223 2073 1306 2112 τῶν
1334 2074 1520 2126 Περσῶν

66 2122 296 2181 φρούριον,
324 2130 429 2182 quod
459 2131 511 2170 ad
540 2131 690 2170 Persas
714 2130 1024 2182 compescendos
1050 2130 1370 2170 commodissima
1398 2135 1517 2182 esset,

66 2183 274 2235 appellat,
310 2188 365 2226 80
394 2186 450 2225 Μ.
477 2186 521 2227 Ρ.
555 2186 703 2226 Emesa
731 2197 958 2225 removens.
1030 2184 1107 2224 fuit
1136 2185 1276 2238 itaque
1302 2185 1345 2225 in
1372 2185 1518 2226 finibus

65 2237 274 2280 Romanae
290 2240 556 2294 Persicaeque
588 2241 764 2290 ditionis,
795 2253 869 2280 nec
895 2240 1019 2292 longe
1047 2240 1100 2280 ab
1126 2240 1346 2293 Euphrate,
1375 2245 1419 2281 ut
1434 2241 1518 2293 Ap-

65 2292 210 2344 pianus
238 2294 284 2335 B.
315 2296 435 2336 Civil.
465 2298 494 2335 5
522 2310 560 2348 p.
586 2300 695 2336 1079
721 2295 909 2335 ostendit.
967 2307 1094 2348 quare
1123 2296 1320 2348 Ulpianus
1351 2296 1379 2336 l.
1410 2300 1433 2336 1
1466 2297 1516 2338 1).

64 2348 116 2387 de
146 2347 307 2390 Censib.
337 2350 420 2402 §.5
447 2363 574 2403 prope
602 2352 801 2392 barbaras
824 2354 966 2402 gentes
997 2355 1039 2390 et
1066 2351 1252 2391 nationes
1275 2351 1517 2392 collocatam

65 2403 107 2443 in
141 2405 364 2455 ‘provincia
398 2406 597 2446 Phoenice
626 2407 704 2456 ait,
736 2406 916 2458 gentium
961 2409 1002 2445 et
1042 2407 1251 2448 nationum
1289 2407 1518 2448 nominibus

66 2458 220 2499 viciuos
247 2460 408 2500 Arabes
430 2461 602 2501 Parthos
620 2466 857 2513 ceterosque
877 2461 962 2501 eius
990 2474 1089 2502 orae
1116 2462 1316 2503 barbaros
1342 2464 1518 2515 comple-

65 2525 157 2554 xuS.
189 2513 405 2555 Cicero-in
434 2516 556 2556 simili
584 2528 630 2555 re
658 2529 779 2556 voces
798 2517 930 2569 iungit
953 2516 1004 2556 de
1018 2518 1206 2559 Provinc.
1236 2519 1389 2558 consul.
1419 2523 1516 2559 c.9:

66 2567 348 2611 celebrantur
378 2583 512 2612 aures
537 2570 728 2626 quotidie
749 2583 871 2612 meae
897 2574 1020 2613 novis
1049 2571 1289 2614 nominibus
1316 2575 1517 2626 yentium,

65 2626 305 2673 nationum,
340 2625 546 2668 locorum.
585 2632 625 2666 et
653 2640 686 2668 c.
720 2631 794 2668 13:
842 2631 1018 2668 ceterae
1057 2633 1210 2682 partes
1254 2641 1282 2670 a
1319 2627 1518 2682 gentibus
1556 2638 1561 2642 ’

66 2683 143 2721 aut
169 2681 360 2723 inimicis
401 2681 503 2724 huic
545 2684 727 2736 imperio
764 2686 840 2723 aut
881 2680 1025 2736 insidis
1060 2688 1135 2726 aut
1173 2686 1404 2739 inco-quitis
1442 2687 1518 2725 aut
