1780 3132
359 130 414 168 ΙΝ
455 127 822 169 SYNECDEMUM
865 127 1325 170 COMMENTARIUS..
1460 123 1553 169 519

110 239 266 295 peries3
295 251 399 293 quae
419 241 573 283 ‚literae
601 253 676 283 nec
689 241 859 283 Traiani
887 253 1018 283 annos
1046 241 1231 295 (obstant
1248 241 1395 295 quippe
1420 241 1558 282 Dacici

115 301 238 350 atque
254 296 402 348 Optimi
429 297 556 349 tituli)
581 310 657 338 nec
682 310 829 338 novam
853 298 1070 351 designant
1089 310 1240 348 aeram,
1261 297 1375 338 cuius
1402 297 1558 338 initium

113 353 373 404 repetendum
402 354 508 392 foret
536 365 563 393 a
603 352 776 393 Traiani
803 353 974 405 pietate,
1015 365 1134 406 quam
1172 353 1260 393 Iovi
1289 353 1411 394 Casio
1439 353 1479 393 in
1508 354 1559 393 iis

113 407 297 460 partibus
326 408 582 460 probaverit,
610 419 715 461 quae
741 408 791 448 cl.
821 409 946 448 Liebe
975 409 1196 449 sententia:
1236 413 1378 448 vetant
1409 409 1559 449 Beroe-

113 462 268 503 ensium
296 463 416 514 numi,
443 463 586 504 iisdem
606 463 777 503 Traiani
797 463 925 503 titulis
954 464 1150 516 inscripti,
1182 463 1290 504 inter
1320 464 1559 514 Wildianos‚

111 529 285 571 quorum
322 530 425 558 unus
460 514 812 558 ΒΕΡΟΙΑΙΩΝ.
848 518 913 569 Β,
954 520 1061 559 alter
1088 517 1137 570 Γ,
1167 518 1324 571 tertius,
1354 532 1468 572 quem
1495 519 1561 560 vir

115 572 310 626 egregius
337 572 486 614 Select.
514 573 667 614 Numis.
713 574 796 613 tab.
825 574 941 614 XVII
979 574 1187 627 vulgavit,
1216 573 1269 612 H
1295 577 1491 628 praefert,
1520 578 1561 618 et

112 627 437 670 chalcidensium
464 629 574 681 apud
605 628 870 670 Vaillantium
899 642 987 670 cum
1017 629 1149 682 signis
1177 629 1224 668 A
1252 634 1292 669 et
1322 629 1373 671 A.
1431 642 1561 683 neque

113 683 242 735 enim,
270 688 388 736 puto,
423 682 487 724 vir
527 684 669 723 doctus
709 684 981 725 arbitrabitur
1018 685 1070 725 ad
1100 697 1238 725 omnes
1264 684 1413 734 Syriae
1440 686 1561 726 urbes

114 751 202 779 eam
230 750 370 779 aeram
394 739 645 791 pervasisse,
675 742 715 778 et
753 740 905 791 passim
930 740 1062 790 Syros
1091 752 1143 780 ex
1171 741 1281 780 cultu
1314 740 1425 781 Casii
1453 740 1562 794 apud

113 793 397 837 seleucienses
428 793 537 833 lovis
579 806 709 835 annos
738 795 811 834 sub
843 795 1024 836 Traiano
1051 807 1296 835 numerasse.
1354 797 1460 836 forte
1494 809 1562 836 ve-

111 849 197 890 rius
225 849 539 890 monetariorum
566 853 689 890 notae
725 850 966 902 credentur,
993 850 1109 891 nobis
1138 863 1245 891 nunc
1274 851 1453 905 ignotae.
1512 851 1563 891 de

112 904 317 946 Laodicea
343 904 492 944 dictum
526 905 631 945 alias
659 908 735 945 est.

225 973 323 1022 397,
351 973 419 1011 26.
477 966 670 1022 Γάβαλα]
704 964 825 1016 πόλις
857 969 934 1022 τῆς
962 966 1130 1023 πρώτης
1158 967 1316 1023 Συριάς
1345 972 1401 1012 10.
1432 972 1563 1011 Mala-

113 1026 181 1080 lae
210 1030 304 1068 tom.
337 1030 365 1066 2
388 1039 428 1078 p.
447 1029 516 1068 88.
573 1026 832 1066 Theodoreto
873 1022 993 1072 πόλις
1019 1024 1174 1078 σμικροὶ
1211 1026 1283 1065 καί
1305 1025 1564 1079 χαριεστάτη

112 1081 263 1123 Hister.
290 1081 486 1134 Religios.
519 1094 554 1123 c.
584 1085 651 1122 28.
682 1082 775 1122 vide
802 1081 897 1122 Ant.
929 1081 1019 1123 ltin.
1049 1095 1088 1134 p.
1110 1084 1203 1123 148.

224 1145 334 1190 Ιῠὶἀ.
353 1150 420 1188 2⁷.
478 1145 668 1195 Πάλτος]
700 1148 844 1189 aberat
875 1152 930 1188 20
955 1148 1010 1187 Μ.
1027 1149 1070 1188 Ρ.
1108 1147 1323 1188 Laodicea.
1359 1147 1453 1188 vide
1471 1147 1564 1187 Ant.

117 1203 209 1246 ltin.
238 1217 278 1257 p.
309 1206 403 1244 147.
433 1203 680 1244 lastinianus
725 1203 829 1243 hanc
863 1208 905 1243 et
934 1203 1178 1243 Laodiceam
1210 1208 1251 1243 et
1279 1204 1454 1252 Gabala,
1483 1203 1566 1243 An-

117 1258 291 1300 tiochiae
318 1259 610 1312 quodammodo
643 1259 867 1311 ademptas,
897 1271 1030 1299 novae
1057 1259 1306 1311 provinciae,
1339 1260 1401 1298 cui
1431 1259 1567 1298 Theo-

114 1314 298 1361 doriadis
326 1326 472 1355 nomen
489 1315 658 1365 fecerat,
685 1318 980 1368 praetereaque
1009 1326 1062 1355 ex
1091 1314 1218 1364 Syria
1243 1315 1420 1354 secunda
1445 1315 1567 1354 Bala-

114 1382 215 1412 neas
244 1369 462 1410 contribuit
489 1370 598 1423 apud
627 1370 685 1410 Io.
715 1370 912 1411 Malalam
942 1373 1036 1410 tom.
1068 1373 1095 1410 2
1121 1383 1160 1423 p.
1181 1372 1274 1410 183.

225 1433 336 1477 Ibid.
392 1434 566 1487 Βέροια]
595 1437 645 1476 de
670 1436 748 1477 hac
779 1439 819 1476 et
838 1435 1032 1476 Chalcide
1059 1435 1350 1488 disputavimus
1382 1434 1433 1475 ad
1464 1434 1566 1475 idem

117 1492 256 1533 itiner.
284 1505 324 1555 p.
347 1494 441 1532 193.
482 1491 614 1532 obiter
653 1491 720 1533 hic
748 1491 913 1533 Socrati
950 1491 1145 1532 auxilium
1172 1493 1347 1531 feremus
1375 1495 1401 1530 '7
1432 1494 1494 1530 16.
1522 1489 1566 1528 ἐν

115 1546 331 1597 Ἱνμεσταρ
349 1578 360 1598 ,
386 1546 532 1600 inquit,
561 1540 668 1586 οὕτω
706 1545 948 1601 καλουμένῳ
990 1542 1129 1600 τόπῳ,
1173 1541 1219 1591 ὃς
1248 1549 1377 1584 κεῖται
1409 1542 1565 1594 μεταξύ

117 1599 332 1647 Χαλκίδος
371 1598 444 1640 καί
477 1599 745 1652 Ἀντιοχειάς
785 1601 856 1653 τῆς
884 1600 929 1641 ἐν
966 1599 1124 1654 Συρίᾳ,
1148 1598 1343 1640 Ἰουδαῖοι
1373 1596 1568 1650 συνήθως

115 1652 282 1701 ἑαυτοῖς
322 1655 495 1707 παίγνια
540 1656 759 1697 ἑπιτέλουν
787 1653 892 1695 τινά.
956 1657 1162 1710 flagitiose
1204 1657 1306 1696 enim
1338 1661 1569 1707 corruptum

118 1715 184 1752 est
210 1712 290 1752 vici
317 1724 488 1760 nomen,
526 1713 569 1754 iu
599 1715 841 1766 quoscelus
878 1713 983 1766 quod
1015 1712 1210 1753 Socrates
1235 1717 1404 1751 enarrat
1430 1711 1568 1750 ludaei

116 1771 346 1821 patrarunt.
401 1768 497 1821 lege
526 1762 756 1818 ἕν”Ιμμαις
783 1763 888 1819 γάρ,
916 1772 957 1807 et
989 1767 1120 1807 vicum
1148 1766 1330 1815 habebis,
1356 1771 1411 1805 20
1439 1766 1494 1811 M.
1522 1766 1566 1806 Ρ.

118 1836 147 1864 a
175 1821 371 1864 Chalcide
410 1823 652 1864 disiunctum
693 1825 801 1876 apud
836 1823 1135 1864 Theodoretum
1165 1822 1267 1863 nist..
1298 1821 1435 1873 Relig.
1475 1834 1508 1862 c.
1539 1824 1566 1860 ¹7

118 1882 242 1932 atque
271 1878 315 1918 in
344 1878 505 1920 'rabula
542 1879 886 1932 Peutingerorum.
944 1879 1078 1918 firmat
1108 1878 1391 1927 coniecturam,
1420 1875 1496 1915 etsi
1524 1876 1568 1917 in

70 1966 73 1971 ,
118 1933 307 1975 vocabuli
336 1946 503 1975 numero
534 1939 575 1975 et
601 1947 753 1988 genere
788 1934 1051 1986 dissentiens,
1081 1933 1351 1986 Theophanes
1382 1931 1568 1972 Chrono-
1615 1983 1619 1987 ι

117 1988 266 2043 graph.
294 1994 436 2041 p·'71:
464 1985 594 2044 τούτῳ
636 1990 692 2044 τῷ
722 1986 806 2029 ἔτει
835 1988 1025 2029 Ἰουδαῖοι
1058 1987 1118 2033 εἰς
1147 1986 1192 2025 τὸ
1221 1982 1369 2037 Ἴμμον
1399 1984 1568 2025 παιδίον

117 2039 378 2094 Χριστιανὸν
400 2044 688 2095 συλλαβόντες.
718 2050 758 2086 et
784 2045 1004 2095 Cedrenus,
1031 2055 1271 2096 quamquam
1299 2053 1374 2095 per
1401 2038 1569 2080 παιδίον

110 2099 380 2163 ²Theophanis
420 2100 463 2141 in
499 2113 678 2142 errorem
717 2101 934 2154 impulsus,
975 2113 1012 2152 p.
1033 2103 1137 2139 276:
1167 2097 1361 2136 Ἰουδαῖοι
1408 2096 1466 2141 εἷς
1498 2093 1568 2134 τὸν

123 2155 258 2204 ἱμμον
284 2154 430 2194 πεδίον
457 2152 721 2206 Χριστιανὸν
752 2155 885 2193 παῖδα
923 2150 1208 2204 συλλαβόντες.
1266 2153 1364 2193 fecit
1390 2165 1442 2192 ex
1469 2152 1570 2191 vici-

117 2209 189 2251 nia
213 2209 303 2251 soni
331 2210 408 2248 τοῦ
437 2209 609 2250 παιδίου
633 2215 673 2252 et
701 2210 847 2249 πεδίου
877 2211 1042 2249 Immum
1071 2221 1264 2261 campum,
1297 2220 1425 2262 quem,
1452 2208 1486 2248 si
1515 2207 1570 2247 ad

116 2263 222 2306 haec
247 2267 488 2307 attendisset
526 2267 626 2307 Abr.
669 2266 869 2317 ortelius,
907 2265 1018 2305 cirea
1047 2264 1292 2314 Byzantium
1333 2277 1415 2304 non
1443 2275 1569 2318 quae-

119 2320 297 2362 sivisset.

226 2385 337 2428 Ihm.
368 2390 436 2427 28.
503 2384 584 2424 ὑπὸ
619 2383 816 2438 ἡγεμόνα]
859 2387 1057 2427 distracta
1086 2386 1187 2427 haec
1215 2390 1276 2426 est
1303 2385 1515 2439 provincia
1545 2397 1572 2425 a

121 2441 246 2482 coele
275 2442 425 2493 Syria,
457 2446 501 2482 ut
542 2443 748 2495 Euagrius
788 2443 839 2481 Η.
869 2443 917 2483 Ε.
952 2445 980 2482 3
1011 2445 1066 2482 32
1094 2443 1234 2493 docet,
1265 2447 1305 2481 et
1333 2442 1504 2495 quidem,
1534 2441 1570 2480 si

121 2509 202 2551 qua
227 2497 408 2538 Malalae
438 2503 530 2538 tom.
558 2502 586 2537 2
628 2511 666 2550 p.
683 2502 739 2537 69
765 2499 887 2547 fideS,
917 2510 944 2537 a
974 2497 1204 2538 Theodosio
1237 2498 1425 2543 secundo,
1457 2508 1571 2549 quein

118 2557 160 2592 et
189 2551 384 2605 Apamiae
419 2553 481 2593 ius
516 2554 787 2604 metropoleos
828 2553 988 2593 dedisse
1030 2554 1229 2594 adfirmat.
1287 2552 1466 2605 praesidi
1495 2565 1572 2604 pa-

113 2607 249 2649 ruisse
277 2608 431 2649 Notitia
460 2609 554 2661 imp.
582 2609 735 2648 Orient.
768 2621 802 2647 e.
833 2613 856 2648 1
886 2621 1050 2648 monere
1078 2609 1186 2648 haud
1218 2609 1414 2661 neglexit.

230 2671 340 2716 thal.
397 2671 631 2724 Ἀπάμεια]
661 2675 895 2727 provinciae
923 2679 1015 2716 erat
1040 2676 1288 2728 metropolis,
1315 2672 1572 2727 quamobrem
