1780 3132
278 197 303 237 Q
312 197 369 241 76
724 201 1219 241 ANlMADVERSlONES

276 310 383 350 ribus
411 322 437 349 ιι
461 309 558 348 viris
581 310 706 348 doctis
734 310 809 349 iam
829 311 1066 362 disputatum
1095 315 1167 353 est
1221 311 1311 351 vide
1327 311 1538 351 Martinum
1563 313 1673 353 llan-

275 364 380 403 kium
410 364 458 401 de
485 363 542 410 By
545 364 793 402 zantinarum
822 376 952 404 rerum
978 365 1235 416 scriptoribus
1266 369 1289 404 1
1310 367 1372 416 15,
1413 370 1453 405 et
1479 366 1673 419 Ducangii

270 424 473 467 utrumque
501 416 758 456 Glossarium.

392 474 456 514 11
488 473 523 508 1.
580 469 690 515 θέμα
734 470 868 509 varias
907 470 1217 521 significationes
1256 471 1430 521 obtinet,
1470 473 1540 511 sed
1580 473 1672 525 quid

270 523 332 562 hic
361 523 557 573 significet
585 522 659 561 hoc
686 535 827 562 nomen
855 523 1031 574 pluribus
1061 524 1190 575 capite
1231 525 1407 576 sequenti
1435 525 1550 565 docet
1573 527 1671 566 Por-

266 575 562 638 phyrogenitus.
618 588 753 615 verum
783 577 876 616 mihi
915 590 994 615 non
1023 578 1213 628 probatnr
1240 578 1344 629 quod
1374 579 1430 617 ait
1456 579 1673 620 Vulcanius

267 631 307 669 in
335 630 438 668 notis
461 629 512 668 ad
532 629 634 668 hunc
649 630 981 690 Porphyrogeniti
1006 631 1144 680 locum,
1174 628 1284 678 θέμα
1306 633 1568 683 provinciam
1592 646 1671 673 non

266 683 504 734 significare,
531 695 655 734 neque
686 679 935 731 θεματικους
969 683 1264 735 provinciales.
1322 697 1413 724 nam
1443 685 1536 725 lieet
1562 685 1673 734 θέμα

266 749 345 775 ιιοιι
367 713 561 785 signifi'cet.
600 737 796 788 integram
834 737 1076 788 provinciam
1112 750 1158 776 eo
1189 739 1303 778 modo
1337 751 1412 790 quo
1438 740 1546 802 prius
1573 739 1675 779 divi-

266 802 349 828 sum
377 790 450 828 fuit
479 790 520 828 in
551 802 618 829 eas
639 791 885 829 Romanum'
875 792 1090 842 imperium,
1118 804 1204 830 cum
1224 793 1423 843 quaelibet
1441 805 1491 832 ex
1516 793 1566 832 iis
1593 793 1673 832 dis-

266 848 374 883 secta
405 844 524 882 fuerit
554 844 594 882 iu
621 845 737 894 plura
764 843 936 890 θέματα,
971 848 1101 883 tamen
1128 844 1290 894 θέματα
1318 846 1406 896 ipsa
1430 848 1674 898 provincias

266 897 378 948 quasi
405 897 574 936 minores
603 897 827 948 significant
855 901 895 935 et
922 896 1138 944 θεματικοί
1163 897 1451 950 provinciales
1479 900 1673 948 dicuntur,

266 950 369 1002 quod
398 963 476 989 non
505 951 632 989 solum
638 929 762 1001 Dpatet
791 963 842 990 ex
863 950 925 989 his
953 951 1102 990 duobus
1134 952 1466 1004 porphyrogeniti
1500 952 1552 993 de
1582 953 1674 996 the-

264 1002 446 1043 ruatibus
488 1004 602 1043 libris
640 1005 711 1043 sed
738 1004 854 1043 etiam
883 1017 934 1043 ex
975 1004 1065 1043 aliis
1094 1004 1284 1046 historiae
1301 1005 1546 1055 Β)Ζιιιιιιιιιιε
1573 1007 1675 1046 scri-

266 1058 456 1109 ptoribus.
512 1057 604 1096 vide
631 1058 828 1109 Ducangii
858 1058 989 1097 Gloss.
1019 1058 1162 1098 Graec.

374 1109 574 1151 Ibid.1o.
631 1089 919 1161 κεραυιοβόλος
949 1112 1201 1162 interpretati
1230 1124 1360 1151 sumus
1387 1109 1676 1163 fulminatrix‚

267 1165 308 1204 id
337 1170 409 1213 est,
441 1165 570 1215 legi0;
597 1166 739 1216 quippe
771 1165 940 1215 legionis
969 1166 1118 1204 fulmin·
1110 1165 1246 1204 atticis
1272 1167 1414 1205 mentio
1442 1169 1612 1207 occurrit
1635 1168 1677 1207 in

269 1219 436 1270 quinque
479 1219 818 1269 inscriptionibus,
850 1230 947 1269 quas
978 1221 1132 1269 profert
1165 1220 1283 1258 lanus
1314 1221 1520 1260 Gruterus.
1577 1232 1677 1273 quae
1737 1225 1740 1233 ⁴

269 1277 398 1312 autem
435 1273 542 1323 legio
583 1273 623 1310 in
667 1272 772 1310 hisce
819 1272 1137 1322 inscriptionibus
1178 1278 1218 1311 et
1258 1273 1375 1312 etiam
1413 1274 1509 1313 alibi
1536 1274 1679 1314 dicitur

270 1325 557 1377 fulminatrloe
586 1326 625 1364 in
643 1325 792 1364 Notitia
821 1326 1054 1375 dignitatum
1082 1326 1234 1376 impelii
1255 1327 1425 1366 Orientis
1454 1328 1678 1378 appellatur

271 1378 477 1430 fulminea
501 1380 579 1418 sic:
606 1377 913 1430 praefecturae
934 1378 1110 1430 ltyiom's
1138 1378 1408 1419 duodecimae
1423 1379 1676 1428 Fulmineae,

272 1431 515 1474 Melitenae.
537 1433 639 1470 unde
656 1433 845 1471 llenricus
862 1433 1042 1471 Valesius
1055 1433 1212 1471 Eusebii
1235 1434 1459 1473 Ecclesiast.
1489 1434 1580 1474 hist.
1607 1428 1680 1474 55

270 1487 446 1535 λεγεῶνα
494 1483 743 1534 κεραυνοβό).
748 1498 791 1522 ον
843 1484 1044 1536 leyz'onem
1083 1485 1328 1535 fulmineam
1370 1488 1677 1539 interpretatum

270 1545 476 1601 monetque
505 1540 546 1578 ιιι
573 1539 894 1578 annotationibus
921 1541 970 1578 ad
1001 1541 1163 1579 eundem
1193 1540 1350 1579 Eusebii
1378 1542 1504 1580 locum
1533 1555 1678 1591 necav-

270 1589 435 1642 νοβόλον
461 1591 707 1643 fulmineam
733 1593 1070 1643 interpretandum
1102 1605 1200 1641 esse,
1231 1606 1310 1632 non
1334 1578 1678 1645 fulminati-icem,

271 1652 314 1686 ut
344 1647 568 1698 Onuphrius
600 1651 639 1685 et
667 1646 853 1698 Scaliger
883 1646 1040 1698 aliique.
1097 1647 1166 1685 sed
1191 1625 1279 1686 ’fani
1308 1648 1505 1688 Valesium
1535 1649 1608 1689 hac
1637 1649 1678 1688 in

269 1713 314 1740 rc
342 1713 455 1740 nemo
496 1712 575 1739 non
613 1700 741 1739 videt:
783 1712 874 1738 nam
912 1699 1186 1751 insc1iptiones
1240 1701 1396 1740 omnino
1441 1702 1679 1748 contrarium

273 1756 426 1794 docent.
483 1758 522 1792 et
553 1754 743 1792 fulminea
771 1753 903 1804 itaque
933 1757 969 1791 et
998 1754 1243 1794 lulminatrix
1280 1754 1386 1806 legio
1416 1755 1489 1795 illa
1513 1756 1679 1805 x11‚ab

273 1809 456 1860 Augusto
483 1808 661 1846 instituta
693 1811 733 1845 et
762 1819 787 1846 a
813 1807 1059 1857 Vespasiano
1098 1808 1336 1858 imperatore
1362 1809 1403 1847 ιιι
1428 1809 1682 1861 Cappadocia

272 1865 418 1910 locata,
448 1865 674 1912 nuncupata
700 1860 786 1899 fuit.
842 1866 1010 1898 ceterum
1041 1861 1143 1912 quod
1171 1861 1228 1900 ait
1247 1862 1437 1902 Eusebius
1464 1864 1550 1911 l.1.‚
1579 1864 1682 1903 hano

273 1916 470 1967 legionem
509 1910 801 1963 κεοαυιοβόλον
839 1915 1079 1964 appellatam
1118 1915 1239 1954 fuisse
1281 1915 1521 1956 MAntonino
1560 1917 1681 1968 impe·

275 1974 401 2019 r,ante
428 1969 532 2021 quod
562 1980 646 2006 cum
678 1968 869 2007 adversus
893 1968 1112 2006 Germanos
1140 1976 1179 2006 et
1207 1968 1414 2009 Sarmatas
1438 1974 1681 2021 pugnaturus

274 2024 398 2063 aciem
425 2023 640 2061 instrueret
670 2026 708 2059 et
731 2021 796 2059 siti
831 2033 914 2059 cum
943 2021 1120 2060 exercitu
1147 2023 1413 2070 conficeretur,
1445 2023 1625 2074 precibus
1655 2035 1682 2063 a

274 2077 434 2117 Christo
467 2076 638 2127 pluviam
671 2075 777 2126 legio
810 2074 892 2123 illa,
921 2087 1020 2126 quae
1053 2074 1278 2115 Christiana
1319 2082 1417 2126 erat,
1445 2077 1681 2128 impetravit,

276 2136 315 2170 et
345 2130 548 2169 fulminum
576 2130 681 2168 iactu
712 2128 882 2167 hostium
912 2128 1048 2179 copiae
1075 2128 1115 2167 in
1143 2130 1277 2178 fugam
1305 2142 1446 2174 versae
1477 2143 1524 2170 ac
1552 2131 1681 2170 extin-

274 2191 362 2223 ctae
390 2185 526 2231 fuere,
555 2183 776 2221 iamdudum
804 2182 952 2220 monuit
991 2181 1176 2232 Scaliger
1205 2182 1247 2223 in
1275 2184 1681 2223 animadversionibus

275 2237 509 2277 Eusebianis
537 2237 734 2288 legionem
762 2235 1062 2274 fulminatricem
1092 2235 1141 2274 ab
1167 2235 1241 2274 hoc
1267 2237 1455 2276 miraculo
1482 2250 1682 2288 nuncupa-

274 2297 354 2331 tam
382 2303 462 2329 non
490 2291 626 2338 fuisse,
654 2290 796 2340 quippe
824 2301 923 2340 quae
953 2288 1019 2326 diu
1049 2293 1141 2327 ante
1168 2293 1345 2340 tempora
1366 2291 1594 2330 MAntonini
1625 2291 1683 2330 ita

275 2349 418 2384 vocata
445 2344 576 2383 fuerit.
633 2344 747 2382 docet
779 2343 818 2381 id
857 2342 1062 2381 manifeste
1088 2343 1162 2381 Dio
1194 2343 1354 2383 Cassius
1384 2346 1410 2384 1.
1437 2347 1502 2394 55,
1530 2345 1595 2384 ubi
1622 2346 1683 2383 le-

274 2399 414 2450 giones
443 2410 575 2436 omnes
594 2401 817 2443 enumerat;
847 2396 947 2447 quod
977 2407 1072 2434 sane
1100 2398 1352 2436 confirmatur
1381 2411 1431 2438 ex
1457 2398 1683 2449 inscriptio-

276 2452 391 2491 nibus
421 2464 446 2490 a
477 2451 591 2490 nobis
629 2451 748 2502 paulo
777 2450 957 2513 superius
989 2450 1146 2489 adlatis.
1215 2462 1342 2502 neque
1371 2452 1584 2491 audiendus
1610 2452 1683 2490 Xi-

275 2505 472 2557 philinus,
513 2504 578 2556 qui
616 2500 910 2553 κεραυνοβόλου
945 2503 1141 2554 legionem
1179 2503 1290 2543 illam
1318 2507 1555 2557 appellatam
1595 2517 1682 2543 esse

275 2560 332 2599 ait
358 2559 408 2600 ob
440 2558 672 2597 ιιιίιιιοιιΙιιιιι
700 2557 796 2596 illud
830 2556 933 2608 quod
971 2535 1090 2607 postulo
1122 2558 1300 2608 superius
1328 2571 1379 2600 ex
1405 2559 1573 2598 Eusebio
1601 2562 1681 2597 ret-

274 2613 455 2659 tulimus,
483 2615 527 2649 ut
555 2615 695 2671 putant
723 2611 798 2650 viri
827 2610 942 2649 docti.
973 2622 1009 2649 v.
1042 2611 1174 2650 Vales.
1206 2612 1233 2651 l.
1263 2612 1290 2651 l.

381 2642 489 2706 Ibi'd.
508 2669 570 2704 10.
628 2658 732 2714 ἄλὶη
763 2663 1072 2717 Μαρμαριτῶν]
1101 2665 1144 2704 ιιι
1173 2665 1325 2705 Notitia
1352 2665 1587 2718 dignitatum
1613 2665 1684 2704 im-
