1780 3132
426 613 1324 660 ΚΩΝΣΤΑΝΤΙΝΟΥ

142 723 246 758 '1⁷01’
281 723 359 757 ΕΝ
390 724 580 758 ΧΡΙΣΊῺ
618 725 822 759 Buram
856 724 1037 760 mmm
1076 723 1334 758 ΒΑΣΙΛΕΩΣ
1369 722 1604 757 ΡΩΜΑῙῼΝ

325 823 487 863 ΠΡΟΣ
533 823 660 863 ΤΟΝ
701 822 879 863 ΙΛΙΟΝ
926 824 1070 864 ΥῙΟΝ
1110 821 1419 864 ΡΩΜΑΝΟΝ

201 927 316 963 ΤΟΝ
335 927 618 962 ΘΕΟΣΤΕΦΗ
637 930 724 963 ΚΑΙ
745 927 1288 964 ΠΟΡΦΥΡΟΓΕΝΝΗΤΟΝ
1305 928 1528 962 ΒΑΣΙΛΕΑ.

144 1032 264 1110 Υἱὸς
292 1059 420 1118 σοφὸς
450 1059 652 1117 εὐφραίνει
681 1061 858 1115 πατέρα,
893 1062 957 1102 καὶ
989 1058 1122 1116 πατὴρ
1151 1058 1416 1117 φιλόστοργος
1440 1058 1502 1101 ἐπὶ
1524 1059 1602 1118 υἱῷ
1623 1070 1651 1104 Ρ
1677 1071 1720 1104 53

101 1163 105 1167 ,
135 1127 318 1185 τέρπεται
346 1131 545 1186 φρονίμῳ.
612 1126 749 1185 κύριος
766 1130 843 1186 γὰρ
864 1130 1005 1171 δίδωσι
1026 1134 1120 1171 νοῦν
1140 1127 1258 1183 ἡνίκα
1277 1130 1341 1170 δεῖ
1355 1130 1498 1178 εἷπεΐν,
1538 1130 1604 1170 καὶ

136 1199 404 1253 προστίθησιν
423 1193 493 1249 οὖς
510 1201 582 1239 τοῦ
603 1196 773 1239 ἀκούειν.
843 1198 941 1253 παρ’
967 1197 1076 1254 αὐτῷ
1097 1196 1309 1252 θησαυρὸς
1331 1197 1500 1254 σοφίας,
1535 1199 1602 1239 καὶ

136 1266 179 1315 ἕξ
199 1266 324 1307 αὐτοῦ
345 1267 500 1307 δίδοται
518 1270 598 1306 πᾶν
616 1264 787 1319 δώρημα
805 1264 964 1307 τέλειον.
1026 1269 1206 1324 uas-mu?
1221 1268 1402 1317 βασιλεῖς
1419 1265 1481 1307 ἐπὶ
1499 1264 1605 1322 ‚996-
1628 1276 1656 1309 Ρ
1681 1276 1725 1310 54

103 1346 125 1382 5
138 1349 222 1384 νου,
249 1335 315 1375 καὶ
334 1334 476 1389 κυρίαν
495 1338 567 1375 τοῦ
585 1334 733 1384 παντὸς
753 1335 917 1375 δίδωσιν
936 1333 1086 1383 αὐτοῖς.
1134 1338 1205 1375 νῦν
1226 1328 1297 1375 οὖν
1315 1331 1489 1375 ἄκουσόν
1508 1351 1604 1387 μου,

134 1402 215 1453 υἷέ,
246 1403 312 1443 καὶ
332 1401 448 1456 τήνδε
468 1402 721 1456 μεμαθηκώς
741 1402 813 1456 τὴν
833 1402 1006 1456 διδαχὴν
1026 1401 1096 1458 ἴσῃ
1114 1401 1244 1458 σοφὸς
1263 1401 1374 1457 παρὰ
1394 1403 1605 1459 φρονίμοις

134 1472 201 1512 καὶ
233 1468 430 1528 φρόνιμος
458 1471 571 1526 παρὰ
600 1477 744 1526 σοφοῖς
772 1470 1023 1526 λογισθήσῃ”
1061 1469 1325 1525 εὐλογήσουσί
1352 1487 1395 1512 σε
1430 1471 1469 1512 οἵ
1500 1472 1603 1521 λαοί,

135 1540 202 1580 καὶ
228 1540 480 1595 μακαριοῦσί
495 1557 540 1581 σε
561 1538 701 1594 πλήθη
725 1541 869 1581 ἐθνῶν.
941 1538 1161 1593 διδάχθητι
1185 1539 1211 1580 ἃ
1228 1538 1308 1594 χρή
1332 1555 1375 1580 σε
1399 1538 1476 1594 πρὸ
1501 1537 1604 1581 πάν-

134 1624 215 1650 των
241 1607 409 1658 εἷδέναι,
436 1610 502 1649 καὶ
531 1612 729 1662 νουνεχῶς
756 1611 837 1650 τῶν
865 1611 939 1662 τῆς
965 1609 1175 1660 βασιλείας
1199 1606 1347 1650 οἰάκων
1370 1607 1605 1660 ἅντιλαβοῦ.

77 1663 126 1722 ‘10
137 1677 224 1732 περὶ
244 1680 324 1718 τῶν
346 1674 571 1718 ἐνεστώτων
588 1677 806 1731 μελέτησον
827 1678 893 1717 καὶ
914 1678 1004 1732 περὶ
1022 1680 1102 1718 τῶν
1119 1675 1346 1729 μελλόντων
1368 1674 1602 1730 διδάχθητι,

131 1746 200 1787 ἵνα
221 1750 362 1800 πεῖραν
380 1745 471 1797 μετ’
496 1745 708 1798 εὐβουλίας
729 1745 950 1801 ἅθροῖσῃς,
982 1746 1048 1786 καὶ
1069 1744 1398 1800 μεγαλεπῆβολος
1420 1743 1491 1800 ἴσῃ
1513 1747 1603 1799 περὶ

179 1877 182 1881 ,
228 1851 268 1886 11
293 1840 602 1897 μεγαλεπίβουλος
623 1854 652 1886 Ρ
678 1852 704 1886 i.
728 1864 761 1886 e.
788 1852 897 1886 codex
920 1851 1101 1886 Palatinus

453 1986 1285 2046 CONSTANTlNl,

235 2075 439 2112 cnmsTI
477 2075 701 2112 AETERNI
739 2076 890 2110 REGIS
930 2075 1117 2111 GRATIA
1161 2074 1498 2110 IMPERATORIS

699 2122 1032 2166 ROMANORUM,

578 2201 645 2240 AD
681 2202 942 2241 ROMANUM
976 2199 1157 2239 FILIUM

307 2279 338 2315 A
361 2278 463 2316 DEO
486 2280 799 2316 CORONATUM
825 2280 894 2314 ET
918 2278 1423 2315 PORPHYROGENITUM

678 2326 1059 2361 IMPERATOREM.

130 2381 270 2450 Filius
292 2415 432 2462 sapiens
453 2415 621 2450 laetificat
641 2422 794 2462 patrem.
820 2420 856 2450 et
878 2421 979 2462 pater
1002 2415 1110 2461 prolis
1133 2426 1249 2450 amans
1274 2415 1308 2449 in
1332 2414 1405 2449 filio
1430 2414 1602 2460 prudente

130 2461 335 2496 delectatur.
370 2461 528 2496 dominus
551 2462 682 2508 quippe
706 2469 761 2497 est
783 2463 844 2508 qui
867 2468 1014 2496 mentem
1037 2461 1127 2496 indit
1151 2462 1289 2506 quando
1308 2461 1514 2505 loquendum
1535 2468 1602 2505 est,

131 2512 168 2541 et
190 2519 307 2542 aurem
331 2509 375 2542 ad
399 2508 605 2542 audiendum
628 2509 796 2554 impertit.
843 2520 951 2553 penes
978 2508 1090 2554 ipsum
1117 2507 1312 2552 sapientiae
1334 2507 1519 2541 thesaurus
1543 2519 1601 2541 re-

131 2553 310 2598 conditur,
346 2558 383 2588 et
415 2555 459 2588 ab
491 2553 550 2588 illo
584 2566 684 2588 omne
714 2556 840 2589 donum
872 2555 1064 2599 perfectum
1092 2559 1239 2588 emanat.
1287 2565 1391 2597 reges
1415 2553 1452 2587 in
1476 2553 1601 2587 throno

129 2598 288 2644 collocat,
313 2599 538 2644 universique
560 2601 770 2635 dominatum
794 2600 880 2645 ipsis
902 2599 1081 2644 elargitur.
1115 2611 1205 2633 nunc
1222 2611 1305 2644 ergo
1323 2611 1438 2632 aurem
1456 2600 1599 2644 praebe,

131 2644 202 2687 fili,
236 2651 272 2679 et
302 2645 367 2680 hac
397 2645 546 2679 imbutus
577 2647 736 2681 doctrina
768 2646 908 2691 sapiens
942 2647 1032 2691 apud
1057 2646 1248 2690 prudentes
1271 2645 1342 2679 eris
1366 2651 1403 2679 et
1425 2646 1518 2690 apud
1541 2656 1600 2679 sa—

129 2689 265 2735 pientes
300 2691 453 2736 prudens
476 2693 686 2727 censeberis.
733 2692 943 2727 benedicent
964 2692 1030 2726 tibi
1053 2691 1194 2737 populi,
1234 2697 1269 2725 et
1293 2692 1429 2725 beatum
1455 2691 1598 2735 praedi-

130 2736 259 2770 cabunt
289 2737 418 2771 multae
446 2743 583 2782 gentes.
631 2738 728 2773 disce
764 2750 854 2783 quae
886 2749 971 2783 prae
1002 2738 1160 2772 omnibus
1193 2737 1283 2771 scitu
1309 2748 1396 2781 opus
1421 2743 1521 2779 sunt,
1563 2742 1599 2771 et

128 2781 320 2825 prudenter
353 2783 492 2828 imperii
524 2783 759 2828 gubernacula
789 2784 921 2829 accipe.
969 2784 1013 2818 de
1046 2783 1289 2829 praesentibus
1321 2789 1434 2816 tecum
1466 2782 1595 2827 cogita,

128 2827 247 2862 futura
269 2827 406 2872 edisce,
433 2833 474 2863 ut
496 2840 565 2866 una
586 2841 663 2865 cum
686 2836 783 2865 recto
805 2829 950 2864 consilio
973 2829 1224 2875 experientiam
1247 2829 1391 2873 colligas
1404 2854 1414 2873 ,
1439 2833 1474 2863 et
1494 2840 1597 2873 prue-

187 2878 305 2913 Const.
337 2880 466 2925 Porph.
1292 2879 1316 2918 5
