1780 3132
367 147 422 186 ιΝ
461 144 826 186 SYNECDEMUM
873 142 1312 185 COMMENTAmUs.
1451 131 1546 182 459

115 259 268 305 Britan.
302 263 396 300 tom.
417 263 444 299 2
471 273 510 313 p.
525 262 620 300 249.
677 258 908 299 narduinus
936 270 1094 298 numum
1124 256 1226 297 vidit
1243 252 1457 307 Βαγηνῶν,
1487 255 1550 296 cui

113 315 257 357 aderat
293 309 455 365 Ἓομος.
535 315 640 354 unde
690 314 797 354 haud
848 314 1013 354 multum
1063 312 1158 354 inde
1206 311 1389 352 dissitam
1427 311 1550 351 fuisse

115 370 303 421 colligas.

220 426 315 473 394,
338 426 406 464 21.
464 419 656 474 Κήρασε]
683 424 789 464 forte
818 419 1006 474 Κεράση.
1062 404 1315 462 Menecrates
1342 418 1554 471 Κερασαῖν

113 483 155 520 et
183 479 416 528 Κερασσῶν
443 478 550 518 inter
567 479 703 528 Lydos
715 478 960 520 Chalcedon.
991 490 1101 518 conc.
1133 491 1173 530 p.
1189 479 1271 517 526
1299 480 1421 542 atque
1449 475 1548 516 alibi

117 534 346 579 subscribit,
376 537 417 572 et
428 533 605 574 Nicaeno
633 534 808 575 secundo
837 546 878 586 Ρ.
899 535 983 574 353
1010 532 1187 574 michael
1209 528 1450 583 Κερασέων.
1478 543 1553 571 nec

114 590 237 631 aliter
265 590 356 629 Not.
386 589 467 628 lac.
497 588 611 628 Goar
642 602 680 641 p.
698 592 793 629 384.

224 652 334 695 lbid.
363 657 429 694 22.
487 649 828 704 Μεσοτυμελλος]
873 652 1174 702 ΠΙεσοτᾲιωλος
1203 665 1255 693 ex
1278 653 1371 693 lure
1396 651 1554 692 Graeco

114 710 296 751 Romano
310 707 544 749 Leuuclavii
562 722 599 760 p.
619 713 671 749 91
690 708 951 761 praestiterit
1008 708 1101 748 hinc
1113 708 1424 748 Mesotimolitae
1443 705 1553 759 apud

116 759 288 810 Plinium
315 766 344 804 5
369 768 436 814 29,
466 775 518 805 ex
543 763 740 804 Harduini
766 763 1056 815 emendatione,
1083 774 1199 816 quem
1228 763 1333 803 vide

222 828 330 872 [bid.
383 824 674 880 Ἀπολλιόνης]
704 826 962 875 ’Ληολλωιις
990 834 1051 869 est
1066 830 1283 870 Strabonis
1315 832 1369 870 13
1398 842 1438 881 Ρ.
1457 829 1553 876 625,

115 885 355 938 Pergamum
398 884 506 925 inter
545 889 586 924 et
614 884 793 934 Sardes,
831 885 1030 938 utrimque
1057 888 1139 925 300
1176 884 1319 926 stadiis
1347 888 1553 936 separata.

117 939 313 990 Cyriacus
343 940 553 992 episcopus
568 939 852 992 Apolloniadis
880 940 1097 989 synodicae
1127 940 1331 989 Lydorum
1360 939 1557 992 epistolae

118 1007 262 1035 nomen
291 994 518 1047 adscripsit.
548 1007 688 1034 numos
709 994 1082 1046 Apollonidensium
1110 992 1455 1039 Ἀπολλωνιδέων
1485 992 1558 1034 ha-

117 1050 218 1103 bent
243 1050 491 1091 Vaillantius
534 1054 575 1090 et
603 1049 845 1090 narduinus.
915 1050 1007 1090 vide
1048 1050 1125 1090 Tb.
1155 1051 1278 1091 Laur.
1308 1048 1558 1090 Gronovium

113 1104 157 1146 in
183 1104 278 1146 Bas.
308 1105 490 1146 Marmor
517 1117 550 1146 c.
568 1108 634 1146 29.

221 1169 336 1212 Ibid.
386 1167 749 1220 Ἱεροκαστέλλεια]
783 1169 869 1210 sine
900 1169 1022 1212 dubio
1053 1166 1378 1219 Ἱεροκαισοέρεια
1406 1173 1559 1210 rectum

114 1228 189 1275 est,
221 1225 331 1266 cuius
373 1225 582 1277 episcopus
612 1221 962 1275 Ἱεροκαισαρειάς
1002 1225 1194 1265 Cossinus
1238 1224 1482 1265 Chalcedon.
1510 1237 1551 1277 p.

112 1282 197 1320 665
223 1280 434 1321 scribendo
467 1279 608 1320 adfuit.
649 1278 756 1319 haud
784 1280 907 1331 longe
941 1280 1145 1332 Hypaepis
1175 1280 1367 1330 distabat,
1395 1280 1555 1321 famosa

116 1335 226 1374 cultu
252 1335 409 1378 Dianae
433 1335 633 1384 Persicae,
664 1346 743 1386 qua
773 1335 823 1373 de
851 1335 982 1375 Tacit.
1016 1335 1119 1375 Aun.
1152 1338 1180 1375 3
1209 1339 1285 1383 63,
1314 1347 1340 1374 a
1369 1335 1557 1384 Persicis,

115 1388 213 1430 inibi
245 1389 510 1431 incolentibus
541 1389 647 1442 apud
667 1389 907 1429 Pausaniam
936 1393 964 1429 5
981 1394 1048 1442 27,
1082 1395 1126 1430 ut
1149 1390 1228 1430 viri
1255 1390 1363 1430 docti
1391 1401 1558 1430 monue-

114 1449 222 1495 runt,
253 1445 395 1486 dictae.
464 1457 566 1498 quae
595 1457 682 1484 cum
709 1456 790 1483 non
818 1444 1029 1497 ignoraret
1073 1444 1558 1494 10.Harduinus‚ausus

114 1503 250 1540 tamen
275 1505 337 1541 est
363 1502 537 1541 iteratae
555 1499 676 1540 Plinii
694 1499 859 1539 editioni
887 1499 1120 1540 adscribere
1143 1503 1192 1552 (5
1205 1500 1278 1551 29)
1309 1500 1443 1541 nullos
1474 1499 1559 1539 illic

115 1554 300 1595 Persicos
336 1557 564 1608 nullamque
613 1554 783 1594 Dianam
837 1555 1038 1594 Persicam
1091 1553 1562 1596 fuisse211EP01KH

114 1609 250 1650 notari
278 1609 546 1649 ΠΕΡτίνακα
577 1604 790 1659 Σεβαστὸν
813 1603 954 1659 Ἱεοεῖς
983 1610 1268 1660 Καθιέοωσαν
1291 1606 1558 1660 *Ηῡακλέουςχ

116 1661 390 1706 Pertinacem
419 1662 654 1718 Auyustum
683 1664 940 1705 sacerdotes
980 1668 1296 1706 consecrarunt
1331 1662 1557 1705 Herculis.

117 1730 169 1759 en
199 1730 271 1759 cor
298 1719 510 1770 Zenodoti,
539 1732 589 1759 en
620 1719 732 1759 iecur
760 1718 950 1760 Cratetis.

231 1771 340 1814 Ibid.
399 1751 623 1824 Mvotry'my]
655 1770 872 1836 ΠΙοστήνη,
901 1778 944 1814 ut
975 1786 1116 1814 numus
1143 1770 1384 1823 Mootqvcsv
1399 1769 1561 1810 Λυδῶν

118 1828 328 1880 perspicue
359 1829 486 1869 docet.
521 1829 700 1868 lulianus
734 1823 891 1873 πόλεως
922 1824 1182 1879 Μουστήνης
1214 1832 1278 1867 est
1317 1826 1359 1866 in
1388 1827 1559 1866 Chalce-

115 1881 211 1923 don.
236 1896 276 1936 p.
292 1886 386 1923 240.
444 1884 536 1923 vide
565 1885 611 1924 L.
645 1883 801 1923 Theod·
831 1883 1079 1923 Gronovium
1106 1883 1148 1924 in
1173 1882 1490 1924 Bas.Marmo1-.
1522 1894 1557 1922 c.

115 1939 183 1976 31.
241 1942 415 1978 ceterum
440 1950 542 1991 quae
570 1939 710 1978 ultimo
739 1939 828 1977 loco
857 1939 1009 1991 legitur
1037 1937 1245 1986 Μοστίνα,
1273 1941 1439 1977 nostrae
1465 1948 1557 1976 cor-

114 1992 241 2032 rectio
268 1997 389 2046 atque
425 2005 478 2034 ex
514 1993 699 2047 margine
739 1993 782 2033 in
813 1995 1046 2046 catalogum
1080 1993 1355 2045 imprudenter
1392 1995 1558 2044 recepta
1634 1983 1637 1987 ⁴

115 2051 189 2099 est,
217 2052 261 2087 ut
289 2048 361 2088 Cb.
392 2048 594 2089 Cellarius
626 2049 675 2088 G.
706 2047 754 2088 Α.
786 2051 814 2088 3
843 2051 870 2088 4
908 2062 946 2101 Ρ.
967 2053 1044 2089 131
1075 2047 1373 2088 animadvertit.

225 2112 334 2155 Ibid.
392 2113 629 2161 Συπαλέων]
672 2114 804 2154 scribe
835 2109 1016 2164 Σάταλα,
1053 2127 1128 2167 pro
1157 2126 1235 2167 quo
1264 2125 1392 2178 prave
1421 2112 1557 2152 Ptole-

115 2179 253 2208 maeus
279 2165 468 2208 Σάτταλα
507 2174 548 2209 et
585 2171 750 2210 Nonnus
787 2170 953 2218 Diony.s
994 2173 1047 2209 13
1088 2172 1170 2209 474
1208 2165 1416 2206 §coemam
1472 2168 1559 2207 An-

116 2223 238 2262 dreas
263 2222 462 2262 Σάταλων
489 2223 657 2269 Λυδίας
691 2225 877 2264 interfuit
909 2224 1152 2269 chalcedon.
1170 2237 1222 2288 p.
1237 2228 1305 2274 97,
1334 2223 1560 2275 vitioseque

114 2289 154 2329 Ρ.
173 2279 256 2317 574
283 2274 485 2329 Σαγάρων
512 2278 679 2324 Λυδίας
704 2284 744 2319 et
764 2293 802 2332 p.
819 2281 903 2319 665
930 2279 1151 2324 ἐπίσκοπος
1170 2255 1371 2328 Ἀγαλαῖν
1397 2279 1559 2319 dicitur.

227 2341 435 2384 1ῠὶά.23.
490 2343 512 2382 1
515 2341 666 2395 όρδος]
696 2341 852 2392 Γόοὸος
871 2343 942 2395 τῆς
959 2343 1129 2390 Λυδίας
1141 2344 1362 2385 Socratifl.
1376 2344 1424 2385 Ε.
1440 2348 1467 2384 7
1493 2347 1562 2395 36,

118 2396 231 2437 cuius
260 2399 469 2451 episcopus
497 2399 722 2452 Gregorius
739 2399 779 2438 Γ
779 2397 1091 2449 oodovNicae-no
1119 2399 1295 2440 seeundo
1326 2413 1364 2452 p.
1379 2403 1464 2440 353
1488 2413 1562 2439 no-

121 2463 213 2491 men
239 2453 467 2506 adscripsit
527 2453 702 2494 Carolus
733 2468 759 2495 a
787 2455 831 2495 S.
863 2455 1007 2495 Paullo
1034 2455 1202 2495 eandem
1231 2467 1322 2494 esse
1350 2459 1488 2495 censet
1513 2467 1562 2494 ac

118 2506 346 2559 Iuliopolin‚
373 2521 476 2561 quae
501 2513 596 2548 ante
611 2509 752 2549 Gordu
771 2510 904 2560 Come,
933 2510 1037 2562 apud
1059 2510 1303 2550 Strabonem
1332 2514 1386 2550 12
1413 2523 1452 2563 Ρ.
1468 2511 1564 2558 574,

118 2561 191 2601 sed
220 2574 386 2603 errans·
425 2563 538 2604 illam
575 2563 618 2604 in
649 2565 818 2605 Galatia
852 2564 983 2617 prima
1020 2564 1262 2613 videbimus;
1308 2565 1409 2605 haec
1440 2565 1562 2604 lulia-

120 2616 275 2667 gordus
302 2618 533 2658 Ptolemaeo
563 2622 604 2658 et
629 2619 783 2668 numis,
823 2620 1042 2660 cuiusmodi
1074 2620 1197 2661 Thes.
1221 2596 1378 2660 B⁷ritan.
1409 2623 1503 2659 tom.
1534 2622 1562 2657 2

118 2683 160 2723 Ρ.
176 2675 270 2724 116,
298 2684 379 2714 una
419 2678 536 2726 parte
582 2675 760 2717 turribus
798 2679 984 2717 ornatum
1028 2678 1219 2729 caputet
1248 2675 1358 2716 circa
1387 2673 1560 2715 ’levita
