1780 3132
356 146 409 185 ιΝ
448 144 814 186 SYNECDEMUM
854 141 1295 184 COMMENTARlUS.
1425 131 1522 180 441

101 255 183 297 νῶν
209 253 366 302 πόλεως
394 270 502 299 conc.
537 257 840 309 Constantinop.
873 260 966 297 tert.
994 269 1032 308 p.
1060 258 1164 305 5003
1193 254 1296 308 quod
1328 253 1529 306 posterius

99 323 221 365 saepe
253 311 294 351 in
334 313 463 352 numis
507 314 611 365 apud
654 312 898 352 Harduinum
942 310 1201 351 Vaillantium
1243 314 1283 348 et
1321 309 1530 358 llaymium

100 366 354 419 conspicitur.
411 368 596 420 oppidum
627 368 770 408 Tmolo
797 367 1031 407 accubabat.
1089 364 1528 415 OvidiusMetamorph.

103 426 154 463 11
186 424 287 462 150:
315 434 407 461 nam
452 424 558 463 freta
586 422 833 474 prospiciens
874 423 956 461 late
978 421 1087 473 riget
1114 420 1263 461 arduus
1295 420 1379 459 alto
1408 419 1530 458 Tmo-

100 477 165 517 lus
192 476 234 516 in
261 476 481 525 adscensu;
522 477 705 529 clivoque
748 481 932 517 extentus
971 481 1141 528 utroque
1180 474 1378 515 Sardibus
1415 473 1529 523 hinc,

98 530 213 574 illinc
242 530 382 583 parvis
410 531 546 571 finitur
573 532 788 585 Hypaepis.

205 600 300 647 393,
327 598 393 637 24.
449 593 752 647 Ἀδριούπολις]
779 609 916 637 verum
949 608 1036 636 esse
1067 590 1407 645 Ἀρκαδιούπολις
1435 594 1531 634 Alc-

101 651 261 692 xander
296 645 681 700 Ἀρκαδιουπόλεως
709 651 782 702 τῆς
819 650 958 697 Ἀσίας
986 650 1128 691 concil.
1159 650 1306 702 Ephes.
1334 661 1372 700 p.
1383 652 1464 689 463
1489 654 1531 689 et

99 708 183 747 528
209 705 424 746 testabitur
441 737 452 756 ,
491 706 558 758 qui
598 706 633 746 si
668 719 810 747 nomen
831 739 840 756 ‚
882 718 960 760 quo
1001 706 1096 746 urbs
1133 709 1254 745 antea
1280 706 1413 745 fuerat
1442 717 1530 753 usa,

100 760 367 856 adposuisset,
391 760 476 802 eius
490 761 625 801 sedem
645 773 762 814 quam
778 763 933 803 frustra
954 761 1211 813 vestigamus,
1238 760 1379 801 eadem
1404 772 1530 812 opera

98 814 140 857 in
170 815 329 856 ‘casset-

208 879 319 922 Ibid.
346 881 413 921 25.
467 876 573 926 Διὸς
604 877 739 932 ἱεροῦ]
765 881 843 922 ἰιῃο
872 876 1007 934 ἱερὸν,
1036 881 1172 922 Ioniae
1200 881 1398 921 Lebedum
1424 880 1530 920 inter

99 938 143 976 et
176 934 448 988 Colophonem
486 936 592 988 apud
620 936 869 989 Stephanum
902 937 1113 990 oppidum:
1142 948 1282 976 numos
1310 933 1530 975 AIOCIE-

99 987 294 1031 ΡΙΤΩΝ
316 991 439 1032 habet
465 991 705 1043 narduinus,
736 993 802 1045 qui
834 1004 885 1033 ex
923 992 1089 1032 concilio
1117 990 1421 1042 Constantinop.
1447 995 1530 1029 ter-

98 1045 162 1090 tio,
193 1058 232 1098 p.
274 1047 358 1087 500
396 1045 458 1087 ed.
505 1046 659 1087 Labbei
698 1043 1006 1098 Χριστούπολιν
1049 1047 1234 1098 deinceps
1284 1045 1408 1086 fuisse
1447 1057 1529 1085 non

98 1099 320 1154 praeteriit.

209 1174 320 1218 Ibid.
376 1170 539 1228 Εὕαζα]
566 1177 776 1218 Liberatus
814 1177 1014 1218 Diaconus
1035 1177 1221 1218 Breviar.
1250 1189 1284 1216 c.
1316 1179 1394 1216 13:
1419 1186 1529 1215 nono

101 1243 266 1285 quoque
295 1230 553 1272 secretam
579 1236 683 1273 acta
708 1235 778 1272 est
807 1235 937 1284 actio,
982 1231 1052 1273 ubi
1084 1230 1341 1282 Bassianus,
1370 1232 1442 1285 qui
1473 1229 1531 1270 ad

99 1288 319 1328 civitatem
347 1284 634 1327 Euazensium
674 1289 907 1340 episcopus
937 1287 1162 1328 ordinatus
1188 1291 1278 1337 est,
1316 1289 1360 1326 et
1387 1284 1531 1325 eccle-

99 1343 196 1382 siae
218 1339 472 1382 incubuerat
486 1339 745 1394 Ephe-sinae.
778 1355 897 1395 quam
926 1343 1129 1382 civitatem
1157 1355 1228 1382 cur
1255 1342 1296 1382 in
1314 1341 1530 1381 habbeaua

97 1396 273 1437 editione
305 1396 499 1437 asterisco
541 1397 746 1448 notarint,
791 1410 974 1437 caussam
1014 1410 1095 1437 non
1124 1398 1266 1438 video:
1294 1397 1395 1437 bene
1425 1396 1529 1435 enim

97 1451 231 1493 omnia
260 1452 421 1492 habent.
491 1451 624 1492 fuerat
661 1451 879 1492 Bassianus
923 1452 1071 1492 invitus
1109 1446 1285 1500 Εὗάζων
1323 1450 1476 1491 civitati
1504 1463 1530 1490 a

97 1506 309 1547 Memnone
323 1506 498 1559 Ephesio
522 1506 732 1559 episcopus
761 1507 993 1558 impositus:
1019 1508 1230 1547 Memnone
1258 1511 1298 1546 et
1328 1506 1412 1546 eius
1440 1517 1531 1544 suc-

96 1573 258 1602 cessore
296 1561 447 1602 Basilio
489 1562 576 1602 fato
618 1562 764 1602 functis
807 1563 910 1602 idem
948 1562 1108 1614 Epheso
1154 1566 1216 1601 est
1254 1560 1530 1614 praeposit-um

98 1627 202 1670 quae
234 1617 366 1657 omnia
409 1616 538 1656 fusius
580 1617 738 1656 concilii
766 1616 1009 1657 Chalcedon.
1041 1618 1145 1657 Acta
1171 1621 1266 1657 tom.
1293 1621 1322 1656 9·
1344 1630 1382 1668 p.
1416 1619 1455 1654 7.
1484 1615 1530 1654 L.

98 1670 345 1711 llolsteinius
372 1671 427 1711 in‘
444 1671 541 1711 Car.
573 1684 599 1711 a
628 1671 673 1712 S.
700 1672 842 1712 Paullo
873 1672 1024 1724 Geogr.
1054 1672 1099 1712 S.
1130 1672 1208 1712 huc
1238 1673 1366 1711 refert
1392 1669 1533 1710 Basilii

99 1724 213 1778 epist.
240 1729 314 1765 251
350 1737 443 1765 nov.
475 1725 591 1776 edit.,
631 1729 714 1771 τοῖς
754 1723 1006 1777 Εύαισηνοῖς
1036 1727 1283 1779 inscriptam,
1313 1729 1530 1776 auctorque

99 1783 163 1819 est
189 1784 234 1819 ut
261 1777 492 1830 Εὕαζηνοῖς
520 1781 695 1832 legatur.
769 1780 878 1831 mihi,
906 1793 1005 1829 pace
1034 1782 1122 1821 eius
1149 1781 1331 1829 dixerim,
1361 1780 1444 1819 alia
1471 1783 1532 1819 est

99 1835 309 1875 sententia.
365 1834 406 1874 in
437 1834 576 1874 Basilii
606 1835 720 1887 epist.
750 1838 832 1875 278
876 1830 1037 1885 Εὕησος
1067 1837 1221 1876 Euesus
1248 1834 1532 1887 Cappadociae

98 1889 298 1930 montibus
323 1890 519 1941 proxima,
550 1893 594 1929 ut
623 1902 675 1930 ex
703 1889 808 1929 serie
828 1889 1023 1941 epistolae
1041 1903 1277 1943 cognoscaS,
1303 1889 1530 1937 invenitur;

98 1944 215 1984 huius
255 1944 399 1984 ineolis
438 1945 599 1984 missam
641 1957 728 1984 eam
770 1945 980 1996 epistolam
1007 1946 1208 1996 arbitror,
1238 1949 1532 1998 proptereaque

98 1992 340 2050 Εὖησηνοῖς,
369 1999 584 2052 praecipue
626 1999 730 2053 quod
766 2000 992 2051 posteriore
1018 2000 1059 2040 in
1087 2002 1260 2054 epistola
1285 2012 1406 2040 manu
1434 2011 1532 2039 exa-

100 2052 184 2093 rati
215 2054 385 2103 codices,
415 2060 495 2094 non
525 2054 620 2094 item
666 2054 816 2106 priore,
844 2055 887 2095 in
916 2056 1102 2097 vocabuli
1131 2056 1333 2108 scriptura
1358 2066 1532 2095 consen-

99 2108 178 2148 tire
205 2109 430 2159 videantur,
458 2113 667 2162 praeopto.

207 2172 318 2215 Ibid.
375 2172 566 2228 Κολοσή]
595 2188 715 2215 manu
748 2175 908 2215 exarati
937 2176 1094 2216 codices
1124 2173 1336 2220 Κολοασίς
1367 2175 1531 2227 praefe-

99 2232 217 2268 runt:
246 2241 324 2282 ego
358 2233 539 2269 neutrum
567 2230 808 2282 probavero,
837 2231 996 2271 tametsi
1025 2244 1101 2284 quo
1130 2243 1228 2271 vero
1258 2229 1418 2270 nomine
1445 2231 1531 2268 fue-

99 2282 156 2323 rit
184 2294 260 2335 pro
288 2288 491 2335 comperto
521 2285 696 2325 nondum
723 2286 904 2326 habeam.
960 2287 1005 2326 in
1034 2286 1138 2327 binis
1164 2287 1244 2326 lac.
1276 2285 1389 2325 Goar
1414 2284 1531 2324 Noti-

100 2337 169 2377 tiis
195 2338 301 2378 inter
327 2338 451 2379 Asiae
478 2340 685 2391 praesules
714 2344 776 2380 est
804 2337 824 2378 ὃ
856 2335 1043 2392 Καλόης,
1074 2341 1365 2393 subscribitque
1388 2339 1533 2380 Nicae-

100 2404 154 2431 no
182 2393 357 2433 secundo
388 2395 557 2434 concilio
584 2408 625 2447 p.
658 2397 735 2446 50,
766 2398 848 2435 350
873 2400 993 2447 atque
1021 2396 1120 2436 alibi
1148 2395 1415 2448 Theophanes
1444 2391 1532 2432 ἐπί-

99 2459 249 2509 σκοπρς
277 2445 445 2498 Καλὸης
484 2454 524 2489 et
551 2463 589 2502 p.
623 2453 704 2490 153
745 2450 931 2490 mendose
958 2446 1144 2502 Κάλπης.
1212 2451 1369 2490 diceres
1395 2450 1533 2501 itaque

101 2499 254 2552 Καλοη
282 2502 427 2543 iustum
460 2516 548 2543 esse
576 2505 686 2544 urbis
718 2505 901 2554 titulum,
930 2505 1008 2545 nisi
1036 2506 1254 2558 AphobiuS‚
1281 2505 1348 2558 qui
1377 2503 1532 2553 synodo

101 2555 330 2616 Ephesinae
360 2558 500 2607 adfuit,
529 2560 762 2608 contrairet,
803 2564 841 2599 et
869 2572 913 2599 se
938 2560 1131 2606 Κολῶιιος
1158 2575 1196 2614 Ρ.
1219 2563 1299 2600 465
1324 2560 1410 2600 sive
1442 2559 1533 2596 Κο-

100 2609 233 2661 λωνης
261 2625 300 2663 Ρ.
319 2614 402 2652 528
440 2617 536 2663 aut,
563 2615 668 2667 quod
696 2627 778 2654 mss
806 2615 926 2663 dant,
959 2613 1122 2666 Κολόης
1151 2616 1378 2669 episcopum
1406 2614 1532 2654 fuisse

102 2668 344 2717 testaretur;
361 2667 424 2709 cui
441 2668 580 2710 ultimo
601 2672 737 2710 cetera
748 2673 1039 2723 postponerem,
1057 2670 1196 2726 illique
1211 2683 1355 2713 nomen
1373 2668 1532 2710 venisse
