1708 3146
230 650 553 704 VULCANII
586 649 962 701 DEDICATIO
997 651 1180 703 LIBRI
1213 652 1407 704 PRIMI

530 743 622 792 DE
659 743 1112 792 THEMATIBUS.

347 855 679 893 NOBILISSIMIS
702 856 1118 899 AMPLISSIMISQUE
1142 856 1287 903 VIRIS,

91 920 212 965 lANO
240 922 444 969 DOUSAE
463 926 499 968 A
519 925 1061 1025 NOORAPIYXIPIJQQXLO
1084 925 1244 977 BUSIO,
1274 924 1550 969 ABRAHAMO

423 1059 710 1090 CURATORIBUS
732 1059 968 1088 ACADEMIAE
985 1057 1214 1088 LEYDENSIS

758 1128 791 1153 S·
838 1128 877 1152 1>-

83 1198 264 1271 Immanis
283 1230 447 1284 profecto
466 1238 662 1286 tempestas
680 1231 816 1272 bellica
834 1229 1026 1285 Belgicam
1046 1236 1206 1271 nostram
1225 1237 1321 1272 totos
1342 1231 1414 1272 iam
1433 1238 1549 1272 annos

86 1297 214 1353 viginti
233 1301 410 1342 concussit
431 1301 576 1343 iactavit
595 1302 790 1352 laceravit,
814 1301 1044 1342 Nobilissimi
1064 1300 1349 1356 amplissimique
1366 1302 1456 1350 viri;
1483 1316 1545 1343 nc-

81 1382 153 1423 que
171 1367 290 1409 adhuc
312 1369 463 1412 faustum
485 1371 632 1427 aliquod
657 1373 755 1414 sidus
778 1371 933 1421 affulsit,
964 1371 1061 1425 quod
1093 1371 1200 1413 nobis
1230 1379 1368 1413 terram
1398 1372 1549 1414 videndi

81 1439 227 1481 tandem
256 1455 360 1495 spem
390 1442 523 1484 saciat:
565 1442 674 1484 finem
704 1445 800 1485 enim
830 1442 996 1484 laborum
1026 1450 1206 1484 tantorum
1234 1450 1400 1497 optamus
1427 1443 1547 1497 potius

81 1509 206 1551 miseri
234 1524 340 1566 quam
369 1527 568 1568 speramus.
627 1529 675 1556 ex
706 1514 871 1556 omnibus
898 1528 990 1555 vero
1012 1514 1117 1555 malis
1142 1528 1236 1570 quae
1255 1513 1469 1554 catervatim
1488 1528 1546 1554 se·

79 1595 160 1623 cum
185 1581 295 1623 traxit
319 1581 456 1626 bellum
482 1584 556 1626 hoc
583 1599 676 1628 vere
703 1593 833 1635 atrox,
864 1585 911 1626 ad
931 1598 1080 1639 quorum
1100 1584 1396 1626 recordationem
1414 1585 1548 1625 merito

79 1651 311 1694 exhorrescit
339 1656 499 1706 animus,
528 1657 785 1713 gravissimum
804 1655 1068 1711 propemodum
1089 1669 1242 1696 censere
1262 1655 1367 1696 soleo
1390 1655 1546 1710 dissipa-

75 1723 212 1765 tionem
229 1722 555 1775 bibliothecarum,
579 1742 727 1783 quarum
747 1727 946 1783 splendore
966 1741 1010 1767 ac
1028 1725 1251 1767 multitudine
1270 1725 1440 1780 Belgium
1459 1724 1547 1766 nulli

77 1793 346 1849 provinciarum
364 1797 473 1838 totius
492 1796 594 1839 orbis
613 1806 697 1840 ante
716 1797 785 1839 hos
804 1796 970 1839 tumultus
990 1796 1157 1839 cedebat.
1217 1796 1305 1853 quid
1331 1796 1426 1836 enim
1447 1795 1547 1836 aliud

77 1879 126 1906 ex
143 1864 449 1907 bibliothecarum
470 1867 615 1909 interitu
634 1883 740 1923 quam
754 1867 950 1910 barbaries
970 1875 1007 1909 et
1028 1868 1248 1923 ignorantia,
1274 1881 1321 1907 ex
1337 1865 1547 1920 ignorantia

75 1934 240 1977 confusio
261 1936 418 1977 omnium
436 1952 578 1987 rerum,
610 1953 657 1980 ex
681 1938 893 1980 confusione
914 1940 1171 1991 πανωλεθρία
1191 1944 1247 1977 est
1268 1935 1544 1991 exspectanda?

72 2007 274 2063 prudenter
293 2007 406 2063 igitur
424 2007 637 2064 munerique
657 2008 792 2050 Vestro
814 2008 1073 2049 convenienter
1095 2006 1224 2056 facitis,
1251 2015 1452 2055 curatores,
1481 2007 1543 2062 qui

71 2079 256 2135 flagrante
286 2077 405 2119 adhuc
433 2077 534 2120 bello
565 2078 884 2134 saevientibusque
915 2077 1120 2120 tumultibus
1151 2077 1329 2133 publicis,
1372 2077 1542 2133 quicquid

71 2148 190 2192 Vobis
216 2149 273 2190 rei
301 2147 472 2204 publicae
499 2148 643 2198 clavus,
673 2150 720 2190 ad
739 2165 845 2205 quem
869 2156 1077 2190 constanter
1096 2147 1313 2204 fortiterque
1335 2149 1540 2198 excubatis,

71 2219 137 2261 otii
155 2219 346 2276 relinquit,
377 2217 415 2259 id
435 2232 542 2259 omne
563 2220 774 2262 academiae
794 2219 1069 2275 promovendae
1091 2227 1127 2260 et
1145 2219 1399 2261 bibliothecae
1421 2218 1539 2275 publi-

70 2303 139 2330 cae
158 2289 194 2330 in
212 2304 258 2331 ea
278 2288 533 2332 instaurandae
558 2288 784 2345 impenditiS,
817 2298 853 2332 et
882 2290 1026 2330 laceras
1047 2303 1095 2330 ex
1113 2290 1343 2344 superiorum
1365 2304 1540 2330 annorum

69 2358 272 2414 naufragiis
290 2359 442 2408 tabulas,
474 2359 582 2415 inque
602 2369 786 2403 extremos
806 2375 924 2417 prope
945 2358 1046 2400 orbis
1068 2359 1223 2415 angulos
1243 2361 1393 2410 eiectas,
1422 2360 1538 2401 maxi·-

68 2429 137 2470 mis
155 2429 299 2471 Vestris
318 2431 516 2487 sumptibus
535 2431 767 2487 conquiritiS,
798 2430 971 2472 collectas
995 2429 1199 2486 publicatis
1260 2429 1307 2471 de
1327 2430 1424 2471 libro
1446 2431 1538 2472 anti‘-

68 2514 219 2555 quarum
237 2514 307 2554 per
325 2502 530 2543 universam
547 2503 735 2558 Europam
756 2501 1027 2556 inscriptionum
1046 2500 1190 2555 loquor,
1222 2514 1329 2555 quem
1349 2501 1427 2543 Vos
1448 2514 1538 2543 aere

67 2569 202 2612 Vestro
222 2569 258 2611 in
279 2586 378 2612 usum
395 2572 577 2628 publicum
600 2572 778 2614 edendum
799 2572 962 2614 curastis.
1022 2571 1195 2611 eximium
1226 2578 1329 2612 certe
1358 2586 1468 2626 opus,
1503 2571 1537 2611 si

67 2640 166 2696 quod
193 2655 347 2697 unquam
367 2657 389 2684 e
409 2643 689 2701 typographicis
707 2641 847 2698 praelis
866 2642 1025 2697 prodiit3
1068 2641 1167 2682 cuius
1187 2640 1283 2682 sama
1304 2642 1434 2683 dudum
1452 2648 1538 2682 ante

67 2710 266 2753 editionem
297 2719 408 2754 totum
439 2713 567 2755 orbem
596 2720 802 2770 pervagata
835 2712 1043 2754 incredibili
1070 2727 1151 2753 eum
1177 2713 1231 2753 sui
1260 2711 1536 2767 exspectatione

1 2801 4 2802 ⁷
67 2790 229 2824 erectum
262 2784 399 2834 tenuit,
446 2784 583 2839 quippe
618 2785 678 2841 qui
711 2798 804 2825 nunc
837 2784 1004 2833 tandem,
1043 2791 1152 2825 exuto
1179 2783 1304 2832 senio,
1346 2781 1535 2838 pristinum
