1780 3132
224 159 279 198 ΙΝ
316 152 672 198 CONSTANTlNl
712 151 908 194 PORPH.
933 151 1032 191 LlB.
1059 149 1130 190 DE
1156 146 1286 189 ΑΒΜ.
1306 147 1412 186 lMP.
1449 131 1543 178 365

106 272 329 312 Russorum
367 269 419 310 ad
457 269 574 309 fidem
610 266 762 309 Christi
788 264 1063 307 conversione.
1129 267 1170 303 et
1195 261 1324 315 primo
1355 258 1459 312 quod
1489 258 1546 298 ait

107 327 173 367 hic
201 327 377 378 scriptor
416 324 670 374 monimus,
714 324 866 363 Russos
908 319 1143 362 adhaesisse
1173 318 1270 358 ritui
1297 317 1546 356 Graecorum

107 385 327 434 propterea
357 380 462 432 quod
493 379 622 432 legati
649 380 817 420 Romam
859 381 898 416 et
930 375 1089 428 Cpolim
1115 373 1226 415 missi
1257 372 1307 412 ad
1338 376 1548 422 utrumque

106 437 229 476 ritum
253 435 602 487 contemplandum
646 435 767 474 ritum
808 432 1008 472 Graecum
1047 432 1229 471 Romano
1256 426 1547 480 praetulerunt,

108 492 250 531 eadem
281 492 407 530 ferme
436 494 658 530 narrantur
687 502 712 529 a
734 487 997 540 scriptoribus
1023 486 1074 525 de
1103 483 1366 525 conversione
1382 480 1547 543 Wlodo-

107 546 199 586 miri
221 546 440 585 Russorum
472 544 597 594 ducis,
627 544 694 597 qui
721 543 836 583 fidem
857 541 1008 582 Christi
1037 540 1212 592 suscepit
1240 535 1548 599 imperatorlbus

107 601 261 642 Basilio
303 605 344 640 et
374 600 660 650 Constantino,
699 599 769 652 qui
805 598 932 638 eidem
971 596 1061 636 duci
1090 607 1270 635 sororem
1307 593 1464 632 Annam
1506 602 1548 630 in

107 656 401 697 matrimonium
432 655 647 696 dederunt:
677 666 768 694 nam
792 658 832 693 et
858 653 929 693 ille
946 651 1042 692 ritui
1060 651 1218 691 Graeco
1242 647 1428 689 adhaesit
1454 658 1550 698 pro-

107 716 251 764 pterea
279 711 383 764 quod
414 710 567 762 legati,
595 722 695 762 quos
737 721 787 748 ea
827 720 949 748 causa
976 706 1133 758 Cpolim
1159 706 1339 754 miserat,
1368 702 1549 743 homines

108 767 293 807 nimirum
319 765 515 806 militares
536 769 576 804 et
597 764 729 805 adhuc
758 762 1035 812 semibarbari,
1064 774 1133 801 eos
1160 760 1415 801 vehementer
1443 769 1549 820 com-

107 821 376 871 mandassent,
405 821 641 860 Latinorum
667 831 766 858 vero
795 819 898 858 ritus
929 818 995 857 vel
1025 817 1143 856 iidem
1163 817 1228 856 vel
1256 815 1414 856 farinae
1446 824 1550 851 eius-

108 877 199 916 dem
229 876 302 916 alii
329 875 459 915 nuntii
485 875 593 915 haud
623 875 723 915 satis
756 874 953 927 religiose
979 871 1125 924 peragi
1155 885 1203 912 ac
1228 871 1380 923 templa
1408 878 1550 930 parum

109 943 199 971 esse
241 935 388 971 ornata
426 930 709 978 rettulissent3
754 929 831 969 nisi
868 929 911 968 id
954 931 1096 980 postea
1132 927 1280 967 Graeci
1322 924 1549 965 schismatis

108 991 433 1039 propugnatores
454 986 731 1034 confinxerint,
760 997 846 1024 cum
868 983 1159 1024 Wlodomirum
1189 995 1238 1022 ac
1261 981 1366 1021 filios
1394 980 1550 1032 pleros-

110 1054 187 1095 que
228 1045 385 1080 constet
427 1041 651 1080 catholicae
689 1039 783 1079 fidei
822 1052 910 1079 cum
936 1038 1076 1090 primis
1114 1037 1317 1077 studiosos
1356 1034 1552 1081 extitisse,

109 1108 276 1150 quorum
304 1096 404 1146 duo,
427 1096 558 1136 David
589 1108 638 1135 ac
662 1096 869 1135 Romanus
905 1094 993 1134 sive
1020 1092 1207 1133 Borissus
1238 1105 1287 1132 ac
1313 1091 1479 1139 (nebus,
1509 1088 1551 1152 in

109 1152 300 1204 catalogo
329 1154 561 1191 sanctorum
589 1163 614 1190 a
640 1150 781 1190 Russis
819 1149 940 1190 etiam
965 1149 1173 1188 Romanae
1209 1147 1403 1187 ecclesiae
1430 1144 1552 1185 unitis

92 1210 381 1247 recensentur.
439 1207 543 1258 quod
573 1209 704 1246 autem
727 1205 786 1245 ait
814 1206 864 1244 de
885 1204 1056 1254 Cyrillo,
1085 1203 1122 1243 is
1153 1207 1215 1243 est
1243 1203 1314 1243 ille
1342 1202 1553 1255 episcopus

110 1266 152 1301 et
178 1261 388 1314 apostolus
418 1261 647 1310 Slavorum,
676 1260 719 1302 S.
735 1259 930 1300 Methodii
958 1258 1152 1299 010mucii
1180 1259 1222 1298 in
1250 1257 1439 1298 Moravia
1469 1255 1552 1307 epi-

110 1317 223 1369 scopi
252 1321 293 1356 et
321 1316 541 1356 Slavorum
568 1316 663 1356 item
697 1315 872 1368 apostoli
908 1315 1063 1363 frater3
1093 1326 1258 1366 quorum
1287 1313 1445 1366 quidem
1471 1322 1553 1350 me-

109 1373 240 1412 moria
264 1371 410 1411 colitur
437 1372 503 1412 die
530 1375 558 1412 9
585 1370 735 1411 Martii.
810 1370 854 1411 S.
888 1369 1067 1420 cyrillus
1111 1381 1210 1409 vero
1237 1366 1553 1409 Thessalonicae

110 1431 230 1468 natus
257 1430 319 1466 est
346 1431 386 1466 et
412 1427 523 1479 prius
552 1426 682 1466 dictus
715 1426 792 1466 fuit
811 1425 1114 1475 Constantinus,
1143 1425 1210 1478 qui
1235 1428 1404 1477 propter
1429 1423 1554 1463 mira-

111 1483 192 1522 bile
221 1482 306 1522 eius
335 1481 539 1535 ingenium
579 1481 708 1521 dictus
749 1481 825 1521 fuit
850 1479 1137 1534 philosophus3
1179 1480 1428 1533 postmodum
1457 1490 1554 1517 vero

110 1537 161 1577 de
187 1549 385 1577 consensu
424 1536 623 1590 pontificis
661 1536 840 1586 Cyrillus
885 1540 1135 1588 nuncupatus
1170 1535 1266 1586 fuit,
1294 1540 1338 1575 ut
1363 1539 1475 1588 patet
1503 1546 1555 1574 ex

110 1593 198 1633 vita
239 1592 455 1632 eorundem
492 1591 569 1633 SS.
609 1591 756 1642 cyrilli
799 1596 839 1632 et
866 1590 1081 1642 Methodii,
1116 1603 1167 1631 ex
1208 1603 1268 1631 ms
1295 1591 1555 1632 Blaudurano

110 1648 222 1688 edita
246 1647 288 1687 in
320 1648 432 1687 Actis
461 1646 703 1688 Sanctorum
748 1647 813 1686 die
839 1651 866 1687 9
898 1646 1048 1687 Martii.
1119 1646 1259 1687 eadem
1289 1647 1488 1687 habentur
1516 1649 1557 1687 et

111 1703 154 1743 in
181 1703 265 1743 alia
293 1703 469 1743 eiusdem
509 1703 595 1742 vita
633 1702 780 1742 ibidem
821 1702 952 1753 edita,
981 1714 1137 1741 necnon
1165 1702 1206 1742 in
1239 1702 1409 1742 historia
1437 1703 1556 1755 regni

111 1758 331 1798 slavorum
359 1757 589 1810 presbyteri
617 1757 853 1797 Diocleatis.
918 1768 1133 1809 perperam
1160 1761 1291 1797 autem
1320 1758 1360 1797 in
1387 1757 1558 1798 Brevia-

112 1813 189 1862 rio,
218 1824 296 1864 quo
323 1812 444 1852 hodie
473 1812 638 1852 Bohemi
663 1812 823 1852 Moravi
855 1816 895 1851 et
920 1812 1063 1851 Poloni
1093 1817 1271 1863 utuntur,
1300 1813 1410 1852 Lect.
1440 1818 1463 1852 1
1496 1813 1558 1853 di-

111 1867 216 1907 citur
230 1866 375 1917 Cyrilli
404 1872 443 1907 et
460 1867 655 1907 Methodii
682 1872 800 1919 pater
825 1867 949 1906 fuisse
972 1865 1260 1907 Constantinus
1290 1874 1557 1921 cognomento
1619 1899 1627 1906 ,

112 1922 396 1975 philosophus:
427 1928 518 1963 erat
546 1922 692 1975 quippe
722 1923 799 1962 hoc
825 1922 952 1974 ipsius
980 1921 1126 1972 Cyrilli
1154 1935 1311 1974 nomen,
1339 1928 1384 1963 ut
1409 1936 1461 1964 ex
1491 1938 1557 1964 su-

111 1989 188 2030 pra
214 1977 332 2017 dictis
358 1982 494 2030 patet,
535 1982 576 2017 et
602 1989 655 2017 ex
693 1977 919 2017 assertione
949 1976 1158 2018 Anastasii
1187 1978 1336 2019 oculati
1368 1980 1483 2020 testis
1515 1980 1557 2020 in

111 2032 286 2085 epistola
323 2032 377 2073 ad
406 2032 597 2073 Carolum
632 2031 802 2072 Calvum
829 2032 1076 2073 Francorum
1103 2044 1243 2086 regem
1273 2046 1311 2074 a.
1338 2037 1423 2075 875
1447 2035 1558 2087 data,

112 2100 192 2141 qua
219 2087 380 2128 nuntiat
408 2101 554 2141 corpus
582 2086 626 2128 S.
659 2087 877 2128 Clementis
908 2100 1039 2140 papae
1069 2101 1095 2128 a
1129 2088 1397 2130 Constantino
1425 2090 1558 2143 philo-
1606 2107 1610 2111 ¹

111 2143 240 2195 sopho
279 2143 448 2184 Romam
487 2144 679 2192 allatum;
720 2142 833 2196 atqui
877 2148 1039 2183 constat
1068 2156 1094 2183 a
1123 2143 1279 2194 Cyrillo
1310 2144 1351 2185 id
1379 2146 1527 2186 factum
1545 2177 1556 2196 ‚

112 2197 308 2238 Methodii
334 2199 488 2248 fratre3
519 2210 686 2252 quorum
727 2199 883 2251 quidem
916 2202 1034 2251 pater
1062 2199 1139 2238 fuit
1167 2200 1251 2240 Leo
1279 2201 1485 2253 patriciuS‚
1514 2206 1559 2241 ut

112 2253 254 2293 scribit
280 2253 509 2294 Diocleates
538 2267 576 2306 p·
606 2256 688 2294 288
717 2265 769 2293 ex
797 2254 973 2294 editione
994 2255 1061 2293 Ἰο.
1091 2255 1216 2295 Lucii·
1273 2256 1343 2296 sed
1373 2268 1475 2309 quae
1503 2256 1558 2297 ibi

111 2312 247 2348 monet
273 2308 378 2348 idem
407 2309 554 2349 Lucius
584 2309 634 2348 de
648 2308 916 2349 Constantino
950 2308 1205 2362 philosopho,
1232 2308 1389 2361 Cyrillo
1419 2316 1459 2351 et
1472 2313 1559 2352 Me-

112 2363 267 2412 thodio,
294 2364 428 2404 futilia
457 2363 616 2403 omnino
647 2369 752 2404 suut.
820 2364 959 2404 eadem
992 2363 1161 2405 dicenda
1187 2371 1281 2406 sunt
1307 2366 1357 2405 de
1385 2367 1560 2420 epistola

111 2418 276 2459 loannis
287 2419 380 2458 vlu
408 2431 539 2471 papae
550 2418 824 2471 Suetoplucho
849 2418 994 2465 comiti,
1026 2420 1200 2461 eiusdem
1218 2420 1363 2471 Cyrilli
1392 2435 1559 2473 coaevo,

112 2473 280 2526 scripta,
305 2473 347 2513 in
378 2485 458 2526 qua
486 2474 545 2513 ait
571 2473 877 2514 Constantinum
907 2474 1189 2527 philosophum
1218 2477 1342 2517 fuisse
1370 2477 1558 2518 invento-

112 2540 198 2568 rem
226 2528 436 2568 literarum
457 2528 791 2568 Slavonicarum:
817 2523 1037 2568 “litteras''
1063 2531 1193 2583 inquit
1213 2528 1506 2573 “Sclavonicas
1534 2547 1560 2574 a

114 2583 381 2624 Constantino
421 2583 592 2636 quodam
632 2583 872 2636 philosopho
899 2589 1110 2637 repertaS,
1144 2586 1285 2639 quibus
1316 2588 1391 2628 deo
1419 2589 1560 2628 laudes

114 2639 276 2678 debitae
301 2643 517 2688 resonant,
547 2639 635 2678 iure
664 2639 886 2679 laudamus.
959 2640 1191 2690 Anonymus
1221 2643 1366 2696 quippe
1393 2643 1458 2683 hic
1486 2657 1558 2684 no-

115 2699 212 2746 ster,
242 2694 484 2746 Diocleates,
511 2692 615 2735 Acta
642 2693 686 2736 S.
717 2693 863 2743 Cyrilli
889 2707 938 2736 ac
962 2696 1109 2749 reliqui
1138 2698 1360 2751 scriptores
1389 2698 1558 2751 cyrino,
