1780 3132
224 138 278 179 ΙΝ
303 135 658 179 CONSTANTlNl
685 135 880 178 PORPH.
907 138 1008 178 Lm.
1034 137 1105 177 DE
1129 135 1260 177 ΑΒΜ.
1283 138 1389 180 lMP.
1438 134 1532 180 325

95 260 221 303 eaque
245 262 327 290 non
365 250 490 304 longe
532 263 558 291 a
586 250 791 292 Bethleem
832 256 872 291 et
910 263 936 292 a
959 250 1148 292 Rachelis
1175 249 1325 291 tumulo
1352 250 1535 291 extitisse

93 305 263 346 videtur.
319 304 370 344 de
398 306 537 346 eadem
569 307 656 369 agit
684 311 911 371 praeterea
928 306 1013 346 vita
1049 318 1109 346 ms
1151 305 1324 345 eiusdem
1352 306 1396 346 S.
1427 306 1535 346 Cha-

92 359 236 399 ritonis
265 360 478 401 eremitae:
518 357 586 398 διὰ
624 359 756 398 ταῦτα
798 374 864 398 και
898 355 1047 425 ἑτέραν
1074 360 1206 400 ἐκεῖσε
1235 357 1532 408 κατεσκεύαζεν

90 412 250 476 λαῦραν
278 411 299 451 ὄ
329 412 574 464 θαυμαστὸς
604 407 720 460 ουτος
736 415 948 465 Χαρίτων,
979 409 1104 465 ἥνπερ
1123 411 1223 453 ἐνιοι
1252 414 1329 463 μὲν
1349 415 1404 477 τῇ
1418 413 1534 469 Σύρα

78 461 244 530 [γλωττη
271 467 435 508 Σουκὰν
463 467 748 522 ὀνομάζουσιν,
781 454 898 508 ἄλλοι
930 468 977 508 δὲ
1004 467 1109 510 κατὰ
1141 483 1217 521 την
1238 465 1414 508 Ἑλλάδα
1444 483 1534 523 φω-

93 517 171 574 νὴν
197 519 400 563 Παλαιὰν
429 523 592 575 λαῦραν
621 523 914 563 ἀποκαλοῦσιν.

203 593 298 641 106,
326 594 367 631 9.
441 589 680 639 Κυριακοῠ]
713 590 778 630 hic
808 591 881 631 sub
912 591 1142 632 Theodosio
1170 603 1318 643 magno
1350 588 1533 630 Corinthi

91 647 239 695 natus,
278 648 397 697 patre
422 646 660 698 presbytero
689 646 774 686 eius
814 646 1031 696 ecclesiae;
1067 659 1105 687 a.
1135 647 1282 687 aetatis
1313 648 1366 685 18
1407 647 1536 686 lector

90 699 181 750 fuit,
210 703 251 740 et
278 699 422 740 deinde
451 700 698 753 aliquamdiu
717 702 947 753 praefectus
979 703 1121 742 laurae
1146 700 1392 742 charitonis.
1449 699 1535 739 dics

91 753 131 795 ei
160 755 287 794 festus
313 758 380 795 29.
437 755 531 795 vide
557 755 848 808 Anthologium
876 757 1056 797 Arcudii.
1087 757 1241 796 Menas.

201 814 508 872 1οὶιί.Σα’βα]
537 821 640 861 vixit
663 822 738 862 sub
757 822 986 863 Theodosio
1011 822 1181 863 iuniore.
1237 822 1364 861 festus
1382 819 1418 859 ei
1446 818 1533 859 dies

88 874 118 914 5
147 873 391 915 Decembris.
418 875 573 916 Menas.
630 876 681 916 de
709 877 785 917 hoc
816 878 998 930 pluribus
1028 878 1183 931 egimus
1212 877 1240 917 l.
1256 879 1284 916 5
1314 875 1531 915 comment.

88 929 133 972 in
159 929 297 983 Antiq.
326 928 403 971 cl).

200 994 310 1036 lbid.
340 999 406 1037 10.
464 994 708 1049 Εὕθυμιου]
741 996 847 1038 vixit
872 996 945 1037 sub
962 997 1156 1038 Traiano.
1214 996 1299 1037 dies
1329 996 1366 1037 ei
1392 1008 1533 1037 conse-

88 1055 226 1096 cratus
251 1054 306 1091 20
335 1051 527 1091 Ianuarii.
555 1052 709 1092 manas.

87 1171 152 1214 rii
181 1115 308 1212 1έῠίἀ.
367 1114 610 1164 Θεοδοσίου]
639 1117 869 1158 celebratur
891 1117 976 1159 eius
1005 1117 1199 1158 memoria
1227 1117 1293 1158 die
1323 1119 1533 1158 121anua-

226 1184 340 1213 tuns.

197 1235 307 1278 Ibid.
339 1240 406 1279 12.
464 1231 536 1289 ἔτη
573 1238 710 1287 πέντε]
748 1238 791 1279 in
830 1206 1080 1291 Theophane
1118 1251 1307 1280 numerus
1336 1250 1532 1280 annorum

86 1291 354 1343 desideratur,
385 1292 555 1345 ideoque
582 1293 675 1333 hinc
702 1294 959 1346 supplendus.

195 1355 306 1399 Ibid.
327 1361 391 1398 14.
449 1359 565 1408 Quod
594 1359 808 1412 legendum
838 1359 891 1399 sit
919 1359 984 1399 hic
998 1354 1218 1411 Θεοφάνης
1249 1362 1289 1398 et
1314 1371 1395 1398 non
1423 1355 1529 1396 Ἐπι-

87 1405 248 1462 φάνιος,
276 1425 357 1452 ιιοιι
385 1416 446 1452 est
469 1425 633 1453 necesse
661 1415 844 1466 pluribus
882 1414 1068 1467 probari,
1100 1426 1186 1453 cum
1215 1427 1330 1453 nemo
1364 1414 1529 1466 ignoret

85 1465 375 1519 Theophanem
404 1469 781 1521 chronographum,
811 1481 863 1510 ex
892 1480 969 1521 quo
1002 1469 1122 1521 plura
1150 1469 1285 1521 capita
1313 1469 1438 1508 ferme
1465 1467 1529 1507 in-

85 1525 228 1574 tegra,
267 1534 370 1574 quae
401 1523 454 1563 ad
482 1523 693 1564 historiam
723 1524 901 1564 Arabum
940 1524 1167 1576 pertinent,
1209 1524 1274 1562 hic
1313 1522 1529 1574 exscripsit

85 1576 462 1630 porphyrogenitus
493 1583 534 1618 et
558 1580 775 1630 praecipue
803 1583 924 1641 caput
954 1590 1160 1630 praesens,
1191 1578 1417 1618 condidisse
1446 1590 1530 1617 mo-

84 1631 306 1673 nasterium
346 1632 487 1686 Magni
525 1632 631 1685 Agri
671 1634 841 1682 dictum,
880 1633 922 1672 in
965 1641 1091 1685 eotsue
1138 1634 1359 1685 repositum
1405 1633 1529 1672 fuisse

84 1684 212 1738 ipsius
240 1698 400 1748 corpus.
458 1687 549 1727 vide
568 1689 740 1728 Menaea
766 1687 912 1727 mensis
933 1688 1071 1727 Martii
1097 1687 1162 1726 die
1190 1692 1254 1727 12.
1311 1687 1528 1739 Epiphanii

86 1745 220 1781 autem
248 1741 460 1793 scriptoris
500 1754 634 1782 rerum
662 1743 997 1783 Saracenicarum
1037 1755 1152 1781 nemo
1181 1755 1232 1782 ex
1264 1741 1527 1793 scriptoribus

83 1795 275 1836 meminit.
333 1796 405 1836 sed
433 1797 534 1836 haec
577 1798 668 1849 plus
696 1797 797 1837 satis
824 1797 935 1836 dicta
966 1797 1048 1836 sint
1090 1798 1139 1836 de
1177 1809 1222 1836 re
1251 1802 1333 1836 tam
1359 1797 1527 1836 manife-

83 1854 162 1890 sta.
219 1854 394 1891 ceterum
423 1852 689 1904 corrigendus
722 1855 784 1891 est
813 1851 1046 1904 Ducangius
1084 1851 1126 1891 in
1153 1852 1239 1892 vita
1266 1852 1412 1891 Leonis
1439 1851 1528 1903 phi-

82 1904 265 1957 losophi,
294 1906 362 1959 qui
391 1906 505 1946 Zoen
533 1906 901 1958 Carbonopsinam,
942 1910 1129 1958 quartam
1157 1919 1324 1946 uxorem
1354 1906 1528 1946 eiusdem

82 1959 246 2010 Leonis,
269 1971 449 2001 sororem
475 1962 599 2001 fuisse
623 1962 763 2002 scribit
801 1973 854 2001 ex
892 1961 1241 2014 Porphyrogenito
1271 1962 1315 2002 S.
1347 1961 1527 2014 Epipha-

82 2014 141 2055 nii
162 2015 306 2068 Magni
334 2015 438 2068 Agri
465 2016 637 2057 abbatis.

34 2123 43 2126 ,
192 2077 302 2121 Ιῠὶιί.
334 2082 400 2122 15.
455 2077 707 2132 μητρόθειος
749 2079 988 2121 avunculus
1028 2081 1314 2132 interpretatus
1343 2093 1440 2131 sum,
1469 2082 1528 2121 ita

84 2136 131 2174 ut
157 2134 245 2176 zoe
273 2133 600 2188 Carbonopsina‚
628 2140 773 2191 quarta
808 2136 956 2175 Leonis
994 2135 1223 2199 philosophi
1261 2149 1377 2187 uxor,
1408 2148 1528 2176 soror

83 2189 139 2229 sit
165 2187 437 2242 Theophanis.
496 2191 608 2243 atqui
636 2191 679 2230 id
707 2203 902 2231 annorum
931 2191 1102 2242 spatium
1130 2203 1212 2230 non
1240 2192 1407 2243 patitur,
1437 2203 1525 2230 cum

83 2243 354 2308 Theophanes
389 2248 569 2285 mortuus
610 2246 767 2285 dicatur
805 2245 879 2285 sub
908 2246 1043 2285 Leone
1069 2245 1243 2285 Armeno
1272 2247 1381 2287 circa
1408 2247 1526 2286 finem

84 2298 171 2338 eius
198 2298 370 2350 imperii.
427 2300 532 2339 unde
560 2294 813 2350 μητρόθειος
840 2312 922 2339 ιιοιι
953 2301 1082 2340 solum
1111 2299 1348 2342 avunculus
1375 2302 1526 2341 fortas-

82 2353 140 2393 sis
172 2352 333 2404 dicitur,
361 2354 434 2393 sed
475 2359 515 2395 et
547 2366 724 2407 maynus
752 2353 1015 2406 avunculus,
1051 2360 1095 2396 ut
1131 2356 1256 2408 vulgo
1284 2357 1526 2410 appellatur,

82 2407 270 2448 nimirum
297 2409 438 2449 matris
467 2411 702 2450 avunculus

198 2470 310 2513 Ibid.
341 2477 408 2514 22.
465 2472 566 2523 πρὸς
586 2477 676 2519 ταῖς
699 2471 966 2524 Ἡρακλειαις
989 2474 1173 2525 στήλαις]
1204 2476 1261 2515 sic
1288 2476 1328 2516 iu
1342 2475 1526 2538 Epitome

81 2525 280 2579 Stephani
309 2528 351 2568 in
371 2527 638 2569 ΠΙαστιανοίε
666 2524 785 2574 ἔθνος
814 2525 917 2579 πρὸς
943 2533 1032 2574 ταῖς
1053 2528 1318 2592 ζΗρακλειίιιις
1346 2526 1524 2581 στήλαις.

84 2586 129 2624 at
152 2582 194 2623 in
225 2579 400 2634 Ἰβηρίαι
427 2582 580 2635 legitur
606 2579 710 2632 πρὸς
738 2580 815 2628 τὰς
839 2582 1111 2634 ΗΗρακλειους
1142 2580 1306 2636 στήλας.

194 2651 358 2700 107,1.
414 2647 654 2702 Apollodori
678 2649 903 2704 geographi
936 2663 1058 2705 saepe
1085 2652 1263 2693 meminit
1293 2651 1523 2705 Stephanus
