1780 3132
353 108 407 148 1N
445 106 811 148 SYNECDEMUM
854 105 1294 148 COMMENTARmS.
1444 101 1537 149 535

99 216 404 272 philadelphia
447 222 744 273 coquomz'nata
785 222 866 261 est.
933 219 1078 260 aberat
1116 217 1223 259 haud
1257 218 1382 271 longo
1411 220 1540 260 inter-

99 274 213 316 vallo
254 273 307 314 ab
343 287 459 315 amne
499 276 620 316 laboc
660 276 768 328 apud
812 275 1027 315 Eusebium
1070 276 1276 315 Onomast.
1321 274 1364 316 in
1399 273 1541 325 ’[αβόκ.

98 329 219 384 plura
245 328 424 370 Eduard.
456 330 690 371 Bernardus
717 331 760 371 in
791 330 951 383 losephi
981 329 1029 369 A.
1057 330 1142 370 lud.
1174 332 1201 370 4
1227 330 1267 369 5.

206 408 302 457 399,
330 410 369 448 3.
442 406 537 446 Νὲα
580 402 723 456 πόλις]
754 406 899 448 Chilon
944 403 1103 453 πόλεως
1142 405 1259 452 Νέας
1297 403 1451 454 πόλεως
1481 409 1542 449 ἰη-

97 461 163 502 t'er
189 460 348 503 Arabes
393 462 597 504 antistites
636 462 807 503 concilio
838 462 1083 503 Chalcedon.
1123 476 1163 515 p.
1179 462 1263 502 675
1294 475 1440 504 nomen
1469 465 1541 506 ad-

96 515 272 570 scripsit.

208 581 318 625 Ibid.
384 579 639 637 Ἶεράπολις]
684 583 756 624 alii
799 583 904 625 hanc
952 583 1242 636 explicuerint3
1287 584 1384 625 mihi
1426 584 1541 638 igno-

98 641 143 680 ta
170 642 244 680 est.

207 700 317 746 Ibid.
346 705 385 744 4.
444 700 767 755 Φιλιππόπολις]
810 704 972 744 condita
1011 708 1074 745 est
1112 717 1138 745 a
1176 704 1362 758 Philippo
1393 705 1542 747 Arabe.

95 761 142 799 ut
167 758 311 799 victor
339 758 526 799 Zonaras
565 762 607 798 et
644 758 851 799 Cedrenus
890 760 1035 800 docent
1064 763 1104 799 et
1141 760 1221 800 viri
1262 761 1369 801 docti
1396 762 1542 802 dudum

95 817 348 854 monuerunt.
408 813 512 867 quod
543 825 640 853 vero
670 813 818 854 Bostra
860 815 1028 855 eandem
1058 819 1179 868 atque
1205 814 1309 855 hanc
1338 817 1542 857 arbitran-

95 873 174 921 tur,
197 868 247 913 ,id
269 872 310 909 et
336 868 438 910 hacc
464 868 617 909 Notitia
658 873 698 909 et
730 869 941 910 concilium
969 870 1299 910 chalcedonense
1327 872 1539 912 convellit:

95 922 350 977 distinguunt
379 924 658 964 enimBostra
691 928 732 964 et
761 925 1069 977 Philippopolin.
1128 926 1223 965 vide
1250 931 1343 966 tom.
1372 930 1400 967 S
1431 926 1536 967 Con-

95 979 164 1020 cil.
197 979 375 1032 Labb.p.
393 981 477 1020 644
503 983 544 1019 et
556 981 651 1030 675,
680 984 971 1033 praetereaque
986 980 1272 1034 spanhemium
1304 982 1464 1022 dissert.
1486 987 1540 1023 13

91 1034 243 1075 devs.
272 1039 313 1075 et
343 1035 387 1074 P.
414 1035 463 1075 Ν.
492 1048 530 1087 p.
552 1038 647 1075 612.

203 1097 313 1141 Ibid.
371 1096 535 1152 Φαινώ]
579 1100 638 1140 ita
666 1099 880 1153 legendum
925 1099 1026 1140 vidit
1066 1102 1112 1142 L.
1142 1101 1400 1143 Holsteinius.
1458 1103 1540 1144 sita

94 1158 185 1196 erat
198 1155 362 1197 Petram
388 1155 496 1195 inter
527 1159 566 1195 et
585 1155 736 1203 Zoora,
765 1155 873 1195 aeris
900 1156 1074 1196 metallis
1103 1161 1143 1196 et
1172 1157 1304 1197 exiliis
1323 1159 1537 1198 multorum

90 1210 266 1252 infamis-
322 1209 520 1251 Eusebius
545 1211 588 1250 in
623 1208 786 1250 Φιναῖνε
816 1203 924 1260 αὕτη
956 1209 1046 1249 ἐστι’
1061 1209 1218 1262 Φαινώ,
1247 1208 1350 1250 ἔνθα
1379 1211 1429 1250 τὰ
1460 1213 1538 1260 μὲ-

90 1265 223 1305 ταλλα
250 1263 327 1303 τοῦ
354 1264 528 1316 χαλκοῦ,
556 1261 711 1314 μεταξὺ
741 1264 905 1315 κειμένη
939 1265 1112 1316 Πέτρας
1139 1262 1296 1311 πόλεως
1330 1264 1401 1305 καί
1430 1269 1538 1306 Ζοο-

92 1319 190 1372 ρῶν.
245 1319 306 1361 sic
331 1321 389 1362 Io.
421 1320 621 1371 Clericus,
656 1324 696 1360 et
725 1325 849 1370 recte,
872 1321 1112 1371 emendavit,
1142 1333 1254 1374 quem
1285 1326 1326 1361 et
1356 1322 1397 1362 in
1428 1318 1532 1361 κατὰ

90 1371 141 1414 τὰ
169 1374 333 1426 χρυσέα
363 1380 404 1416 et
430 1371 597 1415 Λαιδὰν
623 1375 728 1416 vide.
747 1375 1025 1425 Hieronymus,
1058 1375 1216 1428 Fenon,
1244 1380 1398 1417 castra
1420 1375 1531 1429 filio-

89 1441 186 1472 rum
215 1429 364 1472 Israel
388 1433 434 1472 in
463 1430 652 1472 deserto.
708 1428 798 1482 fuit
827 1435 968 1471 autem
999 1431 1207 1484 quondam
1235 1434 1394 1473 civitas
1414 1436 1533 1485 prin-

86 1487 231 1539 cipum
259 1483 418 1536 Edem,
450 1498 562 1526 nunc
593 1484 765 1526 viculus
802 1488 847 1527 in
884 1486 1082 1534 deserto;
1111 1485 1181 1527 ubi
1210 1489 1330 1527 aeris
1356 1487 1534 1529 metalla

86 1540 382 1582 damnatorum
398 1540 632 1594 suppliciis
648 1539 908 1591 effodiuntur
925 1544 1040 1582 inter
1060 1544 1277 1583 civitatem
1292 1540 1467 1583 Petram
1487 1548 1531 1584 et

85 1593 296 1637 Zoaram.
353 1598 457 1637 adde
489 1597 533 1638 S.
564 1597 806 1638 Bochartum
841 1597 886 1636 P.
918 1601 945 1637 2
973 1597 1199 1638 Hierozoic.
1226 1601 1254 1638 3
1286 1601 1351 1638 13.

196 1660 310 1703 Ibid.
388 1661 676 1714 Κωνσταντιά]
717 1663 893 1703 Notitiae
930 1663 1011 1703 Iac.
1051 1663 1179 1704 Goari
1223 1662 1535 1714 Κωνσταντίνη,

83 1716 297 1757 concilium
325 1716 569 1758 Chalcedon.
607 1731 646 1771 p.
660 1722 744 1759 676
778 1712 1117 1770 Κωνσταντιάνη,
1145 1723 1186 1758 et
1212 1718 1254 1757 in
1283 1719 1412 1758 veteri
1443 1731 1534 1758 ver-

84 1773 199 1813 sione
221 1771 474 1812 Constantia.

193 1836 303 1879 Ibid.
360 1833 606 1890 Διονυσιάς]
637 1839 776 1879 Maras
804 1833 1082 1881 Διονυσιάδος
1124 1837 1196 1877 sub
1219 1837 1417 1878 Bostreno
1447 1851 1533 1877 inc-

83 1892 278 1946 tropolita
306 1892 350 1933 in
378 1894 516 1934 eodem
544 1899 605 1933 est
633 1894 818 1934 concilio.
876 1893 1035 1932 incolae
1054 1891 1302 1942 Διονυσιεῖς,
1332 1906 1411 1933 11011
1432 1896 1531 1933 mu!-

11 1970 13 1973 ·
83 1952 168 1989 tum
196 1960 223 1988 a
250 1947 422 1999 Rostris,
447 1949 604 1989 Isidoro
634 1950 740 2001 apud
770 1948 954 1988 Photium
982 1947 1086 1986 Bibl.
1116 1960 1154 1998 p.
1188 1951 1308 1987 1060.

194 2011 304 2054 Ibid.
365 2012 564 2063 Κανόθα]
598 2010 791 2053 Κανωθὰ
826 2013 1052 2054 Concilium
1093 2011 1337 2053 Chalcedon.
1368 2027 1405 2066 p.
1425 2019 1530 2060 660,

81 2080 224 2108 numus
254 2067 524 2107 Κανωθαίων
562 2069 668 2122 apud
705 2069 981 2109 Vaillantium.
1054 2068 1284 2108 Harduinus
1314 2069 1531 2109 Domitiani

81 2136 240 2165 numum
270 2122 601 2162 ΚΑΝΑΘαίων
631 2123 765 2163 ΖΝΡ.
793 2124 1028 2175 inscriptum
1058 2122 1098 2161 in
1127 2124 1242 2163 Num.
1276 2124 1372 2164 Urb.
1402 2125 1528 2163 illust.

81 2178 220 2228 edidit,
247 2178 311 2218 cui
340 2178 509 2218 similem
521 2179 727 2219 Wildiana
756 2191 868 2230 gaza
896 2182 1047 2218 servat.
1106 2179 1308 2218 consentit
1334 2179 1532 2219 Eusebius

82 2234 126 2274 in
154 2234 359 2274 Onomast-
389 2230 551 2271 Κανά-9
581 2229 698 2284 κώμη
739 2233 813 2283 τῆς
839 2229 1060 2284 Ἀραβίας,
1088 2230 1213 2270 εἰσέτι
1256 2229 1438 2271 Koma-‘ia'
1469 2235 1531 2271 λε-

81 2288 247 2340 γομένη.
305 2291 345 2326 et
372 2293 464 2339 post
493 2301 643 2340 pauca:
673 2290 804 2325 κεῖται
842 2284 889 2324 δὲ
916 2285 1047 2332 εἰσέτιΥ
1069 2286 1142 2325 καί
1169 2286 1244 2325 νῦν
1274 2287 1318 2326 ἐν
1352 2289 1533 2339 Τραχω-

79 2341 206 2382 νίτιδι
234 2341 406 2394 πλησίον
434 2341 647 2394 Βόστρων.
705 2342 781 2382 fuit
819 2354 921 2394 ergo
951 2347 1119 2394 propter
1149 2341 1309 2383 Bostra.

189 2406 301 2448 Ibid.
321 2409 361 2448 5.
415 2403 667 2456 Ἀδρασσὸς]
693 2408 741 2447 Η.
756 2408 940 2448 Relando
960 2420 1039 2447 non
1060 2407 1143 2447 alia
1172 2414 1233 2448 est
1266 2413 1386 2461 atque
1404 2407 1528 2447 Adra.

85 2463 199 2502 favet
226 2462 288 2503 illi
319 2462 472 2502 Notitia
502 2464 581 2502 lac.
601 2463 742 2510 Goari.
775 2462 996 2503 Adrassum
1030 2475 1271 2514 memorans,
1298 2477 1377 2503 non
1401 2464 1527 2503 illam.

77 2530 167 2557 cnm
196 2521 332 2558 tamen
369 2516 575 2557 Hierocles
613 2518 864 2569 distinguat,
905 2518 1156 2570 praestiterit
1184 2531 1283 2567 cum,
1313 2518 1389 2558 etsi
1417 2518 1531 2558 solae

80 2572 259 2613 Notitiae
287 2572 373 2612 eius
401 2572 664 2623 meminerint,
695 2573 850 2613 audire.

188 2636 299 2679 Ihid.
329 2641 373 2678 6.
427 2633 614 2691 ἐπαρχία
634 2636 941 2690 Αἰγυπτιακῆς]
970 2638 1126 2679 orditur
1157 2639 1356 2679 dioecesin
1387 2638 1525 2692 Aegy-
