1780 3132
322 171 399 214 DE
434 167 905 214 ADMINISTRANDO
937 167 1176 213 IMPERIO
1207 168 1383 240 GAP59.
1524 164 1590 212 77

120 284 339 345 πράγματα
357 283 459 340 ἅπερ
481 283 640 338 ἔχουσιν
661 285 718 332 εἷς
737 281 788 324 τὰ
805 280 1010 336 μονόξυλα
1030 278 1338 336 ἀναλαβόμενοι,
1373 280 1426 324 τὰ
1447 278 1589 334 ψυχά-

120 373 189 413 ρια
208 353 311 409 μετὰ
329 357 410 396 τῶν
430 351 613 395 ἁλύσεων
635 350 705 394 διὰ
725 355 797 393 τοῦ
819 354 946 407 ξηροῦ
968 351 1073 393 αὐτὰ
1094 349 1376 404 διαβιβάζουσι
1397 350 1512 404 μίλια
1531 349 1588 399 ἕξ,

120 423 197 474 ἕως
218 422 268 465 ἂν
289 423 484 464 διέλθωσι
506 422 577 463 τὸν
597 417 800 478 φραγμόν.
871 417 953 462 εἷθ’
977 418 1104 470 οὕτως
1123 420 1160 461 οἱ
1181 420 1253 474 μὲν
1273 417 1461 475 σύροντες
1484 417 1521 459 οἳ
1544 418 1590 459 δὲ

119 494 187 534 καὶ
218 493 275 542 εἷς
302 490 396 540 τοὺς
424 490 562 544 ὤμους
587 487 857 542 βαστάζοντες
880 487 931 530 τὰ
965 487 1097 530 αὐτῶν
1123 486 1326 541 μονόξυλα
1353 489 1410 537 εἷς
1440 485 1486 528 τὸ
1517 490 1592 528 τοῦ

84 563 314 617 ὄφραγμοῦ
342 560 498 602 ἐκεῖθεν
524 558 649 614 μέρος
676 555 981 610 διαβιβάζουσι,
1017 558 1083 598 καὶ
1109 556 1236 607 οὕτως
1260 557 1462 614 ῥίπτοντες
1485 554 1592 597 αὐτὰ

118 631 176 678 εἶς
195 628 266 670 τὸν
286 627 471 681 ποταμὸν
502 628 569 668 καὶ
599 626 650 668 τὰ
683 626 916 679 πετζιμέντα
948 625 1081 668 αὐτῶν
1112 624 1429 680 ἔμβλησκόμενοι
1462 624 1591 680 εῗσὲρ-

113 713 256 751 χονται
277 698 344 738 καὶ
368 691 491 745 αὖθις
512 695 835 737 ἔναποπλὲουσιν.
905 693 1169 750 ἀπερχόμενοι
1190 695 1234 736 δὲ
1252 697 1307 744 εἷς
1325 694 1394 736 τὸν
1409 693 1590 746 πέμπτον

117 765 307 822 φραγμὸν
335 764 407 807 τᾶν
436 762 782 818 ἐπονομαζόμενον
807 761 990 805 Ῥωσιστῖ
1015 764 1089 816 μὲν
1111 761 1386 820 Βαρουςῑιόρος
1405 764 1589 814 Σκλαβι-

114 835 217 876 νιστὶ
256 833 300 875 δὲ
338 830 637 889 Βουλνηπράχ,
680 830 783 874 διότι
816 830 995 887 μεγάλην
1037 833 1178 886 λίμνην
1215 833 1421 882 ἀποτελεῖ,
1467 828 1589 871 πάλιν

59 911 105 946 10
116 903 172 952 εἷς
202 902 278 952 τὰς
304 906 380 944 τοῦ
408 905 597 954 ποταμοῦ
624 902 772 956 γωνίας
799 901 852 942 τὰ
883 900 1017 943 αὐτῶν
1042 899 1246 954 μονόξυλα
1274 897 1589 953 διαβιβάσαντες

113 970 258 1020 καθὼς
280 973 347 1012 καὶ
375 972 428 1020 εἷς
455 969 525 1012 τὸν
557 974 717 1026 πρῶτον
741 968 931 1026 φραγμὸν
955 971 1022 1011 καὶ
1045 971 1099 1020 εἷς
1121 970 1192 1012 τὸν
1215 968 1422 1024 δεύτερον,
1458 985 1587 1010 κατα-

112 1037 368 1093 λαμβάνουσι
390 1038 459 1080 τὸν
488 1038 600 1080 ἕκτον
625 1036 836 1095 φραγμόν,
871 1036 1082 1094 λεγόμενον
1112 1039 1186 1093 μὲν
1211 1036 1398 1081 Ῥωσιστὶ
1425 1035 1586 1079 Λεάντι

96 1109 370 1160 ,Σκλαβινιστὶ
391 1107 436 1148 δέ
454 1105 659 1164 Βερούτζη
671 1138 683 1157 ,
720 1105 741 1148 ὅ
765 1108 849 1149 ἔστι
869 1105 1041 1163 βράσμα
1063 1111 1180 1163 νεροῢ
1191 1138 1204 1158 ,
1238 1108 1306 1148 καὶ
1331 1107 1586 1159 διαβαίνουσι

109 1177 178 1217 καὶ
221 1175 344 1218 αὐτὸν
384 1173 544 1230 ὁμοίως.
614 1177 681 1217 καὶ
717 1175 796 1217 ἀπὸ
829 1173 974 1218 τούτου
1006 1175 1250 1218 ἀποπλέουσι
1281 1176 1350 1218 καὶ
1381 1173 1484 1232 πρὸς
1514 1174 1585 1216 τὸν

56 1254 98 1289 15
112 1244 287 1298 ἕβδομον
305 1244 495 1301 φραγμὸν
514 1243 584 1286 τὸν
604 1242 880 1299 ἐπιλεγόμενον
894 1242 1077 1287 Ῥωσιστὶ
1094 1245 1169 1297 μὲν
1188 1241 1425 1297 Στρούβουν
1446 1245 1584 1284 Σκλα-

106 1314 254 1365 βινιστὶ
275 1313 321 1354 δὲ
341 1310 535 1368 Ναπρεζή
547 1344 559 1363 ,
597 1311 619 1354 ὃ
640 1310 897 1369 ἑρμηνεύεται
918 1312 1063 1369 μικρὸς
1083 1311 1294 1370 φραγμός,
1328 1314 1396 1354 καὶ
1417 1313 1582 1365 διαβαί-

105 1397 239 1431 νοντες
273 1383 328 1431 εἷς
356 1380 401 1423 τὸ
433 1379 644 1436 λεγόμενον
672 1381 836 1437 πέραμα
865 1385 940 1423 τοῦ
966 1382 1178 1437 Κραριόυ,
1214 1381 1255 1423 ἕν
1280 1374 1314 1438 ᾧ
1338 1383 1582 1436 διαπερῶσιν

105 1449 185 1491 ἀπὸ
211 1447 380 1500 Ῥωσίας
412 1449 450 1492 οἳ
475 1451 755 1506 Χερσωνΐται,
789 1451 856 1491 καὶ
889 1449 927 1491 οἳ
955 1452 1248 1502 Πατζινακΐται
1273 1451 1336 1492 ε’πὶ
1360 1452 1579 1506 Χερσίῦνα,

105 1516 197 1572 ἕχον
216 1518 262 1560 τὸ
285 1517 384 1561 αὐτὸ
401 1518 565 1574 πέραμα
585 1517 630 1560 τὸ
651 1518 726 1571 μὲν
743 1516 897 1568 πλάτος
918 1517 1012 1561 ὅσον
1033 1523 1106 1560 τοῦ
1119 1517 1431 1575 Ἱπποδρομίου,
1466 1518 1512 1560 τὸ
1535 1518 1580 1559 δὲ

48 1585 216 1641 Ξθὶἰψος
238 1586 318 1629 ἀπὸ
340 1585 450 1628 κάτω
469 1587 543 1637 ἕως
561 1584 656 1629 ὅτου
671 1585 1004 1643 παρακύπτουσιν
1022 1587 1060 1629 οἱ
1080 1589 1214 1644 φίλοι,
1250 1586 1346 1630 ὅσον
1369 1589 1437 1629 καὶ
1458 1585 1578 1643 φθά-

102 1671 183 1698 νειν
202 1656 394 1711 σαγίτταν
411 1660 485 1698 τοῦ
502 1654 735 1706 τοξεύοντος
754 1655 871 1698 ἔνθεν
890 1657 1032 1698 ἐκεῖσε·
1069 1655 1170 1698 ὅθεν
1191 1658 1258 1698 καὶ
1279 1658 1335 1706 εἰς
1353 1656 1423 1698 τὸν
1442 1659 1577 1698 τοιοῦ-

101 1739 172 1766 τον
190 1722 313 1766 τόπον
332 1724 592 1780 κατέρχονται
616 1723 653 1766 οἱ
675 1726 967 1776 Πατζινακΐται
977 1757 990 1776 ,
1019 1727 1086 1767 καὶ
1109 1729 1330 1779 πολεμοῦσι
1351 1724 1447 1775 τούς
1462 1722 1576 1773 Ῥῶς.

98 1791 203 1846 μετὰ
223 1793 267 1834 δὲ
283 1792 328 1835 τὸ
346 1794 520 1835 διελθεῖν
537 1793 608 1835 τὸν
624 1796 808 1835 τοιοῦτον
826 1792 949 1835 τόπον
964 1792 1038 1848 τὴν
1055 1798 1178 1848 νῆσον
1197 1794 1274 1848 τὴν
1293 1793 1573 1848 ἐπιλεγομένη-ν

190 1912 235 1946 13
258 1907 434 1956 βερόντζη
456 1911 496 1945 Μ
600 1911 643 1944 16
666 1909 927 1956 διαβαίνονται
950 1911 1124 1946 Mem-sius
1148 1911 1409 1957 Meursiumque
1432 1918 1571 1947 secutus

189 1957 388 1992 Bandurius
525 1957 571 1990 ΞΟ
594 1958 717 2001 φίλοι]
741 1955 935 2001 ὀφθαλμοὶ
958 1957 1156 1992 Bandurius

96 2058 201 2093 lintre
229 2059 339 2093 rebus
372 2058 466 2103 suis,
502 2060 677 2104 mancipia
711 2059 845 2094 catenis
877 2059 1067 2094 constricta
1092 2071 1155 2104 per
1178 2065 1307 2094 terram
1338 2060 1488 2104 ducunt,
1523 2061 1569 2095 ad

95 2115 159 2138 sex
181 2103 276 2138 milia
295 2115 472 2150 passuum,
495 2105 606 2139 donec
626 2105 738 2139 locum
757 2113 980 2151 praeruptum
995 2106 1280 2150 pertransierint:
1304 2105 1430 2140 deinde
1445 2106 1569 2141 lintres

95 2150 133 2184 hi
155 2149 296 2194 quidem
318 2150 511 2194 trahentes,
536 2151 595 2184 alii
619 2157 797 2195 gestantes
824 2152 986 2194 humeris,
1012 2152 1103 2185 ultra
1122 2151 1232 2186 locum
1257 2158 1482 2197 praeruptum
1504 2153 1568 2187 de-

93 2201 247 2241 portant,
273 2196 511 2242 coniectisque
532 2197 568 2231 in
593 2198 721 2231 flumen
743 2197 939 2242 monoxylis
959 2198 1206 2242 impedimenta
1227 2204 1263 2232 et
1284 2197 1439 2232 sarcinas
1461 2210 1568 2244 repo-

94 2245 193 2286 nunt,
215 2241 354 2287 ipsique
376 2242 510 2277 demum
533 2243 778 2288 ingrediuntur
800 2249 837 2278 et
860 2244 1028 2287 navigare
1050 2250 1214 2288 pergunt.
1251 2249 1288 2278 at
1311 2244 1371 2278 ubi
1395 2245 1438 2278 ad
1463 2245 1566 2289 quin-

93 2291 165 2322 tum
196 2286 309 2321 locum
340 2288 507 2330 ίῖιιῐῐιίιιῐε,μ
520 2296 746 2335 praeruptum
778 2289 1012 2332 devenerunt,
1049 2300 1150 2334 quem
1178 2289 1285 2324 Russi
1310 2290 1565 2335 Baruphorum‚

93 2332 213 2367 Solavi
233 2333 472 2379 Bulneprach,
509 2336 600 2381 quod
626 2336 782 2380 paludem
808 2347 963 2380 magnam
989 2335 1141 2379 efficiat,
1163 2335 1405 2380 denominant,
1430 2348 1566 2371 rursum

117 2390 156 2413 ro
180 2389 278 2413 more
301 2381 344 2414 ad
366 2380 518 2415 fluminis
540 2381 684 2426 angulos
707 2382 847 2426 navigia
869 2382 1073 2425 traducunt,
1098 2387 1137 2416 ut
1159 2382 1195 2416 in
1219 2382 1327 2427 primo
1354 2388 1390 2416 et
1411 2383 1566 2417 secundo

105 2436 168 2459 oco
193 2429 383 2472 praerupto
407 2427 582 2470 fecerant,
617 2434 653 2462 et
677 2429 721 2462 ad
746 2434 880 2463 sextum
905 2428 1131 2472 perveniunt,
1165 2439 1187 2462 a
1210 2429 1334 2463 Russis
1358 2428 1506 2473 Leanti,
1542 2441 1564 2463 a

90 2470 229 2505 Sclavis
251 2471 403 2505 Berutze
427 2472 650 2517 nominatum,
677 2474 778 2518 quasi
802 2474 898 2507 dicas
923 2485 1035 2518 aquae
1058 2474 1250 2518 scaturigo.
1281 2486 1350 2519 quo
1365 2474 1442 2509 loco
1458 2486 1563 2520 prae—

89 2523 192 2562 rupto
217 2517 296 2562 pari
318 2517 454 2552 ratione
476 2526 639 2563 superato
665 2521 709 2554 ad
732 2519 914 2564 septimum
938 2519 1117 2564 navigant,
1146 2521 1206 2565 qui
1228 2521 1420 2555 Russorum
1444 2520 1565 2565 lingua

90 2562 267 2607 Strubun,
299 2563 503 2598 Sclavorum
527 2571 640 2599 autem
665 2566 819 2610 Napi-esi
842 2572 1005 2609 vocatur,
1030 2566 1067 2600 id
1092 2572 1145 2600 est
1169 2566 1315 2611 exiguus
1338 2566 1434 2600 locus
1459 2578 1564 2612 prae-

89 2613 227 2654 ruptus.
272 2614 524 2654 transeuntque
547 2611 591 2644 ad
613 2612 796 2645 traiectum
821 2611 958 2656 erarii,
985 2612 1046 2646 ubi
1069 2624 1089 2646 e
1113 2612 1243 2647 Russia
1267 2613 1501 2647 Chersonitae
1526 2618 1564 2647 et

86 2653 124 2688 in
147 2654 361 2689 Chersonem
384 2656 622 2691 Patzinacitae
647 2658 844 2698 traiiciunt3
872 2657 931 2702 qui
954 2658 1122 2692 traiectus
1143 2658 1378 2704 Hippodromi
1402 2658 1562 2693 latitudi-

88 2710 165 2734 nem
188 2699 312 2744 habet,
336 2700 550 2736 altitudinem
574 2714 659 2737 vero
683 2705 727 2737 ab
750 2703 913 2738 inferiori
936 2709 1034 2749 parte
1056 2710 1222 2749 quantum
1244 2705 1336 2739 oculi
1354 2705 1559 2750 perspicere

86 2750 251 2790 possunt,
275 2753 509 2792 quantumque
533 2748 646 2783 iactus
669 2750 822 2794 sagittae
841 2750 1043 2795 pertingere
1064 2755 1195 2796 potest.
1241 2752 1463 2795 quamobrem
1480 2762 1556 2785 eum

86 2790 124 2824 in
151 2790 261 2826 locum
284 2793 500 2828 descendunt
520 2794 759 2830 Patzinacitae
782 2807 823 2830 ac
847 2807 922 2830 cum
946 2795 1070 2831 Russis
1094 2808 1215 2831 manus
1239 2802 1439 2831 conserunt.
1489 2797 1557 2831 hoc

86 2841 200 2872 autem
230 2838 433 2874 transmisso
465 2839 562 2886 loco,
598 2841 642 2875 ad
667 2842 707 2876 S.
733 2842 900 2887 Gregorii
920 2841 1067 2877 insulam
1090 2842 1289 2889 appellunt,
1325 2843 1386 2878 ubi
1410 2848 1556 2889 propter
