1780 3132
357 132 412 176 lN
452 135 822 178 SYNECDEMUM
848 131 1286 177 COMMENTARIUS.
1442 126 1534 173 505

101 257 272 301 ferenda
312 261 375 299 est
405 259 538 300 oratio
567 271 670 314 quae
702 259 855 300 Basilio
894 259 948 300 M.
976 262 1070 299 tom.
1100 260 1140 299 2.
1170 270 1209 311 p.
1227 258 1308 297 587
1336 254 1537 305 tribuitur,

99 313 146 354 ἐν
174 312 399 362 Λακίζοιςε
428 316 533 368 quod
565 321 656 356 utut
681 315 778 366 fuit,
806 314 962 368 negligi
1002 314 1099 355 urbs
1127 313 1169 354 in
1200 311 1464 365 Geographia
1492 310 1535 351 S.

98 381 180 411 non
205 373 453 422 oportuerat.

208 438 304 485 396,
331 439 399 476 31.
445 427 683 487 ''Avd'panaJ
729 436 845 476 huius
890 436 1099 488 episcopus
1138 433 1324 475 Paralius
1358 426 1537 482 Ἀνδρά-

99 503 190 528 πων
217 489 289 541 τῆς
319 487 615 542 Ἑλλησπόντου
662 493 755 543 (pro
782 486 1090 541 Ἑλενοηόντου,
1128 490 1235 543 quod
1262 501 1336 529 nec
1363 489 1407 529 11·
1437 488 1535 527 Hol-

98 545 284 586 steinium
311 545 363 586 ad
384 546 536 599 Geogr.
554 546 598 586 S.
628 546 753 599 fugit)
781 545 952 585 concilio
974 545 1176 598 Ephesino
1206 559 1245 597 p.
1267 548 1348 585 438
1377 543 1533 583 dicitur.

103 600 210 641 adde
237 601 287 641 de
304 600 405 641 urbe
418 601 523 642 Acta
537 601 725 652 Hesychii
734 601 1030 654 Thaumaturgi
1055 613 1107 643 ex
1123 600 1355 651 synaxario
1377 599 1534 639 Graeco

99 655 155 696 vl
182 656 304 698 Mart.
337 655 481 709 Operis
510 657 764 707 Sanctorum,
795 656 864 697 ubi
893 657 1024 709 plura.

207 719 316 764 Ibid.
380 717 574 771 Ἀμισός]
618 721 884 763 Constantino
919 722 946 763 l.
978 726 1001 762 1
1041 721 1182 762 Them.
1209 725 1237 762 2
1257 712 1466 770 Ἀμίνσος,
1494 724 1535 761 et

96 774 263 828 Suidae,
290 776 398 817 haud
425 789 524 817 sane
552 777 667 818 bene.
723 777 867 818 aberat
891 777 1050 817 Amisus
1089 776 1232 817 stadiis
1259 781 1342 817 900
1369 777 1533 829 Sinope,

96 837 142 874 ut
170 845 194 873 e
221 831 416 873 Straboni
446 835 499 872 12
526 845 566 886 p.
583 834 665 873 547
695 832 875 885 prodidit
904 832 1147 885 Stephanus.

60 940 71 951 Α
205 895 315 940 Ibid.
336 901 404 940 32.
459 893 631 951 Σινόπη]
658 894 838 950 Σινώπη,
864 902 908 938 ut
923 911 983 939 ms
1000 898 1220 940 Leidensis.
1237 898 1410 939 nobilem
1430 897 1534 938 hanc

101 953 254 1005 urbem,
281 953 517 1006 peninsulae
546 953 795 1007 impositam,
831 953 982 995 Strabo
1010 958 1063 994 12
1084 967 1122 1006 p.
1137 955 1220 994 545
1248 953 1461 1003 describit,
1492 957 1533 994 et

94 1010 321 1061 Turnefort
352 1008 467 1062 epist.
489 1013 542 1051 17
568 1023 608 1063 p.
628 1013 696 1051 91.
765 1009 817 1050 de
844 1008 1116 1051 conditoribus
1145 1009 1381 1050 scholiastes
1406 1009 1532 1062 Apol-

92 1064 194 1106 lonii
219 1068 247 1105 2
272 1067 367 1106 948.

200 1133 298 1182 397,
326 1134 364 1171 1.
422 1124 596 1169 Πόντου
624 1129 975 1183 Πολεμωνιακοῦ]
1004 1143 1030 1171 a
1057 1131 1283 1181 Polemone,
1308 1130 1425 1171 Ponti
1454 1129 1531 1171 hu-

93 1184 157 1226 ius
183 1197 296 1239 rege,
327 1197 473 1226 nomen
511 1185 548 1226 ei
583 1185 742 1226 venisse
776 1185 1022 1226 lastinianus
1061 1187 1234 1228 Novella
1263 1189 1317 1226 28
1346 1198 1380 1226 c.
1414 1189 1437 1226 1
1468 1186 1531 1226 in-

91 1241 214 1283 dicat.
287 1240 506 1294 provinciis
545 1241 803 1282 annumerari
841 1245 1005 1293 coeptus
1047 1245 1108 1281 est
1147 1241 1221 1282 sub
1257 1242 1429 1292 Nerone,
1461 1240 1530 1294 qui

15 1339 18 1340 ⁷
90 1296 210 1337 Ponti
243 1308 439 1350 regnum,
477 1296 720 1337 concedente
748 1295 986 1344 Polemone,
1026 1296 1067 1337 in
1098 1297 1332 1349 provinciae
1360 1298 1530 1336 formam

90 1351 252 1414 redegit
276 1352 384 1405 apud
404 1351 571 1393 Sueton.
594 1365 628 1393 c.
647 1355 712 1393 18.
738 1351 918 1405 praesidi
942 1351 1082 1393 itidem
1097 1352 1312 1392 mandatur
1338 1353 1380 1393 in
1404 1351 1528 1393 Notit‚

89 1417 184 1460 ιη’
202 1408 363 1504 ιῖἷὲῑὲ.
385 1411 718 1512 {rammam}
740 1459 989 1502 ΚοιΝοΝ.
1018 1460 1266 1501 NEOKAI.
1294 1459 1527 1501 MHTPO.

91 1515 194 1557 vidit
221 1518 263 1558 in
289 1529 408 1559 numo
436 1516 616 1557 Mediceo
642 1517 909 1568 Holsteinius,
938 1517 1000 1557 cui
1027 1517 1230 1570 geminum
1257 1517 1379 1558 habet
1405 1516 1528 1557 Thes.

93 1571 250 1614 Britan.
290 1577 385 1614 tom.
416 1576 443 1613 2
470 1585 508 1625 p.
531 1576 625 1613 236.
665 1573 891 1626 Gregorius
924 1573 1130 1622 Nyssenus
1168 1572 1241 1624 (in
1279 1572 1529 1627 cognominis

89 1627 170 1668 sibi
198 1627 495 1680 Thaumaturgi
520 1628 617 1668 Vita
644 1641 683 1681 p.
705 1627 808 1679 537)
847 1628 1041 1668 communi
1069 1628 1204 1680 gentis
1235 1641 1430 1667 consensu
1458 1639 1529 1663 κο-

90 1678 234 1735 ρυφὴν
262 1679 397 1734 πάσης
423 1681 496 1732 τῆς
523 1678 772 1733 ἠεριοικίδος
797 1683 961 1733 haberi,
990 1695 1040 1723 ac
1079 1696 1105 1723 a
1129 1684 1399 1723 Romanorum
1425 1681 1529 1723 Cae-

88 1749 209 1790 sare,
249 1738 330 1779 loci
358 1738 602 1778 amoenitate
629 1742 768 1791 capto,
797 1751 904 1778 novo
941 1738 1100 1778 nomine
1130 1750 1218 1777 esse
1247 1739 1435 1778 donatam
1462 1750 1529 1777 re-

89 1792 186 1834 fert.
242 1793 395 1834 Plinius
426 1793 576 1843 Lycum
603 1792 748 1834 flumen
782 1794 921 1835 urbem
959 1792 1186 1846 praefluere
1211 1797 1239 1833 6
1264 1797 1291 1833 3
1319 1794 1528 1839 adsumam

90 1847 197 1900 quod
235 1852 370 1889 utrum
407 1860 547 1888 verum
586 1849 746 1889 omnino
789 1849 843 1890 sit
870 1849 1049 1899 dubites,
1096 1848 1336 1901 praesertim
1376 1848 1412 1888 si
1440 1862 1529 1889 eum

87 1902 236 1943 radere
273 1905 592 1945 Neocaesaream
623 1903 854 1958 intelligas:
896 1916 988 1945 nam
1030 1916 1176 1956 agrum
1215 1904 1328 1944 urbis
1373 1905 1530 1944 alluere

88 1958 304 1999 manifesto
334 1971 387 2000 ex
414 1959 555 1999 eadem
574 1958 870 2013 Thaumaturgi
902 1960 988 2000 vita
1013 1972 1052 2011 p.
1071 1960 1153 1998 557
1179 1958 1398 2011 colligitur.
1456 1959 1530 1999 du-

87 2012 246 2054 bitandi
275 2026 446 2055 caussae
474 2018 580 2065 sunt,
610 2015 715 2067 quod
748 2017 954 2065 Nyssenus
983 2014 1222 2067 Gregorius,
1254 2014 1392 2054 urbem
1424 2015 1528 2054 eius-

85 2079 164 2121 que
189 2068 308 2110 situm
339 2069 585 2121 describens,
612 2069 715 2110 nihil
746 2071 796 2110 de
815 2071 926 2121 Lyco
950 2074 1152 2110 memoret.
1178 2073 1392 2121 praeterea
1424 2070 1528 2110 Gre-

85 2123 195 2176 gorii
222 2125 352 2166 frater
366 2125 542 2165 Basilius
571 2125 685 2177 epist.
713 2129 796 2166 210
825 2125 927 2178 apud
947 2125 1307 2165 Neocaesarienses
1337 2125 1378 2164 in
1408 2126 1527 2166 aviae

84 2178 252 2220 aedibus
281 2183 322 2220 et
349 2180 442 2221 dein
469 2180 510 2220 in
538 2181 784 2221 monasterio
811 2181 976 2220 multum
1002 2192 1046 2219 se
1066 2180 1257 2231 temporis
1284 2180 1526 2221 contrivisse

80 2236 280 2276 testatur:
309 2235 423 2289 atqui
450 2235 551 2275 illud
577 2236 866 2276 monasterium
892 2238 1059 2287 propter
1073 2235 1219 2275 Iridein
1247 2234 1391 2276 flumen
1420 2242 1525 2288 erat,

83 2289 225 2331 eodem
265 2290 383 2343 epist.
413 2293 497 2331 223
539 2293 579 2330 et
605 2291 808 2344 Gregorio
847 2291 888 2331 in
924 2290 1020 2330 Vita
1047 2290 1254 2331 Macrinae
1288 2304 1326 2343 p.
1342 2295 1422 2332 182
1452 2305 1526 2333 au-

85 2347 213 2385 ctore.
269 2344 335 2385 his
372 2345 477 2386 adde
515 2346 835 2386 Neocaesaream
888 2349 929 2385 et
963 2344 1140 2385 Comana
1176 2345 1385 2394 Amasiae,
1421 2359 1526 2400 quae

82 2398 184 2439 Iridi
213 2399 443 2447 assidebat,
489 2399 623 2440 vicina
650 2400 853 2452 perhiberi
881 2400 923 2441 in
942 2399 1055 2440 Actis
1090 2401 1279 2451 Eutychii
1305 2415 1339 2441 c.
1368 2405 1408 2443 7.
1436 2404 1525 2443 for-

83 2457 197 2495 tasse
224 2454 363 2508 itaque
390 2454 540 2494 rectius
569 2455 716 2495 lridem
744 2456 852 2496 inter
879 2460 920 2496 et
931 2455 1082 2505 Lycum
1110 2457 1387 2497 collocabitur.

192 2517 306 2561 [bid.
363 2516 563 2569 Κόμανα]
594 2521 674 2561 sita
700 2525 818 2562 erant
846 2521 898 2562 ad
926 2535 1081 2563 amnem
1098 2521 1244 2563 lridem
1273 2523 1380 2575 apud
1406 2522 1525 2564 Stra-

78 2573 225 2615 bouem
243 2578 298 2615 12
323 2588 362 2628 p.
383 2577 479 2626 547,
508 2588 583 2615 nec
602 2576 725 2629 longe
751 2589 777 2617 a
793 2578 1100 2628 Neocaesarea5
1123 2579 1228 2618 unde
1247 2575 1368 2616 πόλιν
1395 2576 1524 2617 α’στυ-

77 2628 242 2691 γξίτονα
281 2630 509 2682 Gregorius
546 2632 752 2681 Nyssenus
796 2632 839 2672 in
867 2632 1161 2685 Thaumaturgi
1189 2634 1284 2674 Vita
1317 2636 1451 2686 p.561
1485 2638 1525 2673 et

78 2696 155 2734 την
184 2684 444 2736 Κομαναίων
472 2680 624 2738 ταύτην
653 2683 923 2739 ἀστυγείτονα
949 2682 1070 2728 πόλιν
1097 2692 1201 2730 orat.
1233 2689 1283 2730 de
1317 2689 1523 2742 Baptismo
