1780 3132
281 228 353 266 DE
388 223 835 266 ADMINISTRANDO
876 225 1098 263 IMPERIO
1147 222 1265 263 CAP.
1306 222 1372 264 49.
1482 215 1570 260 181

1017 318 1031 333 ζ

123 342 188 374 νες
215 326 422 378 ποταμοί,
461 321 484 364 ὅ
516 339 559 364 τε
598 323 752 369 Τάναϊς
781 322 979 377 ποταμός,
1010 337 1030 361 ο
1064 320 1144 364 ἀπὸ
1179 319 1226 364 τὸ
1255 320 1429 374 κὰστρον
1458 320 1575 371 Σάρ-

123 396 194 432 κελ.
223 391 477 445 ἐρχόμενος,
515 391 588 429 καί
623 388 669 430 τὸ
705 386 969 442 Χωράκουλ,
1012 391 1055 429 ἐν
1089 381 1122 444 ᾧ
1159 388 1231 428 καί
1257 386 1303 429 τὸ
1331 384 1576 440 βερζήτικον

124 454 362 498 ἅλιεύεται·
419 457 502 497 εἰσί
531 458 577 496 δὲ
614 457 687 495 καί
728 453 858 508 ἕτεροι
889 455 1078 506 ποταμοί,
1111 452 1135 493 0‘
1162 452 1258 495 Βάλ
1286 452 1356 493 καί
1385 449 1405 491 ὅ
1436 455 1576 503 Βουρ-

127 523 204 574 alx,
233 521 253 563 ὁ
285 521 436 575 Χαὸἡρ
468 524 540 563 καί
567 517 685 562 ἄλλοι
707 525 888 560 πλεῖστοι
916 522 1107 570 ποταμοί.
1166 522 1210 561 ἑκ
1239 521 1284 560 δὲ
1312 520 1386 572 τῆς
1417 515 1576 558 Mat&-

90 590 240 636 ὅτιὸος
270 589 416 642 λιζιινης
446 588 659 640 ἐξέρχεται
700 584 869 636 στόμιον
909 584 955 625 τὸ
990 588 1178 639 Βουρλίκ
1205 583 1577 635 ἐπονομαζόμενον,

125 653 197 694 καί
231 653 335 706 πρὸς
370 651 445 706 την
479 654 554 694 τοῦ
582 649 752 693 Πόντου
794 652 1016 692 θάλασσαν
1049 657 1236 704 καταρεῖ,
1269 652 1312 690 ἐν
1344 644 1378 706 ᾧ
1408 650 1524 689 ἐστίν
1556 644 1577 687 ὃ

124 719 351 772 Βόσπορος.
429 716 600 772 α’ντικρύ
651 719 696 758 δὲ
725 719 798 770 τῆς
826 716 1051 771 Βοσπόρου
1080 718 1126 757 τὸ
1163 715 1426 769 Ταμοίταρχα
1455 710 1576 766 λεγό-

122 800 248 838 μενον
277 783 456 839 κάστρον
484 785 598 826 ἐστι’·
654 781 698 824 τὸ
730 784 777 824 δὲ
803 783 1012 838 διάστημα
1042 785 1115 824 τοῦ
1140 781 1378 836 περάματος
1394 781 1466 822 τοῦ
1494 794 1579 821 τοι-

124 851 249 892 ούτου
283 851 458 902 στομίου
492 850 581 891 έστί
605 849 724 901 μίλια
756 847 820 903 ιη’.
878 850 920 890 έν
950 850 995 889 δὲ
1023 850 1080 904 τῷ
1107 850 1223 903 μέσῳ
1254 851 1337 887 τῶν
1366 844 1501 886 αὐτῶν
1524 846 1578 899 ιη’

69 926 112 960 10
123 918 273 968 μιλίων
303 917 397 957 ἐστι’
433 915 574 970 νησιόν
613 917 719 968 μέγα
747 913 937 968 χαμηλὸν
979 912 1026 954 τὸ
1057 913 1274 967 λεγόμενον
1300 912 1436 964 Ἀτέχ.
1495 909 1577 951 ἀπὸ

123 980 170 1023 τὸ
206 979 468 1034 Ταμάταρχά
500 983 588 1022 ἐστι
619 979 808 1032 ποταμὸς
850 977 929 1020 (Ino
957 981 1106 1032 μιλίων
1146 977 1195 1034 ιη’
1231 976 1258 1033 ἢ
1286 978 1358 1020 καί
1385 977 1430 1033 κ’,
1459 975 1578 1032 λεγό-

121 1062 244 1100 μενος
276 1044 484 1101 Οὖκροιῖχ,
513 1046 535 1087 ὅ
569 1047 834 1099 ὁ“ιαχωρι’ζων
859 1045 934 1099 τήν
952 1048 1105 1099 Ζιχιάν
1138 1044 1211 1086 καί
1231 1043 1275 1085 τὸ
1300 1044 1576 1098 Ταμάταρχα.

93 1111 206 1154 wind
239 1115 286 1155 δὲ
325 1113 400 1154 τοῦ
447 1112 646 1166 Οὕκρούχ
689 1113 815 1165 μέχρι
855 1114 931 1153 τοῦ
970 1110 1191 1164 Νικόψεως
1230 1112 1437 1164 ποταμοῦ,
1467 1111 1511 1150 ἐν
1543 1103 1580 1166 (ᾖ

126 1178 198 1220 καί
224 1179 404 1234 κοίστρον
432 1178 546 1220 ἐστίν
587 1177 808 1231 ὁμώνυμον
845 1179 901 1234 τῷ
942 1179 1127 1233 ποταμῷ,
1165 1175 1274 1218 ἔστιν
1303 1176 1327 1230 ἡ
1352 1174 1475 1229 χώρα
1505 1177 1578 1229 τῆς

69 1248 112 1283 15
126 1247 304 1297 Ζιχίας·
361 1242 407 1286 τό
441 1246 486 1286 δὲ
519 1242 729 1299 διάστημά
765 1246 852 1286 ἐστι
880 1244 1001 1296 μι’λια
1028 1242 1075 1284 τ’.
1132 1239 1293 1284 ἄνωθεν
1321 1245 1394 1297 τῆς
1422 1242 1577 1295 Ζιχιάς

123 1311 239 1352 ἐστὶν
265 1309 290 1364 ἦ
321 1307 440 1364 χώρα
470 1309 493 1364 ἦ
533 1311 729 1364 λεγομένη
761 1312 993 1364 Παπαγιά,
1023 1310 1094 1350 καί
1120 1305 1286 1350 ἄνωθεν
1316 1310 1388 1360 τῆς
1416 1311 1577 1349 Παπα-

123 1376 216 1429 γιἀς
239 1373 384 1429 χώρας
412 1375 522 1417 ἐστίν
551 1375 573 1430 ἦ
602 1377 725 1429 χώρα
754 1374 778 1429 ἦ
809 1376 1006 1430 λεγομένη
1045 1374 1276 1428 Κασαχία·
1337 1370 1499 1415 ἄνωθεν
1530 1375 1577 1415 δὲ

123 1443 198 1495 τῆς
229 1442 455 1495 Κασαχιάς
496 1436 573 1496 ὅρη
601 1439 653 1482 τὰ
685 1439 915 1483 Καυκάσιοί
949 1441 1053 1493 εἰσι,
1094 1443 1166 1483 καί
1193 1441 1276 1482 τῶν
1304 1440 1437 1494 ὀρέων
1465 1435 1577 1480 ἅνω-

123 1509 200 1548 θέν
227 1508 340 1549 ἐστιν
369 1507 392 1561 ἢ
420 1507 543 1562 χώρα
574 1510 646 1561 τῆς
683 1508 891 1555 Ἀλανιάς.
960 1507 984 1562 ἦ
1018 1509 1064 1549 δὲ
1091 1509 1164 1562 τῆς
1192 1508 1346 1559 Ζιχιάς
1374 1505 1578 1560 παράλιος

66 1579 112 1616 20
124 1570 214 1626 ἔχει
242 1574 379 1628 νησιά,
412 1572 459 1615 τό
494 1575 603 1627 μέγα
633 1576 776 1627 νησιόν
808 1576 879 1615 καί
905 1572 958 1614 ui
993 1576 1089 1627 τρία
1123 1577 1243 1628 νησία
1263 1591 1272 1600 ·
1331 1570 1500 1614 ἔνδοθεν
1529 1573 1576 1613 δὲ

122 1637 280 1680 τούτων
324 1641 408 1681 εἰσί
450 1639 522 1680 καί
552 1638 673 1691 ἕτερα
701 1640 823 1694 νησιά
856 1637 906 1680 zei
949 1640 1220 1693 ἐπινοηθέντα
1250 1639 1322 1680 καί
1351 1637 1463 1692 παρὰ
1493 1641 1610 1679 τῶνΡ
1635 1641 1703 1678 114

123 1706 267 1757 Ζιχιόν
296 1706 530 1759 κτισθέντα,
561 1706 607 1745 τό
637 1720 679 1746 τε
724 1703 1001 1759 Τουργανὴρχ
1030 1703 1104 1746 καί
1130 1704 1174 1746 τὸ
1210 1704 1477 1759 Τζαρβαγάνι.
1505 1706 1577 1745 καί

123 1767 264 1823 ἕτερον
293 1770 447 1825 νησίον,
480 1769 551 1811 καὶ
580 1772 640 1819 εἰς
665 1769 736 1812 τὸν
763 1773 840 1812 τοῦ
867 1773 1059 1823 ποταμοῦ
1076 1773 1224 1823 λιμένα
1255 1770 1394 1824 ἕτερον
1421 1770 1573 1825 νησιὀν,

123 1834 197 1877 καί
223 1837 283 1883 εἰς
309 1834 383 1884 τὰς
412 1838 605 1886 Πτελέας
644 1838 799 1892 ἕτερον,
828 1838 872 1878 ἐν
912 1831 946 1894 ᾧ
975 1838 1018 1878 έν
1046 1843 1137 1886 ταῖς
1165 1840 1248 1879 ταῖν
1271 1837 1457 1880 Ἀλανῶν
1486 1838 1574 1877 ἑπι-

218 1969 238 2002 7
263 1968 510 2017 ταμάρῐαρχα
530 1970 567 2003 Μ
660 1969 707 2006 24
731 1971 772 2007 ἐν
794 1976 877 2005 ante
901 1974 983 2010 ταῖς
1006 1970 1078 2004 add
1103 1970 1129 2004 B

123 2094 144 2115 a
167 2081 290 2116 Sarcel
312 2082 421 2123 venit,
448 2088 484 2116 et
512 2082 707 2125 Choracul,
746 2085 783 2117 in
809 2095 880 2129 quo
908 2083 1028 2117 oxiani
1055 2083 1163 2129 piscis
1190 2087 1335 2128 captura
1361 2087 1416 2115 est
1436 2093 1446 2124 3
1466 2082 1574 2116 item-

123 2140 196 2174 que
223 2129 286 2161 alii
311 2129 424 2170 fluvii,
450 2130 524 2170 Bal,
550 2131 676 2171 Bmlic,
704 2130 860 2171 Chader,
887 2136 996 2176 atque
1020 2131 1083 2163 alii
1109 2130 1319 2174 complures.
1370 2129 1433 2162 sed
1457 2134 1510 2162 est
1537 2134 1574 2162 et

123 2175 318 2209 Maeotidis
341 2175 482 2220 paludis
507 2178 662 2218 ostium,
692 2178 791 2223 quod
826 2178 944 2210 Burlic
979 2178 1251 2221 cognominatur
1290 2182 1326 2209 et
1355 2177 1392 2209 in
1420 2178 1572 2209 Pontum

125 2221 271 2265 defluit3
313 2223 374 2256 ubi
405 2224 576 2268 Bosporus
603 2231 667 2264 est,
691 2226 747 2258 cui
773 2226 937 2269 opposita
977 2225 1060 2257 urbs
1086 2223 1322 2257 Tamatarcha
1349 2229 1572 2268 nuncupata3

123 2269 343 2314 praedictum
368 2276 485 2303 autem
512 2272 640 2304 ostium
667 2277 722 2304 est
745 2272 895 2304 traiectu
923 2271 1120 2304 octodecim
1147 2271 1349 2311 miliarium,
1374 2276 1411 2304 et
1433 2271 1471 2303 in
1495 2281 1573 2303 me-

125 2315 186 2349 dio
217 2315 413 2350 octodecim
447 2318 635 2351 miliarium
674 2318 790 2352 insula
821 2330 945 2362 magua
982 2324 1018 2351 et
1043 2319 1209 2362 depressa
1238 2323 1314 2359 est,
1343 2328 1433 2362 quae
1460 2317 1573 2350 Atech

124 2368 362 2407 nuncupatur.
421 2375 439 2395 a
467 2364 699 2398 Tamatarcha
737 2365 934 2398 octodecim
971 2371 1034 2398 aut
1063 2365 1187 2408 viginti
1221 2364 1420 2397 miliaribus
1445 2363 1573 2397 fluvius

126 2415 181 2442 est
199 2409 336 2442 Ucruch
363 2411 578 2454 appellatus,
605 2413 666 2458 qui
692 2411 844 2444 Zichiam
870 2418 906 2445 et
930 2411 1163 2445 Tamatarcha
1188 2416 1338 2456 separat.
1364 2411 1408 2443 ab
1435 2409 1574 2443 Ucruch

125 2467 240 2501 usque
267 2457 438 2501 Nicopsin
465 2457 608 2499 flumen,
645 2460 682 2491 in
703 2471 773 2504 quo
801 2460 907 2491 etiam
936 2458 1019 2491 urbs
1047 2458 1206 2492 eiusdem
1230 2458 1385 2491 nominis
1408 2457 1573 2496 habetur,

124 2503 240 2536 Zichia
265 2509 328 2543 est,
354 2503 399 2535 ad
420 2505 572 2548 spatium
598 2506 788 2538 miliarium
814 2511 1065 2539 trecentorum.
1115 2517 1219 2550 supra
1240 2504 1391 2537 lichiam
1421 2505 1574 2549 Papagia

125 2550 224 2594 regio
253 2550 364 2591 iacet,
390 2562 494 2595 supra
522 2553 709 2596 Papagiam
737 2552 918 2592 Casachia,
948 2564 1056 2597 supra
1080 2552 1280 2585 Casachiam
1307 2563 1406 2584 mons
1435 2552 1573 2585 Cauca-

125 2607 197 2636 su3‚
222 2608 328 2641 supra
351 2603 508 2630 montem
535 2598 727 2632 Caucasum
751 2599 878 2632 Alania
907 2600 1013 2641 regio.
1075 2598 1214 2632 Zichiae
1241 2604 1359 2632 autem
1381 2610 1441 2631 ora
1465 2598 1574 2630 mari-

125 2643 212 2677 tima
237 2644 372 2676 insulas
399 2643 519 2684 habet,
545 2657 649 2678 unam
674 2657 832 2689 magnam
856 2651 892 2678 et
919 2651 988 2680 tres
1007 2657 1152 2691 parvas,
1177 2647 1271 2679 intra
1298 2657 1386 2690 quas
1415 2650 1452 2678 et
1478 2645 1572 2677 aliae

125 2695 208 2722 sunt
234 2691 371 2723 insulae
398 2702 419 2723 a
442 2691 555 2724 Zichis
581 2693 696 2726 cultae
715 2693 980 2738 habitataeque‚
1005 2698 1091 2738 puta
1106 2692 1333 2736 Turganerch
1358 2697 1395 2725 et
1414 2691 1573 2725 Tzarba-

129 2736 229 2778 gani,
256 2742 292 2769 et
320 2743 502 2781 praeterea
527 2738 597 2771 alia
626 2739 800 2784 quaedam
816 2765 825 2779 ‚
866 2745 902 2773 et
927 2739 971 2772 ad
997 2745 1138 2785 portum
1172 2740 1328 2772 fluminis
1360 2739 1444 2780 alia,
1468 2744 1504 2771 et
1526 2737 1574 2770 ad

127 2783 266 2827 Pteleas
292 2784 386 2824 alia,
423 2785 461 2818 in
499 2796 604 2831 quam
628 2787 750 2820 Alanis
787 2786 1039 2821 invadentibus
1071 2786 1167 2821 Zichi
1205 2786 1428 2831 confugiunt.
1479 2794 1573 2831 quae
1626 2813 1631 2817 .
