1780 3132
306 170 376 210 DE
414 168 860 210 ADMlNlSTRANDO
902 166 1123 209 IMPERIO
1161 166 1279 207 CAP.
1320 169 1385 210 529.
1479 160 1570 204 133

132 268 205 308 καί
230 267 270 308 εἰ
306 268 386 319 οὕχ
424 265 575 320 εὕρητε
611 266 762 315 αύτούς
789 268 1090 320 ἐργαζομένους
1119 265 1194 314 τὰς
1229 263 1395 311 ἁλύσεις
1425 265 1496 303 καί
1523 260 1571 302 τα

132 331 289 387 δεσμά,
327 332 549 385 γινώσκετε
585 330 650 373 ὅτι
689 330 825 373 πάντα
865 332 914 374 τὰ
943 334 1041 384 παρ’
1073 333 1177 384 ἐμοῦ
1205 328 1439 381 λαλούμενα
1470 327 1572 380 ύμῖν

131 400 224 440 ἐστι’
250 400 411 452 ψευδῆ·
468 400 507 439 εἰ
531 400 576 439 δὲ
601 399 807 454 α’ληθεύω,
836 401 1090 454 φροντίσατε
1116 397 1190 453 τήν
1221 398 1428 452 σωτηρίαν
1453 395 1574 446 ὑμῶν

132 462 205 504 καί
231 465 305 515 ἐμὲ
331 463 628 517 εύεργετήσατε
658 464 728 505 τὸν
753 463 804 504 τὰ
834 462 996 519 χρηστά
1031 463 1102 505 καί
1128 461 1314 518 σωτήρια
1341 460 1442 514 ὑμῖν
1470 463 1575 514 βου-

97 529 398 581 5λευσάμενον,
460 528 497 571 οἱ
541 531 587 571 δὲ
629 525 827 585 ἄρχοντες
867 532 1106 579 πεισθέντες
1146 530 1203 586 τῷ
1241 531 1316 570 τοῦ
1363 527 1576 568 Suadam&

129 592 245 651 λόγῳ,
274 593 527 646 θεασάμενοι
567 595 612 635 δὲ
642 594 714 636 καί
739 594 814 643 τὰς
843 592 1012 643 ἁλύσεις
1043 598 1115 636 καί
1144 594 1194 637 τὰ
1228 594 1388 646 δεσμά,
1416 591 1575 635 τελείαν

128 662 420 716 πληροφορίαν
446 659 619 713 ἔλαβον,
665 663 739 701 καί
764 659 898 702 ἔκτοτε
929 663 1130 713 ἐμελέτων
1158 660 1232 714 τήν
1262 658 1474 701 α’παὶλειαν
1501 658 1576 700 τοῦ

130 725 258 781 ῥηγὸς
277 727 512 780 Λοδοΐχου.
572 725 595 766 ὅ
625 727 670 767 δὲ
700 724 778 781 ῥηξ
805 729 940 767 ταῦτα
971 727 1104 768 πάντα
1128 728 1285 781 α’γνοῶν
1302 727 1449 780 ἐξῆλθε
1471 722 1609 779 πρόςΡ
1633 731 1678 766 90

129 791 177 833 τὸ
207 794 460 846 κυνηγῆσαι·
518 791 858 845 ὑποστρέψαντος
887 793 934 834 δὲ
964 790 1002 833 οἱ
1037 792 1182 834 τούτου
1225 788 1420 844 ἄρχοντες
1448 787 1576 844 ἐκρά-

75 866 117 900 10
132 873 261 910 τησαν
288 856 332 899 τὸ
361 856 567 910 κάστρον,
610 857 668 910 μή
713 856 913 906 ἐάσαντες
946 858 1070 900 αύτὸν
1097 859 1313 900 εἰσελθεῖν.
1371 856 1390 896 ὅ
1424 857 1469 896 δὲ
1498 854 1577 911 ῥὴξ

129 920 342 976 Λοδόϊχος
383 923 460 977 τήν
499 926 582 964 τῶν
622 921 834 977 ἀρχόντων
874 922 1064 966 ἔνστασιν
1106 925 1367 976 θεασάμενος
1410 923 1467 971 εἰς
1504 919 1577 975 τήν

128 987 240 1030 ἰδίαν
257 988 402 1042 χώραν
432 988 707 1044 ὑπέστρεψεν.
766 988 804 1031 οἱ
836 991 880 1031 δὲ
911 986 1109 1043 ἄρχοντες
1129 987 1242 1031 εἶπον
1265 987 1365 1042 πρὸς
1382 987 1454 1030 τόν
1474 990 1575 1029 Σολ-

128 1053 253 1095 δανὸν
273 1053 347 1095 “u‘
379 1049 463 1106 ἄρα
492 1057 631 1103 θέλεις
660 1055 769 1108 ἡμᾶς
810 1058 986 1108 ποιῆσαί
1016 1073 1081 1096 σοι
1124 1056 1222 1108 περὶ
1255 1057 1327 1108 τῆς
1356 1056 1576 1109 γενομένης

102 1120 186 1174 ,εἰς
214 1115 321 1172 ἡμᾶς
350 1118 465 1172 παρὰ
487 1122 568 1160 σοῦ
585 1123 838 1174 σωτηρίας”,·
871 1118 955 1162 ὅδὲ
978 1122 1163 1177 ᾐτήσατο
1183 1122 1226 1162 ἐν
1254 1123 1304 1178 τῇ
1340 1121 1426 1176 ἰδίᾳ
1453 1118 1575 1176 χώρᾳ

73 1184 333 1226 15ιίπολῦσαι
357 1182 499 1237 αὕτόν,
522 1187 593 1226 καί
612 1186 762 1227 τούτου
784 1189 1005 1239 γενομένου
1033 1187 1220 1240 α’πῆλθεν
1240 1189 1284 1228 ἑν
1302 1186 1487 1242 Ἀφρικῇ
1516 1185 1575 1232 εἰς

127 1247 203 1302 τὴν
235 1249 351 1292 ἰδίαν
393 1252 525 1291 αυ’τοῦ
561 1252 721 1305 χώραν.
777 1251 835 1306 μή
867 1251 1171 1304 ἐπιλαθόμενος
1209 1253 1253 1293 δὲ
1291 1254 1363 1305 τῆς
1393 1249 1578 1304 α’ρχαίας

126 1314 264 1356 αὐτοῦ
291 1318 437 1364 κακίας
467 1318 845 1372 ἐστρατοπέδευσε,
883 1317 954 1358 καί
992 1313 1095 1372 ἦλθε
1132 1318 1240 1369 μετὰ
1286 1315 1504 1368 δυνάμεως
1533 1316 1578 1356 ἐν

125 1379 284 1438 Καπύῃ
310 1384 384 1422 καί
411 1384 454 1423 έν
477 1385 717 1440 Βενεβενδτῇ
757 1382 862 1436 πρὸς
891 1382 938 1424 τὸ
969 1384 1245 1438 πολιορκῆσαι
1274 1384 1346 1423 καί
1371 1378 1576 1431 ὑποτάξαι

125 1447 292 1496 αύτούς.
346 1445 384 1488 οἱ
406 1450 452 1490 δὲ
477 1447 526 1489 τά
561 1451 732 1489 τοιαῦτα
753 1449 910 1502 κάστρα
932 1451 1176 1502 κρατοῦντες
1193 1450 1440 1490 α’πέστειλαν
1474 1448 1576 1499 πρέ-

68 1520 113 1556 20
125 1516 238 1566 σβεις
262 1511 377 1567 «πρὸς
405 1512 477 1554 τὸν
504 1512 609 1569 ῥῆγα
642 1513 857 1567 Λοδόϊχον
884 1517 928 1555 ἑν
952 1514 1156 1570 Φραγγίᾳ,
1188 1517 1258 1556 ἵνα
1287 1514 1424 1555 ἐλθών
1452 1527 1576 1555 συνε-

124 1576 361 1633 παμύνηται
401 1581 540 1628 αὐτοῖς
572 1579 677 1621 κατὰ
708 1583 784 1622 τοῦ
813 1582 1026 1620 Σολὸανοῦ
1057 1580 1129 1621 καί
1154 1584 1237 1621 τῶν
1264 1580 1491 1634 Ἀφρικῶν.
1549 1578 1574 1619 ὅ

124 1645 171 1686 δὲ
205 1642 281 1700 ῥὴξ
306 1645 519 1698 Λοδόϊχος
558 1648 692 1687 ταῦτα
728 1647 903 1700 μαθών,
944 1648 1017 1687 καί
1053 1643 1178 1701 ὅνπερ
1218 1644 1385 1699 ἐποίησε
1422 1645 1574 1697 τρόπον

125 1706 146 1749 ὁ
174 1710 383 1759 Σολδανὸς
419 1714 565 1759 πείσας
604 1711 675 1752 καί
709 1710 806 1760 τούς
847 1707 1056 1766 ἄρχοντας
1096 1707 1161 1753 ὅτι
1206 1713 1402 1764 δεσμίους
1429 1713 1573 1762 μέλλει

124 1773 238 1827 ὑμᾶς
265 1774 285 1816 ὃ
316 1775 395 1831 ρἡ
429 1778 473 1818 ἐν
516 1780 708 1835 Φραγγίᾳ
748 1779 961 1832 ἐξορίσαι,
1004 1775 1290 1832 οἶντεδήλωσεν
1334 1776 1476 1824 αὐτοῖς
1507 1772 1570 1817 ὅτι

124 1985 180 2017 sin
196 1994 280 2018 vera
305 1983 442 2026 dixero,
468 1996 572 2018 curae
597 1986 698 2019 vobis
722 1987 767 2019 sit
794 1987 937 2031 propria
962 1987 1071 2027 salus,
1097 1986 1273 2030 mihique,
1299 1986 1484 2031 quintilia
1505 1997 1568 2018 vo-

122 2030 182 2064 bis
207 2037 245 2064 et
270 2032 438 2064 salutaria
460 2033 608 2065 consilia
635 2032 805 2074 dederim,
828 2033 1039 2066 beneficium
1070 2032 1242 2066 reddite.”
1301 2034 1458 2077 persuasi
1482 2044 1567 2065 vero

121 2078 302 2123 principes
326 2077 464 2111 soldani
492 2079 608 2112 verbis
625 2105 634 2120 ,
673 2080 906 2124 compedibus
930 2087 963 2113 et
989 2080 1142 2113 vinculis
1176 2080 1392 2124 conspectis,
1420 2079 1566 2112 omnino

122 2124 162 2157 id
189 2124 287 2169 quod
313 2130 388 2158 erat
412 2125 650 2167 crediderunt,
675 2133 782 2172 atque
810 2138 852 2159 ex
878 2139 919 2159 eo
946 2132 1109 2172 tempore
1139 2125 1183 2159 de
1212 2125 1374 2159 tollendo
1393 2137 1472 2170 rege
1494 2127 1566 2158 Lu-

124 2170 252 2204 dovico
277 2172 468 2205 consilium
493 2179 678 2218 ceperunt.
727 2185 788 2206 rex
814 2179 930 2206 antem
953 2173 1077 2206 horum
1104 2174 1260 2206 omnium
1291 2175 1430 2217 ignarus
1455 2184 1565 2205 vena-

123 2223 199 2251 tum
227 2217 430 2262 egreditur3
453 2230 604 2265 cumque
629 2227 887 2260 reverteretur,
914 2221 1092 2265 principes
1117 2220 1228 2264 ipsius
1251 2220 1322 2252 loci
1347 2219 1435 2252 urbe
1461 2231 1566 2252 occu·

122 2269 207 2310 pata
239 2265 371 2298 intrare
408 2277 488 2299 eum
513 2268 657 2300 minime
682 2267 930 2312 permiserunt.
982 2279 1041 2300 rex
1066 2268 1190 2312 itaque
1214 2266 1416 2300 Ludovicus
1446 2267 1565 2299 insur-

123 2316 248 2354 gentes
276 2318 397 2344 contra
422 2324 459 2345 se
487 2315 665 2358 principes
692 2314 817 2347 videns
850 2313 894 2346 ad
922 2325 984 2346 sua
1018 2314 1226 2357 regreditur.
1275 2314 1454 2358 principes
1478 2325 1563 2346 vero

123 2357 274 2390 soldano
296 2358 417 2391 dixere
437 2358 551 2405 “quid
575 2361 644 2394 tibi
673 2362 723 2394 vis
753 2361 918 2393 faciamus
944 2372 1007 2405 pro
1038 2371 1080 2393 eo
1110 2360 1208 2405 quod
1231 2371 1295 2393 nos
1323 2361 1514 2393 servaveris
1525 2358 1564 2393 ?'’

120 2405 185 2438 ille
210 2415 294 2438 vero
321 2405 455 2439 dimitti
483 2406 530 2439 ad
556 2419 638 2440 suos
663 2408 790 2449 voluit,
817 2418 933 2451 eoque
958 2407 1051 2440 facto
1079 2407 1116 2440 in
1144 2407 1296 2440 Africam
1320 2407 1500 2452 profectus
1526 2407 1563 2439 in

120 2452 302 2496 propriam
327 2452 508 2495 regionem
533 2464 570 2486 se
597 2455 742 2499 recepit.
792 2455 964 2498 pristinae
988 2459 1103 2487 autem
1123 2454 1277 2486 malitiae
1294 2454 1440 2487 minime
1466 2453 1562 2486 obli-

121 2503 201 2538 tus,
239 2499 396 2532 exercitu
421 2500 573 2534 collecto
601 2512 679 2534 cum
704 2512 830 2545 magna
856 2511 962 2534 manu
988 2501 1034 2533 ad
1059 2500 1273 2534 obsidendas
1298 2500 1563 2545 capiendasque

122 2544 228 2577 urbes
258 2544 418 2590 Capuam
441 2557 483 2579 ac
512 2548 754 2582 Beneventum
787 2548 897 2580 venit.
948 2547 1108 2592 Capuani
1141 2558 1224 2580 vero
1258 2558 1298 2580 ac
1321 2546 1564 2581 Beneventani

121 2591 256 2635 legatos
280 2592 320 2625 in
346 2592 526 2627 Franciam
556 2595 599 2627 ad
629 2606 745 2638 regem
769 2594 987 2628 Ludovicum
1006 2595 1164 2634 mittunt,
1191 2596 1242 2628 uti
1272 2595 1453 2640 suppetias
1476 2594 1563 2639 ipsis

119 2637 289 2671 adversus
313 2638 499 2673 soldanum
528 2647 564 2674 et
589 2642 692 2675 Afros
718 2641 839 2674 ferret.
890 2646 926 2674 at
950 2652 1010 2674 rex
1029 2640 1228 2674 Ludovicus
1254 2640 1309 2674 his
1336 2641 1499 2685 cognitis,
1526 2645 1565 2673 et
1587 2637 1592 2642 ’

121 2684 301 2729 quomodo
334 2687 466 2730 egisset
490 2688 680 2729 soldanus,
707 2686 929 2733 principibus
961 2687 1181 2734 persuadens
1201 2699 1316 2732 regem
1340 2687 1562 2734 compeditos

119 2731 158 2764 in
179 2731 364 2766 Franciam
400 2735 542 2768 mittere
580 2735 754 2776 voluisse,
786 2735 836 2768 sic
867 2735 954 2781 ipsis
990 2734 1174 2781 respondit
1195 2734 1384 2781 “poenitet
1416 2733 1562 2781 quidem
