1780 3132
298 143 390 193 348
603 155 858 197 BANDUmi
898 157 1389 201 ANJMADVERsmNEs

411 267 506 309 140,
527 266 566 304 Ψ.
603 263 920 314 Λουμβρικάτον
946 268 1061 307 hodie
1088 270 1277 321 Vergada
1315 274 1577 323 nuncupatur,
1609 275 1648 310 et
1673 284 1699 311 a

297 317 432 357 Slavis
462 316 633 358 Laucat
659 320 815 361 dicitur.

318 436 340 473 d
386 380 510 474 Ᾱόὶιέ.
522 386 591 474 110.
647 380 763 431 Πιζύ
765 398 795 433 χ
824 398 926 425 nunc
954 384 1061 426 Sale
1088 387 1328 438 appellatam
1354 389 1411 429 ait
1428 390 1570 430 Lucius
1594 404 1631 442 p.
1646 393 1699 430 48

295 448 316 473 e
345 466 354 475 .
424 448 480 474 ms
500 447 520 474 e
540 463 549 472 .

399 498 505 540 Ibid.
562 498 700 550 Σελβαὶ
730 502 853 543 Selva
879 504 995 544 hodie
1023 509 1278 556 nuncupatur.

293 619 325 657 L
377 562 507 626 Ulbia.
565 562 722 618 Σκερδά
755 566 951 609 ›Sc-herda
985 570 1193 610 etiamnum
1226 571 1473 622 appellatur,
1498 575 1542 612 ut
1566 573 1701 613 scribit

327 631 447 658 uenis.

401 681 507 722 Ibid.
563 681 727 734 Ἀλωήπ
755 687 843 725 Nun
870 687 990 726 Lucio
1019 688 1256 739 appellatur.

398 745 505 788 Ibid.
562 743 855 801 Σκιρδάκισσα]
889 752 930 791 id
959 755 1017 791 est
1050 752 1204 803 Scirda,
1233 765 1334 792 nunc
1364 752 1543 794 Scherda
1572 752 1699 805 Cissa,

294 813 397 840 nuuc
424 802 567 854 Pagus,
597 803 721 854 inquit
748 804 902 844 Lucius.

292 919 325 958 L
377 864 508 927 Ulbia.
543 871 607 906 11.
660 862 877 917 'Mszsth
915 868 1032 908 hodie
1069 869 1170 908 hanc
1208 869 1405 909 Meladam
1444 869 1521 913 dici
1562 873 1699 913 scribit

327 931 450 958 uelus.

397 982 505 1025 Ibz’d.
559 980 820 1037 Ἐστιουνήζ]
851 998 953 1025 nunc
980 985 1158 1026 Sestrum
1183 991 1440 1039 nuncupatur.

399 1051 491 1099 141,
518 1052 557 1088 3.
614 1046 658 1085 ἐκ
690 1049 868 1086 παλαιοῦ
903 1049 979 1098 μὲν
1017 1048 1152 1088 τοίνυν
1179 1047 1204 1099 ἦ
1233 1050 1460 1100 Λελματία]
1499 1053 1699 1094 Dalmatia

291 1102 355 1141 hic
383 1115 408 1142 a
434 1103 776 1154 Porpliyrogenito
808 1115 881 1154 pro
909 1104 1095 1143 universo
1131 1105 1365 1144 occidentali
1392 1107 1553 1155 Illyrico
1581 1119 1698 1159 prae·
1750 1148 1752 1152 ,

293 1161 355 1194 ter
383 1156 548 1196 Noricos
575 1157 751 1206 sumitur,
780 1164 824 1197 ut
854 1158 997 1209 optime
1025 1158 1304 1198 animadvertit
1333 1159 1476 1199 Lucius
1506 1165 1529 1200 1
1557 1166 1608 1201 6:
1647 1163 1697 1202 cf.

286 1210 497 1250 ‘Dandulus
526 1223 563 1261 p.
600 1213 680 1250 183
707 1210 755 1251 A.

397 1273 504 1315 [bid.
525 1279 564 1314 9.
619 1271 733 1324 παρὰ
762 1273 840 1313 τῶν
854 1274 1129 1324 Σκλαβινικιδν
1155 1274 1304 1328 ἐθνῶν]
1338 1277 1530 1330 quomodo
1547 1290 1582 1317 *a
1607 1277 1699 1318 Sla-

290 1328 352 1369 vis
395 1333 587 1380 occupata
621 1329 743 1368 fuerit
779 1329 979 1368 Dalmatia
1013 1334 1154 1369 narrat
1192 1335 1231 1370 et
1268 1333 1396 1383 capite
1434 1332 1697 1383 praecedenti,

290 1382 395 1422 unde
421 1382 520 1422 haec
547 1395 632 1422 cum
662 1383 746 1422 illis
773 1383 1013 1422 conferenda
1043 1387 1145 1423 sunt.
1202 1387 1358 1436 quando
1383 1390 1514 1425 autem
1546 1384 1698 1425 Salona

290 1449 339 1475 ac
364 1436 542 1487 reliquae
566 1437 791 1476 Dalmatiae
815 1437 932 1477 urbes
961 1449 986 1475 a
1003 1436 1141 1477 slavis
1166 1443 1306 1490 captae
1330 1439 1489 1490 fuerint,
1518 1439 1697 1491 pluribus

290 1490 413 1530 tradit
438 1490 580 1529 Lucius
606 1491 633 1528 l.
663 1494 700 1530 1.

398 1553 504 1595 Ibid.
534 1559 599 1595 20.
656 1551 695 1592 οἱ
718 1554 906 1604 Τοῦρκοι]
935 1555 1051 1596 hodie
1069 1557 1170 1596 Unni
1200 1569 1270 1597 seu
1286 1557 1478 1608 Hungari.
1534 1558 1584 1597 de
1595 1559 1699 1599 Tur-

289 1608 345 1647 cis
374 1613 504 1648 autem
532 1609 711 1660 pluribus
739 1609 1106 1661 porphyrogenitus
1136 1611 1255 1651 infra.

401 1675 493 1722 143,
526 1676 590 1713 13.
646 1670 776 1722 πόρτα
805 1685 943 1725 purum
971 1677 1104 1724 putum
1132 1675 1314 1715 Latinum
1334 1679 1416 1726 est,
1442 1679 1580 1728 porta.
1634 1689 1701 1716 oc-

290 1726 428 1819 lcvpssrruiRts
464 1727 611 1778 passim
667 1727 771 1778 apud
827 1727 1043 1778 scriptores
1089 1728 1265 1768 Graecos
1316 1729 1407 1769 aevi
1454 1729 1698 1782 posterioris.

397 1853 503 1896 Ibid.
529 1859 595 1895 20.
650 1856 931 1906 Βαγιβαρειάς
960 1869 1029 1895 seu
1055 1857 1313 1906 Βαγιβαρειά
1347 1861 1407 1897 est
1434 1856 1598 1898 Slavum
1626 1870 1700 1898 vo-

291 1909 484 1959 cabulum,
515 1910 668 1950 Graece
698 1911 919 1959 detortum3
948 1911 987 1949 id
1016 1914 1076 1948 est
1105 1911 1391 1962 Βαβειαορεία,
1420 1912 1460 1951 id
1488 1915 1548 1951 est
1573 1909 1700 1952 Baba

292 1966 467 2013 montes,
499 1963 623 2003 Slave-
653 1961 787 2004 Babie
816 1963 952 2013 (iore,
982 1964 1166 2003 videlicet
1192 1966 1360 2005 Vetulae
1385 1966 1451 2004 vel
1478 1966 1701 2005 vetularum

291 2021 464 2066 montes,
496 2029 571 2069 quo
609 2019 764 2057 nomine
793 2018 998 2069 Carpathii
1033 2023 1185 2056 montes
1212 2019 1415 2058 Poloniam
1445 2019 1495 2058 ab
1522 2019 1703 2071 Ungaria

290 2071 610 2110 disterminantes
651 2071 701 2111 ab
739 2073 934 2125 aliquibus
974 2077 1259 2122 nuncupantur.
1339 2085 1390 2112 ex
1431 2072 1492 2112 his
1534 2079 1704 2124 apparet

293 2124 518 2164 Chrobatos
556 2138 581 2164 a
615 2124 818 2166 Sarmatia
857 2138 959 2165 nunc
985 2125 1150 2165 Polonia
1177 2126 1295 2173 dicta,
1323 2128 1388 2165 vel
1416 2126 1604 2166 Bohemia
1633 2138 1703 2165 ve-

291 2178 408 2218 nisse.
464 2179 532 2217 sed
561 2179 610 2217 de
637 2178 859 2230 Chrobatis,
887 2184 926 2219 et
965 2183 1075 2218 terra
1106 2191 1220 2230 quam
1247 2180 1317 2218 illo
1347 2184 1522 2232 tempore
1547 2180 1703 2220 habita-

291 2232 400 2281 bant,
430 2233 608 2283 pluribus
637 2234 723 2285 agit
749 2233 1112 2286 Porphyrogenitus
1139 2233 1268 2285 capite
1294 2233 1490 2286 sequenti3
1517 2234 1583 2274 ubi
1613 2234 1703 2274 vide

293 2296 394 2337 quae
424 2286 672 2326 adnotamus.
1511 2339 1517 2347 .

401 2353 491 2400 144,
517 2353 555 2390 8.
615 2348 842 2402 Φραγγιάν]
883 2351 947 2390 hic
985 2351 1195 2391 Franciam
1228 2350 1590 2403 Porphyrogenitus
1627 2362 1700 2402 pro

292 2403 486 2444 hodierna
515 2405 731 2445 Germania
758 2406 896 2454 sumit,
926 2408 969 2444 ut
997 2405 1048 2444 ad
1077 2409 1195 2456 caput
1219 2418 1385 2457 sequens
1413 2405 1700 2444 adnotabimus

292 2457 603 2497 Belochrobatos
641 2463 793 2508 autem,
829 2459 1008 2498 nimirum
1050 2455 1184 2499 Albos
1224 2458 1489 2509 cambutas,
1537 2470 1588 2498 ex
1617 2456 1703 2498 beli

293 2507 451 2553 IIruatt'
470 2516 562 2561 apte
582 2513 752 2562 deducit,
780 2525 865 2552 cum
883 2511 967 2553 heli
998 2513 1062 2552 vel
1081 2511 1168 2563 bili,
1196 2514 1281 2553 sive
1301 2517 1343 2552 ut
1363 2515 1561 2552 nostrates
1576 2509 1702 2562 Bieli,

294 2564 420 2607 Slave
449 2564 572 2606 albos
591 2566 796 2618 significet.

400 2628 508 2672 Ihm,
540 2634 604 2671 10.
637 2628 846 2683 Φραγγίας
877 2631 950 2682 τῆς
978 2628 1047 2670 καί
1071 2628 1238 2679 Σαξιάς]
1268 2630 1323 2671 sic
1351 2634 1389 2670 et
1413 2628 1454 2670 in
1476 2641 1558 2670 mss
1582 2628 1703 2670 habe-
