1780 3132
263 193 334 234 DE
369 189 812 234 ADMINISTRANDO
853 191 1075 232 IMPERIO
1131 188 1248 232 CAP.
1287 191 1354 234 53.
1456 184 1550 231 269

222 291 368 333 Ἰστὲον
397 288 459 333 ὅτι
489 292 534 332 έν
562 291 700 348 Ζηχίᾳ
731 289 830 345 πρὸς
859 288 932 331 τὸν
959 289 1080 331 τόπον
1107 291 1179 344 τῆς
1207 289 1356 344 Πάγης
1375 290 1446 343 τῆς
1472 286 1548 330 οὕ-

115 371 191 411 σης
224 354 330 410 πρὸς
366 355 412 399 τὸ
456 358 583 410 μέρος
610 358 684 411 τῆς
709 358 961 409 Παπαγίας,
992 357 1036 397 έν
1072 349 1107 413 ᾦ
1133 356 1372 397 κατοικοῦσι
1401 356 1549 410 Ζηχοί,

115 420 232 464 ἐννέα
255 421 384 476 πηγαὶ
410 423 514 464 εἶσῖν
542 418 688 477 ἄφθαν
718 422 1017 463 α’ναδιδοῦσαι·
1057 419 1164 475 πλὴν
1190 420 1269 474 οὐχ
1298 418 1554 473 ὅμοχροοῦσι

115 489 198 528 τῶν
224 489 340 529 ἐννέα
366 489 504 542 πηγῶν
534 486 585 529 τὰ
614 485 749 540 ἔλαια,
780 486 887 528 α’λλοὶ
917 487 968 528 τὰ
996 489 1074 539 μὲν
1100 488 1144 537 ἐξ
1175 486 1314 530 αὐτῶν
1330 487 1435 529 εἰσίν
1456 488 1553 541 έρυ-

82 552 199 607 5θρᾰ
230 551 281 594 τοὶ
315 554 362 594 δὲ
388 551 522 602 ’ξανθοὶ
554 552 604 594 τοὶ
637 554 683 594 δὲ
710 550 994 606 μελανώτερα.

221 620 366 661 Ἰστέον
393 616 455 659 ὅτι
482 619 527 660 ἐν
553 621 692 695 Ζηχίᾳ
720 618 764 659 έν
794 619 850 674 τῶ
877 615 989 674 τόπῳ
1018 618 1076 674 τῷ
1103 620 1345 675 καλουμένω
1361 615 1553 672 Πάπαγι,

114 682 161 724 έν
190 699 222 724 ω
262 684 334 725 καί
373 685 546 737 πλησίον
588 682 675 725 ἔστι
716 684 871 737 χωρίον
912 682 1271 737 ἐπονομαζόμενον
1309 686 1496 738 Σαπαξί,

111 745 384 804 ἑρμηνεύεται
412 745 630 803 κονιορτός,
661 748 772 791 ἔστιν
795 750 927 791 ἐκεῖσε
945 747 1095 804 βρύοις
1117 743 1264 804 αφθαν
1280 744 1553 791 οἷναδιδοῦσα.

214 813 364 856 Ἰστέον
393 810 458 855 ὅτι
487 815 558 855 καί
597 810 722 868 ἑτέρα
752 813 903 868 βρύοις
930 812 1044 855 ἔστιν
1069 815 1202 856 ἐκεῖσε
1230 809 1378 869 ἅφθαν
1409 816 1557 856 α’ναδι-

58 885 100 919 10
113 880 242 921 δοῦσα
269 881 314 921 έν
339 882 394 936 τῷ
421 881 562 936 χωρίῳ
594 881 651 936 τῷ
682 881 921 937 καλουμένῳ
951 877 1154 933 Χαμοόχ.
1210 878 1257 921 τό
1291 881 1339 921 δὲ
1368 879 1557 934 Χαμούχ

110 948 221 987 ἐστιν
259 940 388 997 ὄνομα
419 947 493 987 τοῦ
531 948 846 1000 συστησαμένου
887 946 1069 999 ἀρχαίου
1109 943 1264 1001 α’νδρός
1289 944 1336 988 τὸ
1366 948 1551 1002 χωρίον·

106 1010 153 1052 τὸ
186 1004 262 1053 οὖν
290 1013 444 1066 χωρίον
468 1013 598 1052 έκεῖνο
631 1009 702 1053 διά
741 1013 860 1052 τοῦτο
905 1010 1062 1066 ἐκλήθη
1093 1011 1288 1065 Χαμούχ.
1347 1007 1552 1065 ἀπέχουσι

107 1077 156 1118 δὲ
182 1074 222 1118 οἱ
250 1078 431 1118 τοιοῦτοι
467 1074 584 1119 τόποι
624 1075 703 1118 ἀπὸ
752 1078 825 1131 τῆς
856 1076 1072 1133 θαλάσσης
1114 1075 1212 1119 ὁδὸν
1255 1077 1551 1131 ι’διοκαβὰλλου

106 1142 264 1200 ἡμέρας
293 1145 403 1195 μιᾶς.

54 1211 96 1245 15
210 1209 358 1250 Ἰστέον
386 1206 448 1251 ὅτι
477 1209 522 1250 έν
548 1210 604 1266 τῷ
634 1211 787 1261 θέματι
815 1210 1041 1264 Δερζηνῆς,
1071 1211 1242 1263 πλησίον
1270 1209 1347 1249 τοῦ
1386 1211 1549 1263 χωρίου

105 1271 158 1315 τά
189 1276 392 1316 Σαπικίου
427 1274 501 1315 καί
527 1277 603 1316 τοῦ
632 1277 792 1328 χωρίου
832 1278 909 1316 τοῦ
941 1275 1251 1328 ὀνομαζομένου
1279 1274 1550 1331 Ἐπισκοπίου,

105 1338 192 1381 ἔστι
225 1337 330 1394 πηγὴ
365 1335 512 1393 ἅφθαν
538 1340 811 1384 ἀναδιδοῦσα.

208 1404 360 1448 Ἰστέον
398 1401 459 1446 ὅτι
495 1407 540 1447 έν
575 1406 631 1462 τῷ
669 1407 821 1457 θέματι
862 1407 937 1446 τοῦ
969 1406 1220 1459 Τζιλιάπερτ
1251 1405 1332 1447 ὖπό
1367 1404 1412 1448 τὸ
1445 1409 1550 1461 Ερε-

102 1468 319 1525 χιαβαροίξ
343 1469 453 1513 ἔστιν
481 1472 613 1513 ἐκεῖσε
641 1469 749 1525 πηγή
780 1466 928 1526 ὅφθαν
960 1471 1237 1513 ἀναδιδοῦσα.

47 1542 94 1578 20
213 1538 361 1579 Ἰστέον
400 1534 463 1578 ὅτι
493 1539 534 1579 εἰ
561 1534 784 1591 ἅντάρωσί
808 1551 906 1578 ποτε
947 1534 985 1577 οἱ
1015 1538 1090 1578 τοῦ
1114 1539 1295 1592 κάστρου
1325 1539 1551 1591 Χερσῶνος

104 1600 134 1657 ἦ
162 1604 328 1644 ἐναντία
367 1605 450 1644 τῶν
485 1604 713 1656 βασιλικῶν
757 1602 986 1644 κελεύσεων
1029 1605 1272 1657 βουληθῶσι
1321 1603 1550 1657 διαπράξα-

101 1671 218 1723 σθαι,
250 1664 463 1724 ὀφείλουσι
510 1670 733 1723 τηνικαῦτα
764 1666 843 1710 ὅσα
873 1668 1104 1723 εὑρεθῶσιν
1131 1669 1176 1710 ἐν
1205 1669 1257 1725 τῇ
1286 1668 1401 1710 πόλει
1435 1671 1549 1723 Χερ-

100 1731 295 1776 ammenti
324 1733 508 1787 καράβια
547 1733 649 1788 μετὰ
681 1736 758 1775 τοῦ
795 1732 924 1789 γόμου
949 1735 1088 1776 αυ’τῶν
1114 1734 1448 1787 εἰσκομίζεσθαι·
1509 1733 1548 1775 οἱ

195 1840 216 1874 7
240 1841 386 1879 Ζαπαξὶ
414 1840 449 1873 Μ
589 1840 612 1873 9
637 1841 820 1876 ἰστέον-
837 1839 1072 1875 ἀναδιδοῦσα
1098 1851 1152 1874 om
1180 1841 1218 1873 M
1340 1840 1383 1874 16
1403 1842 1546 1886 χωρίου

197 1889 393 1922 Τασαπίου
418 1887 455 1920 Μ
572 1887 616 1921 20
645 1890 678 1922 εἰ
701 1887 895 1933 ἀντάρωσί
926 1907 971 1913 --
997 1888 1200 1932 Χερσῶνος
1225 1886 1296 1920 add
1324 1887 1350 1919 B

193 1992 252 2025 Sic
276 2003 422 2038 quoqne
459 1993 496 2026 in
522 1992 639 2025 Zichia
674 1993 718 2025 ad
744 1993 859 2026 locum
894 1994 954 2037 qui
985 1993 1074 2037 Page
1117 1992 1258 2033 dicitur,
1286 2004 1405 2027 versus
1431 1994 1544 2038 Papa-

98 2039 202 2082 giam‚
231 2038 295 2071 ubi
324 2039 420 2072 Zichi
457 2038 645 2080 habitant,
679 2052 805 2073 novem
842 2039 958 2073 fontes
994 2045 1088 2079 sunt,
1112 2040 1173 2085 qui
1203 2040 1322 2072 ulcera
1349 2041 1384 2073 in
1408 2052 1543 2074 summo

98 2096 160 2118 ore
196 2086 340 2119 faciant.
400 2085 463 2119 sed
486 2097 559 2119 non
586 2086 739 2119 eundem
763 2087 917 2120 colorem
951 2086 1061 2119 habet
1085 2097 1211 2119 novem
1239 2085 1365 2119 horum
1390 2087 1543 2121 fontium

98 2132 239 2166 oleum:
265 2143 345 2165 uam
370 2132 440 2166 hoc
464 2132 607 2166 rubrum
635 2139 700 2173 est,
724 2133 816 2166 illud
841 2134 981 2173 ssavum,
1006 2132 1102 2166 istud
1126 2132 1346 2177 subnigram.

191 2180 234 2212 In
258 2178 385 2218 Zichia,
412 2179 449 2213 in
477 2180 554 2212 loco
589 2180 651 2225 qui
678 2181 806 2224 Papagi
832 2180 982 2219 (licitur,
1009 2181 1065 2212 cui
1091 2180 1243 2212 vicinum
1272 2186 1326 2213 est
1350 2181 1445 2226 quod
1475 2181 1542 2214 Sa-

97 2226 180 2268 paxi
209 2226 432 2270 appellatur,
462 2226 500 2258 id
536 2232 590 2260 est
614 2227 751 2272 pulvis,
780 2227 955 2271 scaturigo
981 2232 1047 2267 est,
1075 2237 1168 2272 quae
1198 2226 1316 2260 ulcera
1341 2227 1379 2260 in
1403 2240 1541 2262 summo

98 2282 160 2304 ore
186 2273 331 2305 excitet.

190 2318 365 2363 Extntque
389 2311 500 2352 altera
526 2319 633 2352 etiam
658 2319 789 2352 ibidem
818 2320 992 2362 scaturigo
1018 2319 1175 2352 eiusdem
1202 2319 1374 2353 efficaciae
1397 2321 1435 2354 in
1460 2333 1542 2365 agro

97 2371 301 2410 nuncupato
330 2364 523 2405 Clnamuch‚
547 2366 609 2411 qui
635 2377 654 2398 a
680 2366 859 2399 Chamuch
899 2373 1042 2399 auctore
1068 2377 1131 2399 suo
1160 2377 1292 2400 nomeu
1315 2367 1436 2400 habet.
1485 2368 1542 2400 di-

96 2416 193 2444 stant
226 2422 310 2444 vero
345 2412 424 2444 {oca
449 2412 536 2446 haec
563 2425 582 2446 a
606 2415 692 2446 mari
717 2414 832 2458 spatio
859 2412 955 2458 quod
991 2424 1062 2446 uno
1086 2413 1165 2458 quis
1192 2413 1251 2446 die
1275 2415 1419 2460 proprio
1448 2425 1541 2460 equo

97 2458 276 2491 conficere
305 2464 434 2502 posset.

191 2505 233 2538 in
268 2505 444 2538 Derzenes
477 2516 618 2551 quoque
649 2505 834 2545 themate,
879 2517 989 2550 prope
1020 2518 1147 2551 pagum
1182 2507 1314 2552 Sapicii
1347 2507 1480 2542 dictum
1506 2514 1542 2542 et

94 2552 246 2585 alterum
276 2552 446 2596 episcopii
470 2557 725 2596 nuncupatum,
752 2552 876 2585 itidem
902 2554 981 2586 sons
1009 2559 1063 2587 est
1090 2555 1189 2587 uleus
1215 2555 1384 2588 excitans.

190 2599 236 2630 Ut
259 2604 296 2631 et
323 2599 359 2630 in
386 2599 542 2632 themate
565 2599 762 2644 'lziliapert
789 2601 826 2632 in
852 2600 929 2633 loco
956 2600 1018 2644 qui
1043 2606 1096 2634 est
1122 2601 1203 2646 pagi
1224 2601 1491 2636 Sreehiabarax.

188 2645 380 2678 Sciendum
406 2657 512 2686 vero,
539 2646 635 2691 quod
659 2647 688 2679 si
724 2646 918 2690 aliquando
943 2647 1171 2681 Chersonitae
1198 2647 1434 2682 rebellionem
1461 2655 1540 2682 ten-

95 2694 175 2723 tent
198 2697 260 2725 aut
286 2693 508 2736 imperatoris
536 2703 572 2725 se
600 2693 702 2725 iussis
732 2698 927 2737 opponant,
959 2695 1076 2726 omnia
1102 2706 1223 2728 eorum
1252 2694 1404 2734 carabia,
1428 2706 1539 2740 quae-

91 2748 234 2783 cunque
258 2739 510 2780 invenientur,
548 2751 627 2773 cum
653 2740 818 2773 oneribus
852 2741 889 2773 iu
916 2741 1036 2774 urbem
1062 2741 1240 2776 introduci
1265 2741 1423 2784 debent·
1451 2754 1539 2775 nau-
