1780 3132
296 144 389 192 494
807 151 1149 192 WssssssmNGn

296 263 473 303 abscissa
509 266 568 302 est
595 261 799 314 provincia
837 274 863 300 a
891 261 1114 301 Theodosio
1157 261 1353 310 secundo,
1393 263 1698 317 cognomineque

295 317 426 368 patrui
456 316 540 356 eius
564 316 725 354 donata.
754 316 809 355 10.
841 315 992 355 Malala
1017 319 1109 355 tom.
1137 320 1164 354 2
1192 328 1230 366 p.
1252 320 1330 355 69:
1359 314 1526 367 ἐποίησε
1553 317 1599 355 δὲ
1626 315 1698 356 καὶ

297 365 425 420 ἄλλην
451 368 666 418 ἐπαρχίαν,
695 367 949 416 α’πομερὼας
988 365 1067 404 dud
1093 368 1162 416 τῆς
1203 367 1410 416 Βιθυνίας,
1437 364 1572 418 ἥντινα
1606 367 1698 409 ἑκά-

295 425 406 460 aeaeae
426 417 677 470 Ὁνωριάδα,
717 420 774 467 εἰς
810 414 937 469 ὄνομα
966 421 1037 459 τοῦ
1075 417 1205 459 αὑτοῦ
1231 420 1348 459 θείου
1366 419 1575 472 Umquam,
1601 420 1698 468 δοὺς

295 475 450 513 δίκαιον
479 470 765 525 μητροπόλεως
791 475 860 512 καί
889 470 1067 523 ἄρχοντα
1089 473 1324 527 (Ηρακλείᾳ,
1352 473 1466 512 πόλει
1491 477 1560 526 τῆς
1588 475 1697 517 Πόν-

296 541 381 567 του.
437 530 503 581 qui
530 534 658 567 tamen
690 529 856 576 fallitur,
885 541 969 567 cnm
1004 529 1234 568 Heracleam
1264 530 1696 580 metropolin-creatam

295 584 500 622 adfirmat:
529 594 578 622 ea
603 582 704 621 enim
732 583 927 635 dignitate
941 581 1210 634 Claudiopolis
1242 582 1408 634 insignis
1434 583 1519 634 fuit,
1543 585 1600 624 uti
1616 585 1697 623 Leo

294 637 508 687 imperator
536 636 578 675 in
620 636 732 687 epist.
766 641 858 675 tom.
888 641 916 676 9
943 634 1091 676 Concil.
1120 649 1157 687 p.
1177 639 1254 675 267
1297 642 1337 675 et
1363 637 1599 677 Iustinianus
1617 639 1697 677 No·-

295 691 402 730 vella
434 694 499 737 29,
530 702 607 742 qua
634 690 870 729 Honoriadis
897 690 1047 729 abolito
1079 690 1234 728 nomine
1266 691 1470 740 provincia
1493 690 1593 731 haee
1619 691 1696 731 Pa-

294 744 536 796 phlagoniae
568 744 765 783 artissime
793 743 1047 794 connectitur,
1076 743 1302 783 docuerunt.

400 823 493 869 396,
525 822 587 859 13.
658 814 975 864 Κλαυόιόηολις]
1015 818 1223 868 Bithyniae
1261 818 1403 870 passim
1439 818 1698 858 contribuitur

294 887 319 913 a
349 873 573 912 Ptolemaeo
603 873 757 911 Galeno
789 876 906 924 atque
931 872 1042 920 aliis3
1086 873 1188 924 quod
1217 884 1338 924 quare
1368 874 1512 912 factum
1540 872 1603 922 sit,
1636 875 1697 912 sa-

294 927 370 966 cile
397 927 645 979 perspicitur.
711 926 802 965 vide
836 925 930 965 Ant.
971 926 1059 965 ltin.
1090 939 1127 976 p.
1145 930 1237 965 200.
1302 926 1405 966 haud
1446 927 1605 966 multum
1645 927 1696 966 ab

295 981 368 1020 hac
390 981 487 1020 urbe
523 980 757 1019 Mantiniam
794 979 990 1028 distabat;
1026 980 1128 1032 quod
1161 980 1342 1031 quoniam
1369 980 1501 1030 magni
1529 979 1696 1020 Sancto·
1753 1022 1756 1023 ⁷

293 1047 379 1074 rum
409 1034 540 1086 operis
566 1034 790 1073 conditores
828 1045 1017 1085 nusquam
1043 1034 1220 1085 reperire
1254 1046 1297 1072 se
1325 1034 1498 1085 potuisse
1527 1033 1696 1085 professi

295 1093 397 1138 sunt,
426 1101 476 1128 ex
506 1088 685 1127 Historia
713 1087 901 1136 martyris
923 1087 1092 1126 Titionis
1119 1088 1221 1138 apud
1237 1087 1482 1127 Lambecium
1510 1087 1694 1127 Biblioth.

292 1143 455 1182 Caesar.
481 1145 508 1182 8
535 1156 571 1194 p.
587 1146 666 1181 212
706 1141 969 1180 firmabimus:
1019 1135 1039 1176 ὁ
1070 1135 1182 1189 ἅγιος
1208 1135 1368 1188 μάρτυς
1405 1139 1551 1178 Τηίων
1575 1134 1626 1189 ἦν
1653 1139 1698 1176 ἐκ
1745 1138 1747 1141 ’

290 1195 363 1234 τοῦ
382 1194 613 1233 Mavum'ov
631 1192 705 1232 τσῦ
732 1192 809 1231 ὑπὸ
831 1189 1135 1231 Ι(λαυδ“ιόηολιν
1163 1191 1235 1245 τὴν
1261 1189 1511 1244 μητρόπολιν
1537 1193 1697 1232 τελοῦν-

292 1262 369 1294 τος.
425 1250 528 1288 adde
553 1249 761 1289 Socratem
790 1249 838 1287 Η.
868 1248 913 1288 Ε.
943 1252 969 1287 2
996 1251 1063 1288 38.

400 1312 505 1353 [bid.
537 1316 600 1354 14.
669 1311 899 1361 Προυσιάς]
930 1317 1036 1351 recte
1074 1323 1164 1351 mss.
1201 1315 1262 1350 est
1289 1311 1449 1350 Prusias
1478 1311 1591 1351 iuxta
1615 1310 1696 1359 ny-

294 1368 400 1419 pium
425 1367 579 1415 ssumen,
608 1367 715 1406 cuius
744 1366 850 1405 cives
877 1366 917 1405 in
935 1366 1116 1405 Doniana
1141 1365 1397 1416 inscriptione
1409 1365 1536 1404 Class.
1557 1365 1592 1405 V
1618 1368 1696 1404 177

291 1422 336 1459 Il
346 1419 608 1459 ΡΟΤΣΙΕΙΣ
628 1418 761 1459 'Ano
788 1417 891 1458 ΤΗΙ
895 1419 928 1457 O
943 1419 1134 1458 dicuntur.
1157 1419 1339 1458 Memnon
1367 1431 1398 1457 c.
1416 1421 1469 1458 49
1494 1418 1587 1458 olim
1607 1418 1695 1458 cie-

291 1486 388 1524 rum,
401 1487 426 1515 a
443 1473 747 1525 praeterfluente
760 1485 886 1520 amne,
903 1473 1027 1512 fuisse
1040 1473 1281 1523 appellatam
1297 1472 1468 1512 indicat:
1499 1472 1695 1512 assentior

291 1529 392 1568 enim
422 1529 616 1571 Palmerio
654 1532 692 1566 et
719 1527 937 1566 Holsteinio
975 1527 1077 1566 hanc
1103 1538 1188 1565 eum
1213 1526 1452 1577 Prusiadem‚
1481 1538 1560 1565 non
1587 1526 1695 1565 illam

290 1594 391 1633 quae
420 1586 458 1621 et
484 1582 590 1630 Cius,
623 1581 808 1621 innuisse.
866 1578 982 1617 πόλιν
1007 1577 1299 1630 (Ηρακλεωτῶν
1326 1580 1478 1631 pariter
1505 1591 1552 1619 ac
1582 1579 1696 1619 Tium

291 1648 324 1674 c.
355 1640 409 1676 29
434 1639 644 1685 nuncupat,
674 1641 804 1686 atque,
832 1638 998 1685 utraque
1033 1634 1073 1673 in
1100 1637 1331 1695 potestatem
1361 1634 1533 1682 redacta,
1560 1645 1696 1685 regem

289 1690 471 1729 Prusiam
489 1687 532 1726 ἑκ
548 1685 750 1738 θαλάττης
769 1686 827 1731 εἰς
843 1684 1148 1736 &diaconum
1168 1684 1415 1734 (Ηράκλειαν
1429 1684 1696 1737 περιγράψαι,

290 1744 523 1783 Heracleam
550 1742 721 1794 undique
745 1742 797 1781 ad
828 1753 937 1780 mare
966 1740 1290 1789 circumdedisse3
1318 1753 1420 1792 quae
1444 1741 1493 1779 de
1507 1740 1696 1780 Prusiade

291 1799 342 1838 ad
359 1798 485 1837 sinum
503 1796 668 1836 Cianum
685 1807 782 1835 vera
803 1807 890 1834 esse
909 1795 1014 1834 haud
1037 1798 1212 1845 possunt,
1240 1793 1281 1833 in
1302 1794 1405 1834 hanc
1420 1806 1515 1834 vero
1534 1794 1697 1846 egregie

290 1853 500 1904 quadrant.
534 1850 612 1889 sita
626 1851 725 1889 haec
752 1854 840 1888 erat
868 1849 918 1889 ad
936 1849 1151 1888 Heracleae
1177 1848 1428 1898 occidentem,
1443 1848 1492 1888 ad
1509 1848 1697 1888 orientem

290 1906 410 1952 'l'ius3
442 1905 545 1944 unde
573 1910 739 1956 utraque
765 1903 911 1955 potitus
942 1902 1102 1942 Prusias
1130 1914 1294 1954 prorsus
1321 1902 1512 1942 incinctos
1538 1901 1699 1941 videbat

289 1960 586 1999 lleracleenses.
655 1970 756 2010 quae
799 1957 874 1996 etsi
911 1956 1011 1996 bene
1048 1956 1196 1995 habere
1222 1955 1442 2005 videantur,
1466 1968 1546 1995 non
1571 1967 1697 2006 nega-

291 2026 387 2054 vero
416 2018 547 2052 tamen
575 2012 820 2051 Memnonem
847 2015 1051 2062 utramque
1078 2010 1304 2049 Prusiadem
1334 2010 1578 2049 confudisse:
1603 2021 1694 2048 nam

290 2079 391 2119 quae
419 2067 468 2105 de
490 2066 734 2117 Argonautis
761 2078 794 2104 c.
823 2067 876 2105 43
901 2066 1038 2114 refert,
1068 2064 1148 2104 acsi
1176 2063 1237 2103 illi
1270 2064 1322 2103 ad
1351 2063 1506 2104 Cierum
1534 2063 1696 2115 appule-

290 2123 371 2161 rint
399 2127 516 2172 atque
545 2121 584 2159 in
615 2120 698 2159 eius
724 2118 871 2159 vicinia
890 2118 1031 2167 Hylam
1053 2118 1268 2167 amiserint,
1296 2129 1344 2157 ea
1371 2117 1441 2158 alii
1465 2117 1572 2157 circa
1586 2116 1697 2156 Cium

290 2175 504 2227 contigisse
547 2174 758 2213 adfirmant
799 2177 1038 2212 constanter.
1105 2171 1194 2211 vide
1234 2171 1484 2223 Apollonium
1523 2175 1546 2211 1
1577 2174 1696 2219 11⁷8,

291 2229 488 2281 Orpheum
517 2230 599 2267 635
626 2233 665 2267 et
695 2227 897 2267 Valerium
925 2227 1106 2266 Flaccum
1133 2229 1160 2264 3
1190 2228 1281 2265 484.

397 2292 506 2333 Ibid.
555 2286 796 2343 εΗράκλειοι]
830 2292 986 2331 colonia
1009 2290 1301 2341 Megarensium
1335 2289 1387 2329 ad
1416 2301 1567 2329 amnem
1595 2287 1697 2328 Soo-

290 2350 436 2387 nauten
465 2347 565 2396 suit,
602 2346 768 2385 testibus
810 2345 955 2385 criticis
992 2344 1033 2383 in
1062 2344 1245 2395 Apollon.
1276 2348 1303 2383 2
1331 2346 1437 2392 748;
1483 2354 1582 2396 quae
1610 2354 1695 2381 cum

291 2413 474 2453 magnam
499 2400 575 2440 sibi
590 2400 804 2452 potentiam
830 2400 1048 2450 multasque
1078 2410 1173 2449 opes
1202 2398 1431 2449 peperisset,
1458 2396 1696 2449 gravissima

291 2455 517 2495 calamitate
544 2467 569 2493 a
600 2454 775 2503 Triario,
803 2451 1061 2493 Mithridatici
1078 2452 1174 2492 belli
1201 2458 1389 2504 tempore,
1417 2457 1479 2491 est
1506 2461 1696 2502 oppressa

292 2510 396 2561 apud
426 2509 670 2548 Memnonem
698 2520 731 2548 c.
759 2509 826 2547 53.

400 2571 503 2613 Ibid.
565 2572 672 2621 Τιός]
714 2572 845 2623 posita
879 2571 973 2610 urbs
1014 2574 1102 2609 erat
1141 2570 1192 2609 ad
1228 2569 1369 2609 flumen
1408 2569 1620 2617 Balneum,
1653 2569 1698 2605 ut

293 2627 444 2668 scholia
479 2626 701 2679 Apollonii,
739 2626 790 2666 al)
827 2625 1046 2666 Holsteinio
1087 2625 1126 2664 in
1155 2624 1398 2676 Stephanum
1437 2626 1641 2671 correcta,
1668 2624 1696 2659 2
