1780 3132
374 119 431 158 IN
467 115 828 159 SYNECDEMUM
867 114 1307 157 COMMENTAmUS.
1462 106 1559 157 423

128 230 388 287 processerit,
434 230 605 271 deficere
643 234 777 271 tamen
814 241 863 269 ea
900 242 981 269 non
1014 227 1277 269 dubitandum
1321 229 1382 266 est
1420 226 1563 280 quibus

125 287 298 340 scriptor
324 285 459 325 omnia
485 285 664 326 Achaiae
692 285 786 325 loca
823 296 948 337 usque
979 283 1032 324 ad
1061 283 1356 336 Thermopylas
1386 293 1562 335 procon-

124 342 226 383 sulis
254 340 421 392 imperio
450 340 681 381 mandabat.

234 410 330 454 39⁶2,
363 410 429 446 11.
488 402 712 456 Κόρινθυς]
741 404 923 445 Helladis
963 403 1204 456 metropolin
1238 403 1361 443 fuisse
1388 402 1567 455 locuples

128 461 245 501 testis
274 467 337 501 est
364 461 559 513 Apuleius
589 461 617 502 1.
648 465 701 500 10
729 474 769 512 p.
799 462 906 500 247:
938 458 1147 500 oriundus
1173 460 1322 512 patria
1351 455 1568 510 Corintho,

128 527 239 571 quae
265 520 398 569 caput
427 518 561 557 totius
575 512 770 556 Achaiae
797 516 1060 568 provinciae.
1092 527 1167 554 nec
1194 514 1277 554 alia
1303 513 1422 553 Dioni
1438 512 1570 563 Chry-

128 575 306 612 sostomo
341 576 446 611 orat.
480 574 535 612 37
563 584 606 622 p.
633 573 714 611 464
743 570 792 609 de
818 570 918 610 urbe
958 568 1160 609 sententia
1189 569 1291 615 fuit,
1341 581 1429 608 cum
1459 567 1569 608 cives

130 627 371 678 compellat:
401 622 521 674 ὑμεῖς
548 621 629 674 γάρ
658 624 751 663 ἐστε
780 623 866 675 νῦν,
899 619 944 662 τὸ
975 619 1025 674 δὴ
1059 619 1287 674 λεγόμενον,
1318 619 1467 674 πρώρα
1496 620 1571 661 καί

127 677 298 730 πρύμνα
323 679 396 730 τῆς
418 675 636 724 Ἑλλάδος.
694 679 798 720 adde
826 679 1043 720 Aristidem
1069 682 1162 719 tom.
1193 682 1215 718 1
1245 691 1285 729 p.
1316 680 1382 718 43.
1411 689 1507 719 mox
1536 672 1567 730 ὅ

129 746 221 773 τοτε
246 729 426 787 Ἐφύρα,
455 747 501 775 re
529 734 619 788 ipsa
648 734 920 787 adstipulante
950 746 1003 775 ex
1021 733 1286 775 Constantino
1320 733 1349 773 1.
1370 737 1397 772 2
1427 732 1567 775 Them.

129 794 158 830 6
186 789 439 844 praeoptavi.

238 853 347 896 Ibid.
415 853 509 893 Νέα
549 851 727 903 Σικυών]
770 854 866 894 olim
894 853 1044 904 Sicyon
1072 853 1330 894 Corinthiaco
1368 852 1471 892 sinui
1502 866 1570 894 ac-

128 909 315 958 cubabat,
343 909 437 950 inde
466 922 492 949 a
516 909 719 950 Demetrio
758 910 984 950 Poliorcete
1023 908 1064 948 in
1094 909 1317 961 proximum
1350 913 1389 947 et
1422 913 1569 949 natura

129 964 323 1005 munitum
362 965 506 1004 collem
544 965 760 1014 translata,
791 969 895 1004 teste
924 964 1103 1004 Diodoro
1143 967 1197 1003 20
1225 977 1263 1015 p.
1293 966 1376 1002 827
1404 968 1444 1003 et
1476 964 1566 1003 Plu-

131 1019 274 1059 tarcho
315 1019 491 1060 Demetr.
523 1031 563 1071 p.
590 1023 700 1068 9003
744 1031 847 1073 quae
874 1031 1021 1059 novam
1062 1031 1142 1059 non
1178 1018 1284 1058 male
1324 1017 1403 1057 dici
1445 1019 1567 1058 adfir-

136 1078 264 1114 mant.

235 1126 344 1170 Ibid.
376 1131 442 1169 12.
509 1123 702 1177 Αἴγειρα,
733 1124 900 1177 Αἴγιον]
940 1127 999 1167 sic
1046 1126 1236 1179 oportuit.
1290 1139 1350 1166 ms
1378 1123 1562 1176 Λῖγηραι

127 1186 169 1222 et
194 1180 367 1231 Αἰνίων.
422 1186 592 1236 utraque
630 1183 725 1223 urbs
755 1182 902 1223 veteris
930 1182 1108 1222 Achaiae
1138 1194 1191 1222 ex
1231 1181 1370 1221 tabula
1404 1181 1563 1221 Peutin-

127 1249 297 1289 gerana‚
328 1249 433 1290 quae
462 1242 515 1277 12
552 1238 608 1278 Μ.
636 1238 679 1277 Ρ.
706 1237 839 1290 spatio
871 1242 1047 1289 separat,
1080 1241 1122 1276 et
1152 1236 1354 1276 Pausania
1382 1241 1407 1275 7
1440 1239 1493 1276 24
1523 1240 1563 1276 et

125 1296 182 1332 26
210 1292 418 1333 notissima
446 1297 519 1333 est.
597 1292 712 1344 prior
753 1292 919 1332 ultimae
959 1291 1105 1331 aetatis
1136 1290 1334 1331 Graeciae
1363 1290 1564 1331 Botstitza

127 1347 237 1387 dicta
265 1351 338 1398 est,
369 1359 491 1398 saepe
519 1359 566 1387 eo
595 1346 755 1387 nomine
781 1347 887 1399 apud
916 1346 1138 1399 Georgium
1170 1345 1399 1386 Phranzam
1427 1345 1562 1395 obvia,

131 1405 175 1442 ut
203 1402 233 1442 l.
261 1405 289 1441 2
319 1414 354 1442 c.
382 1406 410 1441 2
436 1406 476 1442 9.

235 1464 344 1508 lbid.
402 1462 613 1519 Μεθώνη]
645 1479 725 1506 mss
754 1466 830 1505 hoe
865 1466 1061 1519 probant:
1090 1464 1263 1506 Carolus
1293 1478 1318 1505 a
1347 1464 1391 1504 S„
1422 1465 1564 1505 Paullo

127 1519 313 1559 Μέθανα
339 1521 540 1575 vulgavit.
598 1521 710 1574 prius
721 1521 968 1571 Thucydidis
996 1521 1220 1573 patrocinio
1251 1524 1376 1560 tutum
1402 1524 1463 1559 est
1493 1520 1519 1558 l.
1538 1522 1565 1559 4

126 1588 161 1616 c.
190 1577 256 1625 45,
285 1578 484 1628 posterius
499 1576 713 1617 Strabonis
743 1577 774 1616 l.
794 1579 822 1616 8
851 1589 890 1628 p.
912 1578 996 1616 374
1023 1580 1064 1615 et
1094 1575 1321 1617 Pausaniae
1348 1575 1376 1614 1.
1395 1578 1421 1614 2
1449 1577 1563 1615 034.

128 1627 315 1683 oppidum
343 1635 433 1672 erat
459 1631 650 1671 munitum
675 1630 718 1671 in
746 1631 890 1671 isthmo
919 1631 1161 1671 Troezenio.

236 1693 345 1737 Ibid„
407 1694 610 1746 Τρυζένα]
646 1697 726 1736 imo
774 1693 971 1747 Τροιζήν,
1014 1700 1085 1737 aut
1119 1691 1322 1747 Τροιζήνη
1351 1706 1403 1734 ex
1431 1693 1565 1734 Ptole-

127 1762 255 1800 maeo,
286 1750 366 1791 nisi
393 1755 435 1790 et
460 1750 502 1790 id
528 1751 569 1790 in
601 1751 699 1790 vitio
729 1750 798 1790 sit.

236 1813 346 1856 Ibid.
403 1812 622 1867 Πίλαυρα]
651 1817 728 1856 hoc
756 1819 826 1856 aut
852 1811 1054 1863 Πίναυρα
1081 1828 1163 1856 mss
1189 1815 1436 1867 praeferunt.
1493 1826 1563 1854 ve-

128 1882 215 1934 rum
246 1875 309 1910 est
342 1867 617 1922 Ἐπίδαυρος,
664 1871 775 1911 cultu
808 1869 1041 1922 Aesculapii
1082 1873 1239 1911 famosa
1279 1874 1320 1909 et
1361 1869 1563 1909 Troezeni

131 1937 278 1965 vicina.

236 1977 345 2021 Ibid.
375 1983 441 2020 13.
499 1975 606 2030 Ἱερὰ
647 1974 784 2030 μιὸνη]
814 1972 1030 2030 “Ερμιόνη,
1072 1990 1174 2031 quae
1202 1982 1243 2019 et
1277 1972 1491 2027 εΕρμιιιόν,
1521 1982 1565 2018 ut
1625 1994 1628 1998 ·

130 2034 232 2074 bene
272 2034 315 2074 in
342 2034 550 2086 Stephano
593 2034 672 2074 viri
715 2034 825 2074 docti
872 2034 1132 2073 refluxerunt.
1196 2033 1408 2095 Euripides
1446 2033 1562 2073 Herc.

126 2089 221 2129 Fur.
250 2091 356 2130 615:
391 2084 565 2138 χθονίας
591 2101 654 2126 νιν
696 2085 821 2132 ἄλσος
843 2082 1031 2138 εΕρμιωίν
1070 2088 1108 2125 τ’
1136 2083 1225 2137 ἔχει
1255 2089 1380 2131 πολις.
1436 2086 1564 2136 Hesy-

131 2142 244 2183 chius
283 2144 342 2184 ait
369 2156 458 2183 esse
496 2140 616 2180 πόλιν
644 2142 688 2181 ἑν
706 2135 884 2193 ”Λργει,
925 2155 999 2194 pro
1025 2138 1204 2195 Ἀργείᾳ
1243 2143 1329 2183 sive
1357 2141 1566 2194 Argolide,

131 2198 236 2250 quod
260 2197 387 2250 ipsum
416 2199 466 2238 de
495 2199 707 2237 Troezene
736 2198 941 2250 Epidauro
984 2200 1104 2248 atque
1131 2197 1260 2249 Alope
1288 2197 1423 2237 itidem
1448 2209 1566 2249 prae-

131 2252 252 2292 dicat.
323 2253 511 2292 colebant
558 2253 865 2293 Hermionenses
914 2251 1130 2303 praecipuo
1168 2252 1321 2292 honore
1378 2250 1565 2291 Cererem

132 2305 384 2357 Chthoniam,
416 2308 524 2360 quod
551 2313 716 2360 praeter
745 2306 986 2348 Pausaniam
1015 2305 1261 2347 Corinthiae.
1296 2319 1330 2347 c.
1358 2308 1414 2346 35
1442 2318 1565 2359 egre-

134 2361 244 2413 gium
267 2374 341 2400 nos
369 2373 544 2402 marmor
571 2363 687 2402 docet
712 2362 896 2414 inscript.
917 2361 1086 2401 Donian.
1115 2361 1169 2401 cl.
1199 2364 1288 2411 493
1317 2362 1357 2401 in
1385 2373 1461 2414 quo
1489 2361 1566 2400 etsi

134 2428 240 2455 nune
266 2415 390 2455 Ceres
415 2429 442 2456 a
459 2416 660 2457 Chthonia
692 2417 976 2468 distinguatur,
1006 2415 1182 2456 dubitari
1202 2429 1283 2456 non
1311 2420 1443 2469 potest
1470 2415 1567 2468 quin

130 2470 446 2522 exscriptoribus
478 2476 681 2522 acceptum
708 2473 749 2511 id
775 2471 934 2519 referri,
964 2474 1008 2509 ut
1037 2471 1155 2522 plura
1183 2471 1224 2510 in
1252 2484 1299 2511 eo
1331 2470 1480 2523 lapide,
1508 2471 1565 2508 le-

718 2590 752 2618 ι’
786 2609 802 2618 ⁴
886 2592 985 2632 opor
1005 2591 1052 2619 ea
1068 2606 1083 2615 ,.

237 2642 346 2686 Ibid.
406 2641 654 2697 Θάρπουσα]
702 2641 946 2697 (θάλπουσα,
975 2645 1175 2686 Arcadiae
1200 2646 1309 2695 urbs,
1342 2644 1561 2697 Stephano.
