1780 3132
254 168 347 213 268
529 172 878 215 CONSTANTlNl
916 173 1377 216 PORPHYROGENlTl

251 284 342 309 τινα
371 269 636 322 ᾰηδιζομένην
677 271 747 309 καί
771 271 1080 310 ἀποθανοῦσαν·
1154 272 1224 311 καὶ
1248 271 1493 324 κηδεύσασαι
1524 272 1650 326 αὐτήν

251 331 295 372 αἱ
323 333 535 373 παιδίσκαι
570 331 773 385 ἐμήνυσαν
810 335 1133 385 τοῖς·πολι’ταις,
1174 336 1361 386 λέγουσαι
1387 331 1447 376 ὅτι
1474 334 1498 389 ἧ
1526 339 1648 388 κυρία

249 396 365 447 ἡμῶν
393 396 644 449 ἐτελεύτησε,
683 399 753 436 καί
777 398 818 437 ἐν
858 399 958 452 ποίῳ
986 397 1094 452 τόπῳ
1119 399 1257 448 μέλλει
1282 397 1521 452 θάπτεσθαι,
1547 400 1648 439 ὑπο-

249 461 407 509 defigat-s
435 458 545 510 ἡμῖν.
615 458 652 500 οἱ
679 461 723 501 δὲ
784 463 1012 513 ῥἐρσωνῖται
1052 458 1292 509 ἀκούσαντες
1320 458 1382 502 ὅτι
1407 465 1596 517 τέθνηκεν
1623 463 1648 516 ἦ

248 525 288 562 Γ
290 522 392 573 υκία,
419 522 669 574 σκεψάμενοι
698 527 795 564 καθ’
822 521 991 571 ἑαυτούς
1034 525 1166 565 οὐκέτι
1193 524 1239 565 τὸ
1269 523 1405 566 ἱκανόν
1431 527 1502 567 τοῦ
1525 523 1681 578 ὅρκου5

247 584 449 625 ἔσπευσαν
480 587 645 639 ποιῆσαι
686 585 788 628 ὥστε
819 591 861 630 ἐν
882 590 991 644 μέσῳ
1017 591 1088 641 τῆς
1122 586 1277 637 πόλεως
1299 588 1427 642 αὐτὴν
1457 593 1649 644 ταφῆναι,

247 647 348 688 α’λλὰ
379 644 550 702 ἄραντες
582 650 711 704 αΰτὴν
742 652 951 705 ἐξήνεγκαν
978 651 1055 702 ἔξω
1081 653 1148 706 τῆς
1184 651 1338 700 πόλεως
1359 650 1490 707 αὐτὴν
1516 655 1650 708 ταφῆ-

246 727 327 753 ναι.
382 713 647 762 α’ποτεθέντος
674 716 719 755 δὲ
746 718 820 756 τοῦ
849 717 1054 769 κραβάτου
1084 716 1183 770 πρὸς
1209 715 1252 758 τὸ
1282 719 1423 770 μνῆμα
1450 717 1653 758 ἀνακαθί-

244 790 354 816 σασα
381 776 407 828 ἧ
436 778 476 817 Γ
473 793 585 829 vum,
613 780 685 819 καί
723 783 1052 834 περιβλεψαμένη
1080 779 1234 828 πάντας
1260 796 1355 828 τους
1382 781 1560 833 πολίτας,
1584 783 1650 823 λε’-

243 854 305 891 γει
327 836 348 854 “
337 836 457 893 ἀὕτη
485 840 598 893 ὑμῶν
635 842 743 884 ἐστίν
771 844 796 897 ἦ
822 843 923 895 μετὰ
963 840 1085 897 σ’ρκου
1112 843 1358 897 ὖπόσχεσιςς
1391 843 1521 892 ουτως
1548 846 1646 898 αλη·
1661 857 1703 890 10

243 902 386 944 θεύετε
412 920 503 957 περι
530 904 717 958 minum),-
745 907 880 958 ἀβάλα
906 907 1044 949 λοιπὸν
1072 911 1127 964 τῶ
1153 908 1382 950 πιστεύοντι
1409 911 1647 964 Χερσωνίτῃ

244 967 422 1022 πολὴῃ.”
474 967 512 1008 οἱ
540 970 585 1010 δὲ
613 972 871 1023 Χερσωνῖται
899 969 1051 1018 ἰδόντες
1079 973 1150 1025 την
1188 970 1255 1012 ὑπ’
1284 974 1409 1025 αὕτῆς
1435 975 1649 1026 γενομένην

244 1028 377 1070 αὐτων
392 1033 551 1086 χὶεύην,
582 1033 870 1086 αισχυιθέντες
893 1033 1080 1087 μεγάλως
1110 1052 1175 1076 επι
1195 1038 1249 1091 τῶ
1276 1034 1450 1089 γεγονότι
1467 1038 1539 1090 τῆς
1569 1053 1647 1076 πα·

243 1092 455 1145 ραβοίσεως
482 1095 718 1152 πράγματι,
748 1099 1004 1150 παρεκάλουν
1036 1098 1163 1151 αὐτὴν
1191 1099 1318 1140 πολλοὶ
1345 1102 1416 1141 τοῦ
1438 1098 1648 1154 ἧσυχιὶσαι

241 1159 311 1198 καί
339 1162 640 1213 παραχωρῆσαι
671 1161 811 1210 αὐτοῖς
830 1162 875 1202 τὸ
908 1168 1092 1213 πταῖσμα
1111 1179 1177 1204 και
1204 1180 1259 1217 μη
1290 1164 1359 1204 §nc
1381 1167 1518 1204 πλεῖον
1545 1165 1645 1204 ὀνει-
1659 1172 1701 1205 15
1749 1183 1752 1186 ⁴

241 1223 368 1270 δι’ζειν
394 1224 547 1271 αΰτοϊς.
617 1223 759 1266 λοιπὸν
797 1227 1002 1279 δευτέροις
1046 1223 1181 1279 ὅρκοις
1216 1226 1347 1279 αὕτὴν
1372 1224 1646 1269 ἐπιστώσαντο

241 1281 342 1326 ὥστε
366 1287 510 1340 μηκέτι
539 1285 616 1337 ἔξω
642 1290 712 1341 τῆς
739 1287 894 1336 πόλεως
922 1291 1058 1342 θάψαι
1087 1289 1227 1344 αὐτήν,
1254 1290 1343 1331 ἄλλ’
1370 1293 1414 1332 ἐν
1438 1291 1549 1346 μέσω
1575 1292 1648 1343 τῆς

240 1347 411 1398 πόλεως.
479 1347 499 1391 ὃ
539 1351 589 1405 δὴ
620 1355 691 1393 καί
717 1354 929 1407 ἐποίησαν·
981 1369 1050 1394 και
1092 1352 1170 1430 γάρ
1198 1351 1326 1408 αυτῆς
1355 1355 1485 1408 ζωσης
1512 1353 1575 1395 ἔτι
1602 1356 1646 1395 ἐν

239 1429 270 1453 ω
301 1413 408 1469 τόπω
436 1412 649 1470 ᾗρετίσατο
675 1417 748 1470 τήν
776 1416 899 1470 σορόν
919 1413 1047 1471 αυτῆς
1070 1417 1303 1472 ἐστήσαντο,
1330 1434 1396 1459 και
1423 1415 1645 1471 ανὸριάντα

238 1476 390 1529 χαλκὸν
413 1494 482 1520 και
512 1478 647 1533 ε’τερον
676 1475 855 1535 η’γειραν,
883 1498 952 1523 και
981 1484 1124 1523 τοῦτον
1150 1482 1440 1536 χρυσώσαντες
1469 1480 1700 1536 ἔστησαν20

237 1541 340 1593 πρὸς
364 1543 415 1597 τῇ
437 1548 551 1598 ταφῇ
579 1545 708 1597 αὐτῆς
735 1545 838 1598 πρὸς
865 1547 1155 1600 περισσοτέραν
1182 1545 1388 1588 πίστωσιν.

342 1605 490 1647 Ἰστέον
532 1603 594 1648 ὁέι
635 1607 711 1658 ἔξω
749 1610 822 1649 τοῦ
848 1608 1026 1663 κάστρου
1059 1609 1313 1664 Ταμάταρχα
1344 1608 1492 1651 πολλαὶ
1520 1608 1647 1663 πηγαὶ

241 1668 498 1724 ὑπάρχουσιν
523 1667 666 1726 &tp-‘htv
694 1673 979 1715 ἅναδιδοῦσαι.

331 1783 376 1817 20
398 1785 511 1829 χαλκο
516 1784 578 1820 siv?

241 1877 447 1922 quibusdam
485 1883 655 1923 concepta
691 1883 860 1912 mortuam
902 1891 937 1912 se
972 1880 1168 1919 simulavit,
1199 1886 1235 1914 et
1270 1884 1386 1913 curato
1419 1881 1494 1913 eius
1521 1881 1644 1914 sunere

239 1924 382 1967 puellae
409 1923 541 1957 civibus
566 1925 725 1957 indicant
748 1925 876 1958 obiisse
899 1925 1073 1958 dominam
1100 1938 1207 1966 suam,
1243 1927 1362 1970 itaque
1387 1926 1501 1959 locum
1525 1927 1645 1971 sepul-

240 1975 339 2001 turae
362 1970 587 2012 assignarent.
636 1969 861 2003 Chersonitae
884 1983 964 2003 vero
991 1972 1171 2004 intellecta
1186 1972 1312 2014 Gyciac·
1337 1976 1467 2012 morte,
1487 1983 1562 2004 cum
1589 1972 1646 2004 iu-

240 2020 294 2047 ter
315 2026 351 2047 se
376 2015 643 2055 deliberassent,
668 2017 827 2059 neglecto
848 2017 1041 2050 iuramento
1067 2029 1136 2061 qno
1163 2018 1200 2049 in
1222 2017 1336 2049 media
1362 2017 1444 2050 urbe
1467 2017 1647 2061 sepelien-

240 2060 317 2092 dam
346 2062 597 2104 promiserant,
625 2067 720 2094 extra
756 2062 874 2095 urbem
911 2073 984 2094 eam
1011 2064 1229 2101 extulerunt,
1263 2067 1302 2095 ut
1337 2062 1411 2094 illic
1444 2063 1642 2106 sepelirent.

239 2117 387 2151 cumque
417 2107 485 2139 iam
524 2107 703 2151 depositus
728 2113 819 2140 esset
840 2107 884 2139 ad
906 2114 1167 2140 monumentum
1190 2108 1348 2148 lectulus,
1373 2107 1510 2150 erigens
1531 2119 1567 2141 se
1592 2109 1644 2140 ci-

239 2162 368 2195 vesque
387 2163 507 2185 omnes
530 2153 807 2197 circumspiciens
827 2147 1037 2186 “haeccine'’
1061 2154 1178 2198 inquit
1198 2152 1334 2186 “vestra
1351 2164 1426 2185 cum
1448 2154 1643 2186 iuramento

240 2196 320 2229 data
358 2197 467 2230 fides?
503 2198 554 2231 ita
574 2199 612 2230 in
638 2198 798 2231 omnibus
831 2209 968 2232 veraces
1002 2199 1110 2232 estis?
1156 2199 1224 2231 heu
1259 2200 1296 2231 in
1323 2204 1498 2243 posterum
1526 2200 1558 2232 ei
1582 2200 1643 2243 qui

239 2243 306 2275 civi
330 2243 555 2276 Chersonitae
592 2243 812 2277 crediderit.
868 2249 904 2277 at
928 2243 1152 2277 Chersonitae
1184 2245 1350 2288 deceptos
1375 2255 1410 2276 se
1436 2245 1480 2276 ab
1506 2245 1568 2276 illa
1592 2245 1644 2277 vi·-

239 2288 362 2321 dentes
379 2313 388 2328 ‚
412 2289 655 2322 erubescentes
679 2301 781 2333 supra
814 2290 953 2322 modum
982 2289 1078 2334 quod
1103 2290 1203 2322 fidem
1228 2290 1342 2322 datam
1369 2301 1440 2322 non
1463 2289 1643 2323 observas-

237 2339 328 2373 sent,
358 2341 520 2376 rogarunt
544 2336 596 2367 uti
620 2340 753 2368 taceret
776 2341 811 2368 et
843 2335 962 2368 delicti
986 2335 1088 2368 huius
1126 2337 1262 2369 veniam
1288 2335 1387 2368 daret
1408 2346 1523 2380 neque
1549 2335 1643 2368 ulte-

238 2380 307 2412 rius
333 2380 577 2423 exprobraret;
601 2387 706 2425 atque
727 2381 852 2413 iterato
877 2387 1088 2414 sacramento
1123 2393 1158 2413 se
1185 2382 1447 2414 obstrinxerunt
1469 2382 1506 2413 in
1528 2380 1644 2413 media

237 2425 335 2465 urbe,
359 2437 430 2457 non
454 2432 548 2458 extra
576 2437 663 2464 eam
688 2427 884 2470 sepulcrum
908 2426 1066 2469 datur083
1089 2427 1185 2470 quod
1203 2432 1238 2460 et
1263 2427 1432 2459 fecerunt.
1475 2438 1554 2458 nam
1580 2426 1644 2458 ad-

237 2469 307 2503 huc
333 2471 485 2512 viventi,
523 2483 626 2516 quem
648 2473 724 2516 ipsa
760 2473 875 2505 locum
898 2472 1032 2505 tumulo
1066 2473 1240 2515 elegisset,
1263 2483 1340 2505 eum
1368 2471 1550 2511 dederunt,
1572 2477 1644 2504 sta-

237 2522 402 2560 tuamque
426 2528 468 2548 ex
489 2528 567 2548 aere
590 2518 733 2550 alteram
758 2523 955 2558 erexerunt,
980 2528 1085 2562 quam
1110 2519 1303 2551 inauratam
1329 2519 1426 2551 iuxta
1447 2517 1644 2562 sepulcrum

238 2562 510 2601 collocaverunt,
535 2565 580 2594 ut*
602 2563 795 2606 pleniorem
825 2563 927 2596 fidem
952 2564 1117 2596 facerent.

325 2607 510 2639 Sciendum
536 2619 616 2640 vero
650 2614 701 2641 est
734 2615 829 2641 extra
856 2609 975 2641 urbem
999 2608 1227 2642 Tamatarcha
1260 2610 1391 2644 multos
1413 2618 1487 2642 esse
1515 2607 1645 2648 sontes,

239 2653 299 2697 qui
321 2652 525 2687 bibentibus
550 2654 666 2688 ulcera
689 2655 726 2688 in
748 2666 880 2688 summo
906 2665 965 2689 ore
990 2655 1152 2688 excitent.
