1780 3132
335 212 406 251 DE
445 207 894 251 ADMlNlSTRANDO
938 205 1159 249 IMPERIO
1198 205 1320 248 CAR·
1361 202 1427 245 43.
1527 198 1618 242 187

179 308 391 362 ἅντὲλαβε,
438 309 771 364 χρυσοβούλλιον
809 309 855 348 δὲ
885 307 986 348 οὐδὲ
1025 306 1151 354 αιῖτὸς
1189 301 1294 358 πρὸς
1321 301 1444 345 αὐτόν
1472 303 1542 343 ἐπὶ
1569 302 1625 356 τῷ

180 374 414 432 προαστείῳ
445 373 682 428 ἐποιήσατο.
741 371 848 425 μετὰ
883 374 929 413 δὲ
965 375 1098 414 ταῦτα
1125 370 1285 425 ἔγραψε
1316 367 1420 422 πρὸς
1447 366 1517 409 τὸν
1547 367 1624 406 av'-

181 439 253 482 τόν
289 442 468 494 βασιλέα
500 439 534 492 ⁸o‘
573 441 771 494 Τορνίκης
812 436 834 478 ό
864 441 939 480 τοῦ
973 439 1210 491 Ταρωνίτου
1259 434 1455 488 ἀνεψιός,
1498 431 1519 473 ὁ
1547 433 1624 473 τοῦ

181 505 413 558 Ἀπογάνεμ
442 507 596 547 ἐκείνου
625 503 726 559 υἱός,
754 501 817 546 ὅτι
847 503 922 545 τόν
951 501 1060 546 οἶκον
1083 505 1161 544 τοῦ
1183 501 1405 557 βαρβάρου
1436 498 1456 540 ὅ
1486 514 1626 553 μακα-

149 571 384 625 5ριιότατος
417 571 616 624 βασιλεὺς
655 573 781 614 Λέων
820 572 876 628 τῷ
916 572 1004 626 ἐμῷ
1040 571 1171 624 πατρί
1200 566 1466 622 ἐδωρήσατο·
1520 562 1628 618 μετὰ

183 639 232 679 δὲ
258 637 329 679 τὸν
357 639 431 679 τοῦ
473 639 630 693 πατρός
657 653 740 691 μου
781 640 990 690 θάνατον,
1041 635 1111 676 διὰ
1147 635 1193 676 τό
1235 633 1299 675 ἔτι
1339 631 1532 686 οἷνήλικον
1560 631 1633 671 καί

185 702 372 759 ὀρφανόν
395 703 616 757 τυγχάνειν
645 705 730 759 ἐμὲ,
759 707 852 744 κατ’
879 702 1068 753 ἐξουσίαν
1095 699 1212 749 θεῖός
1226 716 1309 753 μου
1339 697 1412 740 τόν
1441 699 1632 739 τοιοῦτον

186 765 296 810 οἶκον
327 769 652 824 κατεκράτησεν,
695 768 764 810 αἐἰ
791 766 1212 822 καθυπισχνούμενός
1236 781 1324 818 μοι,
1351 762 1449 806 ὅταν
1478 763 1537 811 εἰς
1565 760 1635 804 τὸν

186 835 341 876 τέλειον
379 836 453 889 τῆς
491 834 652 888 ἡλικίας
696 833 807 876 ἔλθω
845 832 1021 888 χρόνον,
1050 835 1278 885 α’πσλαβεῖν
1315 830 1386 872 τὸν
1424 825 1535 871 οἶκον
1562 826 1636 869 τὸν

132 911 175 946 10
187 899 415 954 πατρικὸν·
473 902 546 942 καί
572 903 660 955 νῦν,
690 899 746 950 ὦς
776 898 948 955 ὲζιιαθον,
979 901 1131 940 δέδωκε
1159 897 1230 939 τὸν
1259 898 1445 939 τοιοῦτον
1474 890 1584 935 οἶκον
1613 889 1634 933 ὅ

187 965 288 1018 ἐμός
315 969 431 1015 θεῖος
458 967 508 1022 τῇ
536 969 730 1024 βασιλεία
756 982 860 1021 σου,
887 967 960 1006 καί
985 964 1133 1018 ἔλαβεν
1165 964 1224 1012 εἷς
1253 962 1529 1015 ἀντισήκωσιν
1557 959 1637 1000 αυ’-

185 1034 263 1074 ‘tofi'
290 1029 335 1075 τὸ
382 1032 631 1087 προάστειον
670 1035 744 1074 τοῦ
773 1034 968 1087 Γρηγορᾶ
1007 1033 1051 1073 ὲν
1082 1032 1314 1085 Κελτζηνῇ.
1370 1026 1451 1068 αἠὁ
1484 1028 1530 1067 δὲ
1557 1026 1638 1067 τῶν

186 1099 381 1145 τοιούτων
428 1100 658 1152 βασιλικῶν
706 1100 956 1153 φιλοτιμιῶν
995 1099 1077 1138 τῶν
1113 1096 1217 1151 πρὸς
1246 1094 1316 1137 τὸν
1344 1090 1530 1148 ἄρχοντα
1561 1092 1638 1132 τοῦ

193 1167 344 1222 Ταρὼν
388 1164 546 1221 φθόνος
583 1164 754 1220 ὑπεφύη
793 1164 864 1206 καί
899 1162 1126 1220 ἐβλάστησε
1163 1162 1268 1216 πρὸς
1294 1160 1425 1203 αὐτὸν
1452 1156 1567 1212 παρά
1594 1173 1638 1199 τε

134 1234 262 1276 15τοῧ
291 1232 499 1274 Κακικίου
543 1233 620 1272 τοῦ
666 1226 871 1285 ἄρχοντος
911 1227 1232 1284 Βασπαρακακὰ
1277 1227 1350 1268 καὶ
1371 1222 1637 1280 Ἀδρανασὴρ

189 1300 265 1341 τοῦ
291 1296 607 1352 κουροπαλοίτου
635 1297 817 1352 Ἰβηρίας
845 1295 919 1338 καὶ
951 1296 1195 1339 Ἀσωτικίου
1224 1297 1301 1336 τοῦ
1331 1289 1529 1348 ἄρχοντος
1556 1291 1641 1332 τῶν

191 1360 425 1418 ἀρχόντων,
465 1365 612 1411 οἵτινες
640 1361 833 1418 ἔγραψαν
859 1361 966 1418 πρὸς
995 1361 1068 1404 τὸν
1094 1364 1273 1415 βασιλέα
1304 1357 1643 1413 ὃιαγογγύζοντες

190 1430 245 1472 δι’
272 1427 321 1483 ἢν
350 1429 488 1471 αἰτίαν
533 1427 556 1469 ὅ
595 1431 830 1483 Ταρωνίτης
866 1426 992 1481 μόνος
1022 1427 1150 1484 ῥόγας
1179 1425 1384 1468 αἠολαύει
1411 1425 1643 1479 βασιλικῆς,

193 1495 333 1536 αὐτῶν
363 1491 560 1536 ἁπάντων
587 1493 878 1548 λαμβανόντων
908 1496 1045 1537 ου’δέν.
1102 1494 1224 1535 “τι’·να
1253 1492 1355 1547 γαρ”
1381 1491 1522 1545 ἔλεγον
1544 1487 1644 1530 “ns-

134 1563 440 1615 209cooote'9av
486 1562 679 1602 δουλείαν
719 1560 838 1614 ἡμῶν
876 1566 1079 1615 ποιεῖται,
1122 1558 1150 1614 ἦ
1180 1563 1223 1601 τί
1245 1561 1370 1600 πλέον
1399 1558 1518 1612 ἡμῶν
1547 1555 1646 1604 τούς

187 1626 431 1678 Ῥωμαίους
477 1627 717 1681 ἐπωφελεῖς
759 1622 858 1668 ὅθεν
885 1624 970 1681 χρή
1015 1623 1044 1680 ἦ
1071 1627 1145 1668 καί
1171 1626 1282 1680 ἡμᾶς
1309 1625 1367 1674 ὥς
1394 1626 1547 1666 ἐκεῖνον
1578 1621 1646 1677 ῥο-

193 1691 420 1747 γεύεσθαι,
448 1687 476 1746 ἢ
514 1693 615 1746 μηδ’
645 1694 800 1734 ἐκεῖνον
838 1691 952 1741 ἐντὸς
987 1694 1060 1747 τῆς
1085 1692 1284 1747 τοιαύτης
1311 1689 1530 1745 τυγχάνειν
1564 1690 1645 1730 δω-

197 1757 340 1811 ρεᾶς.”
393 1755 414 1796 ὅ
446 1758 492 1798 δὲ
516 1755 724 1812 μακάριος
753 1755 975 1811 ῑΡωμανὸς
1004 1760 1238 1813 α’ντέγραψε
1267 1756 1374 1813 πρὸς
1405 1755 1558 1804 αὐτοὺς
1585 1754 1644 1808 μή

198 1827 295 1877 παρ’
323 1824 457 1864 αὐτοῦ
497 1822 574 1878 τήν
606 1825 677 1866 ἐπὶ
709 1826 764 1881 τῷ
801 1825 1017 1881 Ταρωνίτῃ
1058 1825 1259 1879 γενέσθαι
1297 1821 1454 1880 ῥόγαν,
1497 1823 1547 1865 ἵν’
1583 1822 1646 1864 ἐπ’

292 1959 312 1992 7
337 1954 401 1994 τόν
423 1959 556 1995 τοῦτον
578 1959 684 2003 vulgo
807 1959 850 1993 15
877 1962 1011 1995 Κικίου
1036 1960 1074 1993 Μ

200 2079 266 2120 dit,
290 2078 369 2111 sine
397 2089 504 2112 aurea
527 2078 627 2111 bulla
645 2085 681 2112 et
698 2080 799 2124 ipse3
829 2080 973 2113 domum
1000 2091 1081 2113 vero
1108 2080 1259 2112 vicissim
1279 2081 1427 2124 accepit.
1454 2085 1536 2125 post
1559 2080 1648 2114 haec

199 2125 247 2159 ad
271 2124 424 2159 eundem
458 2126 709 2171 imperatorem
736 2127 878 2172 scripsit
909 2127 1078 2160 Tomices
1105 2127 1298 2159 'l‘aronitae
1323 2138 1435 2172 nepos
1460 2139 1502 2160 ex
1529 2127 1647 2168 fratre,

200 2173 407 2216 Apoganem
433 2173 531 2206 illius
558 2174 675 2215 filius,
711 2173 807 2207 hunc
830 2175 868 2207 in
896 2173 1051 2206 modum.
1097 2173 1263 2206 “barbari
1289 2174 1395 2207 aedes
1420 2174 1647 2208 beatissimus

202 2221 393 2264 imperator
417 2221 490 2253 Leo
509 2221 603 2265 patri
630 2232 709 2254 meo
736 2221 830 2254 dono
857 2221 969 2261 dedit,
995 2226 1075 2266 post
1096 2222 1194 2253 cuius
1216 2220 1355 2254 obitum
1379 2233 1455 2254 cnm
1483 2222 1647 2267 impubes

203 2273 239 2300 et
264 2266 443 2311 orphanus
468 2279 592 2307 essem,
620 2273 765 2313 patruus
789 2279 886 2301 meus
911 2280 973 2313 pro
1000 2269 1211 2301 auctoritate
1238 2268 1318 2301 illas
1346 2269 1485 2310 tenuit,
1511 2280 1650 2314 semper

202 2313 289 2346 mihi
317 2314 528 2358 promittens
561 2315 703 2347 domum
743 2321 949 2360 paternam,
978 2315 1039 2347 ubi
1065 2321 1235 2347 maturam
1260 2321 1414 2348 aetatem
1441 2317 1648 2359 attigissem,

202 2371 258 2392 me
285 2365 521 2405 recepturum.
571 2367 608 2394 at
631 2374 736 2402 nunc,
763 2368 804 2395 ut
828 2362 1020 2406 intelliigo,
1046 2366 1128 2395 tuae
1144 2373 1220 2394 eam
1246 2363 1424 2396 maiestati
1449 2363 1562 2404 dedit,
1591 2376 1650 2397 ac-

203 2413 308 2452 cepto
332 2409 410 2440 vice
434 2407 532 2441 illius
565 2409 770 2442 suburbano
799 2409 977 2453 Gregorae
1002 2410 1040 2442 in
1064 2407 1266 2443 Celtzene.''
1314 2410 1357 2442 ab
1384 2410 1451 2443 hac
1474 2423 1557 2445 vero
1582 2412 1651 2444 im-

203 2454 331 2500 periali
356 2455 601 2488 munificentia
633 2457 770 2489 invidia
799 2456 966 2489 adversus
992 2457 1198 2490 Taronitem
1224 2458 1363 2490 accensi
1387 2463 1470 2491 sunt
1494 2458 1652 2492 Cacicius

203 2503 369 2546 princeps
384 2502 628 2546 Basparacacffi
656 2503 854 2537 Adranaser
881 2503 1105 2547 curopalates
1121 2503 1271 2543 1beriae,
1299 2505 1522 2538 etAsoticius
1551 2506 1652 2550 prin-

203 2549 321 2593 cipum
347 2548 529 2592 princeps3
559 2551 619 2594 qui
644 2550 949 2583 obmiti-mutantes
975 2550 1182 2596 imperatori
1208 2552 1427 2596 scripserunt
1454 2551 1540 2598 quid
1566 2564 1653 2585 cau-

205 2606 264 2628 sae
301 2601 396 2628 esset
431 2607 492 2628 cur
535 2595 723 2630 Taronites
759 2599 856 2631 solus
896 2598 1073 2642 imperiali
1112 2598 1296 2643 stipendio
1339 2599 1535 2640 frueretur,
1567 2600 1654 2645 ipsis

206 2641 370 2675 omnibus
406 2642 500 2675 nihil
534 2644 804 2689 accipientibus.
863 2656 965 2684 nam,
1003 2645 1229 2690 inquiebant,
1260 2657 1329 2690 qua
1355 2646 1393 2678 in
1419 2658 1455 2679 re
1483 2647 1564 2692 plus
1589 2647 1654 2679 ille

206 2689 343 2722 servitii
366 2695 522 2734 praestat
545 2696 608 2724 aut
630 2692 793 2724 Romanis
816 2693 940 2724 utilior
958 2691 1063 2725 nobis
1091 2692 1172 2726 est?
1218 2692 1316 2725 unde.
1341 2699 1485 2738 oportet
1510 2699 1572 2726 aut
1589 2705 1654 2726 nos

206 2746 351 2781 quoque
376 2736 591 2780 stipendium
618 2750 690 2771 non
718 2750 817 2772 secus
842 2745 951 2783 atque
976 2741 1089 2782 ipsum
1109 2740 1279 2784 accipere,
1306 2746 1368 2773 aut
1394 2752 1511 2786 neque
1537 2742 1655 2784 ipsum

207 2782 270 2816 tali
296 2781 391 2817 dono
418 2783 502 2816 frui.
550 2784 613 2817 sed
639 2787 819 2832 rescripsit
846 2786 969 2820 heatus
986 2788 1160 2821 Romanus
1187 2787 1489 2821 illud'sarouitae
1516 2788 1653 2833 stipen-
