1780 3132
290 179 363 220 m:
401 148 845 217 AnMiNisTRANDo
886 169 1108 213 lMPEmo
1148 168 1264 211 CAP.
1487 160 1548 205 99

113 279 304 333 εἰσῆλθεν
333 275 411 324 έως
437 277 509 328 τῆς
522 272 680 328 Ῥόδου,
710 273 900 312 κάκεῖθεν
925 268 1241 346 ἐξοπλισάμενος
1265 267 1446 320 α’νῆλθεν
1477 263 1555 313 ἕως

117 338 569 394 Κωνσταντινούπολιν,
597 339 668 379 καί
693 337 922 390 διατρίψας
942 334 1094 388 χρόνον
1113 332 1273 387 ἱκανόι,
1299 328 1387 387 ἦτοι
1413 329 1481 385 ἐτη
1511 330 1556 385 ζ’,

103 404 370 462 λεηλατήσας
393 421 437 447 τε
480 423 529 446 τα
560 402 639 455 ἐξω
677 406 750 444 τοῦ
781 401 1018 452 Βυζαντίου
1044 400 1306 454 ὑπέστρεψεν
1334 412 1554 452 απρακτος.

114 472 329 527 §affingas
367 472 410 513 ἐν
456 472 508 526 τῇ
529 467 660 525 Ῥόδη)
699 471 870 509 καθεῖλε
907 465 977 508 τὸν
1012 464 1209 507 κολοσσὸν
1250 463 1323 506 τὸν
1367 465 1411 506 ἐν
1449 461 1557 518 αὔτῇ

81 537 346 591 5ἱστοὶμενον.
413 531 580 589 α’γαλμα
619 537 664 576 δὲ
693 529 744 610 {v
774 534 846 574 τοῦ
877 529 994 586 ἧλιόυ
1025 533 1212 584 χαλκοῦν
1243 531 1558 585 κεχρυσωμένον

117 602 200 645 ἀπὸ
223 603 411 658 κεφαλῆς
432 603 509 649 ε’ως
535 602 684 654 ποδῶν,
705 598 802 652 ἔχον
825 595 937 650 ν’ψος
965 596 1109 651 πήχεις
1128 596 1166 637 π’
1196 613 1264 637 και
1283 596 1436 644 πλάτος
1456 595 1560 647 α’ναρ»

117 668 248 722 λόγως
287 669 360 709 τοῦ
390 665 556 720 υψους,
599 663 741 713 καθώς
782 668 992 718 μαρτυρεῖ
1024 661 1068 704 τὸ
1111 664 1353 716 ἐπίγραμμα
1381 660 1424 704 τὰ
1455 659 1560 716 πρὸς

101 727 192 789 τὴν
219 732 346 788 βάσιν
372 735 456 774 τῶν
482 733 619 773 ποδῶν
649 731 779 772 αὐτοῦ
806 731 1118 809 γεγραμμένον,
1150 727 1246 782 ἔχον
1273 725 1430 777 οὕτως·

378 796 450 840 τὸν
477 796 522 839 ὲν
545 797 674 854 Ῥόδῳ
703 794 903 838 κολοσσὸν
924 795 1086 843 ὀκτάκις
1114 797 1213 836 δέκα

63 868 107 905 10
381 864 533 918 Λάχης
566 862 698 904 ἐποίει
726 863 893 916 πηχέων
923 860 946 901 ὅ
980 861 1169 909 Λίνδιος.

117 929 242 984 ἔλαβε
271 931 318 972 δὲ
354 928 425 972 τᾶν
448 929 606 983 χαλκὸν
636 929 768 969 αὐτοῦ
794 928 867 968 καί
905 929 1148 981 διεπέρασεν
1176 928 1220 967 ἑν
1247 928 1295 982 τῇ
1322 928 1467 982 Συρίᾳ,
1495 926 1566 966 καί

117 995 285 1051 ἔστησεν
310 993 441 1037 αὐτὸν
474 996 533 1043 εἷς
565 992 722 1048 ἀγορὰν
753 994 876 1034 παντί
901 994 956 1050 τῷ
984 995 1244 1048 βουλομένῳ·
1301 990 1486 1045 ὠνήσατο
1517 993 1562 1032 δὲ

115 1060 440 1116 αὕτόνἝβραῑός
456 1060 480 1102 o‘
498 1065 516 1083 *
540 1057 769 1115 Ἐμεσηνός,
786 1058 1079 1114 έπιφορτώσας
1098 1057 1226 1100 αυ’τὸν
1244 1057 1325 1099 α’πὸ
1345 1058 1563 1115 θαλάσσης

97 1126 328 1183 Ικαμήλους
356 1129 599 1175 ένιάκοσίας
623 1127 696 1167 καί
722 1124 987 1179 ὀγδοήκοντα.
1044 1123 1358 1178 τελευτήσαντος
1388 1120 1463 1165 οὖν
1488 1126 1564 1165 τοῦ

63 1199 104 1234 15
121 1193 302 1246 Ου’θμιὶν
330 1194 537 1243 διεδέξατο
566 1191 640 1246 την
682 1194 765 1232 τῶν
790 1190 984 1245 Ἀράβων
1012 1186 1146 1244 ἀρχὴν
1174 1187 1196 1230 ὅ
1223 1192 1414 1245 ΙΙἸαβίας,
1442 1190 1564 1245 ἐκρά-

116 1274 215 1315 τησε
246 1260 292 1301 δὲ
319 1261 393 1312 τῆς
430 1257 551 1312 ἁγίας
579 1255 738 1305 πόλεως
775 1259 847 1298 καί
874 1258 958 1298 τῶν
986 1259 1062 1310 τῆς
1092 1258 1383 1311 Παλαιστίνης
1411 1258 1563 1311 μερῶν,

114 1324 189 1380 τήν
218 1339 263 1366 τε
288 1322 521 1377 Δαμασκὸν
556 1322 629 1363 καί
659 1320 920 1376 Ἀντιόχειαν
954 1324 1025 1363 καί
1060 1321 1198 1370 ποίσας
1227 1320 1302 1369 τοὶς
1329 1324 1399 1375 τῆς
1425 1320 1565 1375 Αἰγύ-

115 1406 219 1433 πτου
248 1389 400 1438 πόλεις.
459 1386 480 1429 ὃ
510 1389 556 1430 δὲ
582 1387 741 1443 Ἀλημ,
771 1387 817 1436 ὃς
846 1382 895 1442 ἦν
933 1387 1120 1441 γαμβρὸς
1148 1388 1223 1429 τοῦ
1249 1385 1468 1439 ΖᾺουάμεθ
1496 1389 1567 1430 ἐπὶ

116 1456 300 1511 θυγατρὶ
340 1458 390 1513 τῇ
429 1457 662 1511 καλουμένῃ
695 1457 880 1509 Φατιμέ,
926 1452 1125 1508 ἐκράτησε
1154 1455 1226 1506 τῆς
1256 1453 1470 1508 Λίθριβου
1496 1455 1568 1494 καί

58 1525 247 1577 Ωθπάσης
274 1523 347 1576 τῆς
375 1521 572 1577 τραχείας
599 1522 811 1575 Ἀραβίας.
884 1522 928 1562 έν
959 1517 1130 1567 ταύταις
1169 1513 1240 1560 οὖν
1270 1525 1362 1567 ταῖς
1390 1519 1565 1574 ἡμέραις

116 1589 398 1643 διηγὲρθησαν
442 1586 547 1641 πρὸς
583 1585 765 1639 πόλεμον
811 1589 899 1628 κατ’
930 1583 1120 1639 ἀλλήλων
1162 1582 1185 1624 ὁ’
1214 1600 1257 1626 τε
1286 1584 1417 1639 Ἀλημ
1442 1588 1516 1626 καί
1541 1584 1565 1626 ὅ

116 1655 308 1709 Μαβιάς,
335 1651 541 1709 ἐρίζοντες
568 1654 666 1707 περὶ
693 1654 766 1706 τῆς
797 1652 952 1708 α’ρχῆς,
984 1651 1045 1700 τίς
1068 1652 1209 1693 αὐτῶν
1239 1648 1454 1706 κυριεύσει
1486 1651 1563 1693 πά·

207 1777 231 1810 8
255 1777 341 1822 ἔχον
369 1776 484 1815 οὕτως
508 1776 578 1809 add
601 1777 626 1809 B

115 1912 191 1934 cum
218 1900 423 1946 praevalida
448 1912 554 1933 manu
589 1905 625 1933 et
658 1900 891 1945 cataphractis
916 1900 1065 1933 navibus
1093 1900 1193 1933 mille
1216 1899 1401 1942 ducentis3
1434 1905 1469 1933 et
1493 1911 1559 1945 pe-

114 1949 271 1981 netravit
290 1959 401 1993 usque
422 1947 594 1987 Rhodum,
624 1947 781 1992 indeque
799 1959 875 1979 cum
896 1948 1076 1991 copiarum
1095 1953 1265 1991 apparatu
1285 1948 1424 1991 Cpolim
1445 1959 1558 1992 usque

113 2005 318 2039 progressus
345 1999 421 2035 est,
449 1994 510 2026 ubi
535 1995 648 2027 multo
676 2000 854 2038 tempore,
884 2000 1019 2038 septem
1047 1994 1216 2026 videlicet
1242 1995 1367 2034 annis,
1391 2000 1558 2036 moratus,

113 2041 212 2074 omni
240 2042 330 2075 circa
359 2041 499 2085 Cpolim
523 2051 605 2084 agro
632 2041 839 2081 devastato,
874 2052 911 2073 re
939 2041 1071 2073 insecta
1097 2052 1255 2073 reversus
1282 2046 1345 2073 est.
1394 2040 1558 2074 Rhodum

113 2093 230 2120 autem
255 2099 332 2120 cum
357 2088 532 2128 venisset,
569 2088 745 2120 colossum
784 2088 860 2120 illic
887 2092 1039 2121 stantem
1064 2088 1220 2120 sustulit.
1270 2093 1346 2120 erat
1368 2099 1452 2120 vero
1480 2094 1555 2121 sta-

111 2140 173 2168 tua
197 2135 281 2167 solis
307 2145 431 2174 aenea,
456 2134 623 2167 deaurata
650 2146 669 2166 a
694 2135 812 2179 capite
841 2145 953 2178 usque
984 2134 1028 2166 ad
1054 2134 1173 2178 pedes,
1201 2134 1391 2167 altitudine
1409 2134 1554 2167 cubito-

112 2191 188 2214 rum
215 2183 261 2215 80
289 2186 324 2214 et
348 2181 540 2214 latitudine
568 2182 798 2225 congruenti,
826 2187 864 2214 ut
889 2182 1101 2214 testificatur
1125 2181 1340 2226 epigramma
1368 2180 1413 2214 ad
1439 2181 1553 2215 basim

109 2227 244 2273 pedum
271 2229 347 2261 eius
375 2228 603 2274 descriptum,
625 2228 721 2272 quod
749 2229 800 2260 sic
824 2227 954 2261 habet:

344 2274 468 2308 Rhodo
494 2275 671 2308 colossum
700 2275 754 2307 bis
781 2281 909 2320 quater
934 2274 1061 2307 cubitis
1087 2274 1208 2308 decem

339 2321 603 2366 superbientem
634 2321 781 2354 lindius
809 2323 895 2355 fecit
925 2321 1069 2355 Laches.

110 2378 169 2400 aes
197 2372 340 2408 autem,
370 2379 413 2401 ex
438 2380 509 2415 quo
535 2369 718 2402 confectus
746 2374 847 2410 erat,
887 2368 1038 2401 abstulit
1066 2367 1388 2412 transportavitque
1422 2367 1457 2399 in
1487 2367 1552 2410 Sy-

111 2415 197 2448 riam
223 2421 261 2447 et
284 2393 438 2448 cuilibet
461 2415 587 2449 venale
613 2417 811 2460 proposuit.
864 2416 949 2449 emit
973 2426 1056 2448 vero
1086 2415 1178 2447 illud
1203 2414 1385 2447 Hebraeus
1410 2414 1554 2459 quidun

110 2461 330 2502 Emesenus,
371 2462 432 2507 qui
475 2473 495 2494 a
528 2463 615 2495 mari
651 2461 898 2496 advehendum
934 2463 1105 2506 imposuit
1128 2462 1271 2494 camelis
1300 2461 1489 2514 nongentis
1519 2467 1554 2493 et

110 2509 302 2552 octoginta.
353 2514 494 2542 mortuo
520 2509 629 2553 igitur
656 2509 832 2543 Uthmane
857 2508 1011 2542 Arabum
1039 2509 1276 2554 principatum
1300 2508 1456 2553 suscepit
1475 2508 1551 2540 Ma-

110 2555 211 2595 vias,
246 2566 288 2587 ac
312 2555 378 2588 sub
405 2556 556 2602 imperio
582 2567 645 2589 suo
670 2556 798 2589 habuit
826 2562 982 2589 sanctam
1009 2555 1143 2596 urbem,
1169 2555 1395 2589 Palaestinae
1421 2560 1552 2599 partes,

110 2600 332 2642 Damascum,
355 2601 582 2636 Antiochiam
609 2609 646 2636 et
673 2614 794 2636 omnes
810 2603 961 2647 Aegypti
987 2601 1104 2635 urbes.
1154 2603 1250 2635 Alim
1274 2612 1357 2635 vero
1384 2602 1445 2646 qui
1471 2601 1551 2633 Ma-

107 2646 263 2681 hometis
287 2648 398 2681 filiam
430 2648 617 2682 Phatimen
638 2661 782 2683 uxorem
812 2649 981 2690 duxerat,
1017 2650 1135 2682 tenuit
1158 2648 1367 2682 Aethribum
1397 2653 1433 2680 et
1464 2649 1550 2680 Ara-

107 2694 204 2728 biam
230 2696 411 2728 Petraeam
438 2696 646 2729 universam
696 2697 750 2729 his
775 2698 897 2741 itaque
925 2695 1050 2728 diebus
1077 2696 1122 2729 de
1150 2696 1271 2738 Syriae
1298 2694 1446 2739 imperio
1471 2705 1550 2726 mu-

109 2745 171 2775 tuo
210 2741 450 2788 disceptantes
487 2743 578 2776 Alim
618 2749 654 2777 et
681 2744 815 2778 Mavias
850 2744 887 2776 in
929 2748 1090 2789 apertum
1123 2742 1258 2776 bellum
1297 2746 1548 2788 proruperunt,

284 2872 318 2902 η

1577 1327 1670 1360 Ρ73
