1780 3132
244 174 335 219 260
513 177 843 220 CONSTANTIN
847 179 862 217 1
900 179 1368 222 PORPHYROGENITI

240 289 332 327 μης,
360 275 431 327 τῆς
462 273 616 321 πόλεως
644 269 776 325 πάσης
803 274 1125 328 εύφραινομένης
1139 291 1181 316 τε
1207 278 1278 316 καί
1303 279 1644 331 α’ποκοιμωμένης,

240 333 369 378 αὐτὸν
393 335 467 389 τὴν
493 338 616 376 νύκτα
643 338 916 388 ε’παναστῆναι
942 338 1046 387 μετὰ
1075 341 1156 379 τῶν
1183 342 1474 393 Βοσποριανῶν
1502 355 1547 382 τε
1575 342 1646 381 καί

238 401 395 441 οἰκείων
441 400 512 439 καί
551 401 757 452 ἐμπρῆσαι
798 398 872 453 ’την
911 401 1029 442 πόλιν
1075 405 1145 443 καί
1185 401 1338 451 πάντας
1369 403 1640 460 κατασφάξαι.

236 466 521 515 συναχθέντων
567 464 613 503 δὲ
644 463 688 503 ἐν
730 465 787 519 τῷ
815 465 944 505 διετεῖ
963 465 1097 521 χρόνῳ
1126 467 1169 507 ἐν
1191 468 1246 521 τῷ
1269 466 1338 520 τῆς
1365 468 1405 508 Γ
1404 468 1519 515 υκίας
1547 465 1642 523 οἴκῳ

234 523 334 579 ἄχρι
363 526 581 566 διακοσίων
611 529 928 582 Βοσποριανῶν,
956 528 1027 569 καί
1048 531 1120 582 τῆς
1147 532 1305 584 μνήμης
1332 532 1405 571 τοῦ
1431 530 1672 583 Λαμάχουὸ

232 587 311 643 ἤδη
341 590 481 630 λοιπὸν
507 589 751 645 ἐγγιζούσης,
781 593 937 644 ἐγένετο
965 595 1181 647 παιδίσκην
1209 594 1279 647 τῆς
1295 597 1335 636 Γ
1332 595 1446 643 υκίας
1472 598 1643 648 κουβου-

232 656 431 708 κλαρέαν,
460 655 565 694 πάνυ
598 656 706 709 αὐτῇ
734 650 862 696 οὖσαν
889 659 1260 713 προσφιλέστατον,
1304 660 1532 700 πταίσασαν
1560 647 1640 699 α’πο

232 712 368 767 ὅψεως
409 717 536 771 αὐτῆς
577 720 767 771 γενέσθαι
802 721 873 761 καί
909 719 1226 775 ἅποκλεισθῆναι
1266 723 1407 776 αιῖτήν.
1469 723 1514 763 ἐν
1539 716 1572 777 ᾧ
1597 722 1644 763 δὲ

231 780 324 836 οἴκῳ
354 781 599 835 α’πεκλείσθη
629 782 654 835 ἦ
686 784 893 837 παιδίσκη,
919 781 1182 827 ὑποκάτωθεν
1210 787 1338 827 αὐτοῦ
1366 782 1471 840 ἦσαν
1496 784 1534 826 ὀἱ
1559 788 1643 827 Βο-

229 844 446 897 σποριανοί
470 843 804 900 α’ποτρεφόμενοι.
858 850 932 900 τῆς
960 850 1005 888 δὲ
1034 851 1249 904 παιδίσκης
1274 852 1545 904 καθεζομένης
1575 849 1644 891 καὶ
1653 862 1695 895 10

229 907 433 962 νηθούσης
459 907 503 949 τὸ
533 911 656 958 λίνον,
686 911 840 962 ἐγένετο
869 910 911 951 τὸ
939 912 1157 966 σφοντύλιν
1187 916 1256 966 τῆς
1283 911 1485 967 ἀτράκτου
1505 919 1642 954 πεσεῖν

228 972 300 1011 καί
324 975 519 1013 κυλισθὲν
547 974 746 1014 εἰσελθεῖν
775 976 832 1022 εἰς
858 973 1096 1029 βαθυτάτην
1126 977 1228 1030 ὀπὴν
1252 975 1355 1029 πρὸς
1382 976 1452 1019 τὸν
1479 983 1638 1029 τοῖχον·

227 1034 251 1087 ἦ
280 1036 325 1075 δὲ
356 1035 568 1078 ἀναστᾶσα
595 1036 699 1089 πρὸς
731 1036 774 1078 τὸ
803 1040 954 1091 ἐπᾶραι
987 1039 1090 1080 αὐτὸ
1122 1039 1200 1096 ὁρᾷ
1227 1041 1327 1082 αὐτὸ
1359 1042 1402 1082 ἕν
1424 1039 1640 1096 βαθυτάτῃ

229 1099 308 1152 6πῇ
335 1095 411 1139 ὅν·
479 1102 549 1140 καί
590 1099 646 1153 μή
697 1103 926 1156 δυναμένης
967 1103 1090 1156 αὐτῆς
1123 1101 1323 1146 ε’κσπὰσαι
1361 1100 1464 1146 αὖτό
1497 1103 1564 1145 δια
1598 1118 1643 1145 το

226 1162 371 1216 βάθος,
400 1163 637 1217 ἠναγκάσθη
678 1166 722 1205 ἐκ
753 1167 828 1205 τοῦ
855 1166 982 1207 πάτου
1019 1166 1121 1219 πρὸς
1142 1166 1212 1208 τὸν
1238 1172 1376 1220 τοῖχον
1403 1164 1638 1208 ἀνασπάσαι
1652 1176 1692 1208 15
1748 1175 1751 1178 ’

227 1227 300 1268 ἕνα
331 1228 510 1279 βήσαλον
538 1226 642 1280 πρὸς
680 1227 724 1268 τὸ
754 1230 873 1270 τοῦτο
914 1232 1091 1282 ἐπᾶραι·
1145 1233 1217 1272 καί
1242 1228 1320 1286 δρᾷ
1345 1231 1412 1272 διὰ
1439 1231 1510 1283 τῆς
1537 1231 1641 1283 ὀπῆς

227 1288 336 1331 κάτω
366 1292 409 1331 ἑν
436 1292 494 1345 τῷ
520 1290 679 1346 ὑπογὲῳ
708 1290 803 1348 οἴκῳ
827 1291 870 1333 τὸ
903 1297 1060 1346 πλῆθος
1086 1297 1164 1335 τῶν
1193 1290 1318 1335 ὄντων
1346 1295 1519 1348 α’νδρῶν.
1572 1297 1644 1335 καί

229 1355 376 1394 ἰδοῦσα
404 1355 568 1407 εὐφυῶς
596 1353 719 1396 πάλιν
748 1358 926 1396 α’πέθετο
957 1360 1001 1399 ἐν
1038 1359 1094 1413 τῷ
1120 1357 1228 1414 τόπῳ
1258 1357 1304 1398 τὸ
1330 1359 1511 1411 βήσαλον
1538 1356 1642 1412 πρὸς

227 1416 270 1456 τὸ
299 1415 359 1469 μὴ
404 1418 637 1469 γνωσθῆναι
678 1425 761 1466 τοῖς
803 1417 913 1460 κάτω
935 1437 945 1447 ·
1000 1423 1071 1462 καί
1114 1425 1324 1474 λαθραίως
1364 1421 1640 1463 α’ποστείλασα

226 1479 327 1531 μιάν
355 1482 435 1521 τῶν
466 1482 624 1522 παίδων
652 1487 941 1534 προσεκαλεῖτο
982 1482 1053 1537 τὴν
1081 1483 1228 1538 κυρίαν
1257 1486 1384 1538 αὐτῆς
1408 1488 1483 1526 τοῦ
1508 1487 1694 1529 swano

229 1543 332 1596 πρὸς
362 1543 516 1598 αὐτήν,
563 1544 812 1599 ὀφείλουσάν
839 1563 875 1587 τι
906 1549 1124 1600 ἀναγκαῖον
1151 1550 1325 1589 οἰκοῦσαι
1350 1551 1420 1590 καί
1443 1551 1558 1590 ἰδεῖν.
1613 1548 1638 1603 ἦ

231 1609 276 1648 δὲ
305 1607 437 1649 Ιύκία
466 1606 545 1648 ὑπὸ
573 1612 648 1649 τοῦ
669 1612 770 1650 θεοῦ
805 1618 1079 1664 κατανυγεῖσα
1116 1613 1276 1665 ἀπῆλθε
1308 1613 1411 1666 πρὸς
1441 1611 1514 1667 τήν
1541 1627 1641 1654 παι-

1571 1679 1575 1691 .

325 1733 403 1785 Ῑυτε
426 1735 488 1810 532
500 1732 813 1810 Ιἑῖποκοιμωμένης
832 1734 902 1768 add
926 1738 949 1768 B
1042 1736 1064 1770 6
1090 1736 1411 1782 κουβικουλαρίανί>
1529 1738 1548 1770 7
1575 1737 1640 1771 αὕ-

319 1790 379 1820 της
404 1788 423 1809 a
1477 1787 1482 1794 ⁸

228 1887 324 1918 lante
349 1897 389 1918 ac
414 1897 534 1919 somno
559 1887 687 1932 sopita,
720 1889 794 1932 ipse
836 1899 911 1921 cum
945 1889 1165 1934 Bosporianis
1198 1895 1304 1934 atque
1340 1889 1537 1923 domesticis
1571 1891 1640 1923 suis

229 1932 272 1963 de
300 1938 404 1963 nocte
441 1943 578 1975 surgere
622 1934 813 1977 urbemque
852 1935 1040 1967 incendere
1066 1942 1099 1967 et
1126 1946 1244 1967 omues
1276 1936 1446 1968 occidere.
1493 1947 1641 1980 cumque

227 1977 366 2008 biennii
394 1982 550 2021 tempore
589 1979 626 2010 in
653 1979 783 2020 Gyciae
822 1979 925 2012 domo
959 1981 1155 2023 congregati
1196 1986 1313 2013 essent
1342 1981 1547 2024 Bosporiani
1575 1981 1642 2013 du·

227 2023 333 2061 nenti,
362 2023 578 2067 instaretque
602 2025 669 2055 iam
696 2024 905 2057 celebranda
929 2026 1088 2058 Lamachi
1118 2027 1293 2066 memoria,
1318 2025 1443 2059 accidit
1461 2032 1501 2059 ut
1523 2027 1641 2070 puella

229 2069 358 2110 Gyciae
384 2068 611 2108 cubicularia,
635 2080 726 2113 quae
744 2071 775 2101 ei
798 2071 993 2113 gratissima
1017 2077 1101 2110 erat,
1127 2076 1270 2115 propter
1292 2073 1457 2104 offensam
1485 2071 1530 2103 ab
1552 2083 1640 2104 ocu-

227 2113 284 2145 lis,
300 2114 374 2145 eius
402 2120 637 2146 removeretur
661 2115 982 2160 secludereturque.
1029 2117 1124 2148 locus
1152 2128 1232 2149 vero
1256 2117 1292 2148 in
1316 2127 1386 2160 quo
1403 2117 1640 2150 concludeba-

229 2165 306 2198 tur,
333 2159 451 2191 subter
486 2160 718 2202 Bosporianos
754 2160 931 2200 habebat,
956 2162 1018 2206 qui
1042 2163 1116 2193 illic
1139 2161 1332 2194 alebantur.
1379 2163 1498 2206 puella
1523 2168 1652 2195 autem-

228 2204 371 2236 sedente
407 2210 442 2237 et
478 2206 576 2236 filum
612 2211 819 2250 torquente,
855 2208 1000 2249 contigit
1030 2213 1067 2239 ut
1102 2207 1168 2239 susi
1195 2208 1385 2239 verticillus
1416 2208 1579 2240 decidens
1601 2209 1640 2240 in

228 2250 386 2281 foramen
420 2251 632 2293 profundum
673 2263 782 2295 prope
809 2253 978 2295 parietem
1017 2252 1275 2294 devolveretur-3
1312 2263 1459 2297 cumque
1485 2259 1641 2296 surgeret

227 2295 378 2326 tollendi
407 2306 521 2334 causa,
547 2297 583 2327 in
607 2297 763 2329 foramen
788 2297 966 2341 delapsum
993 2298 1101 2336 videt,
1130 2298 1223 2330 unde
1248 2309 1325 2330 cum
1353 2298 1534 2331 extrahere
1558 2311 1639 2343 pro-

228 2345 307 2383 pter
339 2342 616 2383 profunditatem
647 2354 720 2374 uon
757 2350 893 2386 posset,
929 2355 1030 2375 unum
1064 2355 1082 2375 e
1108 2345 1305 2387 pavimento
1339 2354 1448 2388 prope
1471 2345 1639 2388 parietem

185 2397 197 2405 ·
229 2386 373 2417 laterem
401 2387 582 2419 extrahere
614 2393 733 2420 coacta
760 2389 846 2429 fuit;
881 2400 992 2432 eoque
1021 2390 1113 2421 facto
1143 2400 1205 2432 per
1232 2389 1388 2421 foramen
1411 2390 1448 2421 in
1473 2389 1640 2422 inferiore

229 2430 366 2462 aedium
393 2437 490 2474 parte
526 2432 765 2465 absconditam
797 2435 870 2466 illic
898 2435 1074 2466 homiuum
1108 2435 1369 2467 multitudinem
1393 2435 1502 2467 videt.
1551 2446 1639 2479 quos

229 2488 304 2507 cum
331 2475 486 2516 vidisset,
510 2477 653 2510 laterem
674 2479 711 2510 in
735 2479 850 2511 locum
874 2491 972 2512 suum
1000 2480 1145 2511 solerter
1168 2481 1346 2523 reposuit,
1377 2491 1423 2512 ne
1445 2480 1488 2512 ab
1513 2481 1554 2513 iis
1578 2482 1639 2525 qui

228 2523 317 2554 iufra
339 2528 438 2553 erant
473 2522 817 2566 deprehenderetur,
849 2527 1012 2569 misitque
1044 2525 1238 2558 clanculum
1264 2525 1458 2569 puellarum
1485 2525 1639 2570 aliquam

230 2567 273 2599 ad
298 2567 471 2600 dominam
497 2579 604 2608 suam,
629 2581 730 2613 quam
756 2571 873 2603 venire
898 2570 941 2602 ad
970 2582 1003 2603 se
1019 2570 1223 2603 hortabatur
1251 2572 1479 2603 necessarium
1503 2571 1639 2614 aliquid

230 2613 424 2645 audituram
451 2614 684 2657 visurumque.
746 2616 852 2657 Gycia
885 2627 966 2648 vero
1007 2616 1073 2648 deo
1106 2617 1310 2660 impellente
1346 2617 1497 2660 puellam
1531 2615 1638 2657 adiit3

231 2659 375 2702 solaque
401 2658 445 2691 ad
481 2669 555 2692 eam
589 2660 739 2703 ingressa
764 2673 840 2695 cum
868 2662 1006 2695 ianuam
1037 2662 1228 2704 clausisset,
1252 2662 1297 2695 ad
1322 2661 1429 2707 pedes
1456 2662 1529 2695 eius
1555 2673 1638 2706 pro-
