1780 3132
185 148 248 193 76
447 151 813 195 CONSTANTINI
845 152 1346 198 PORPHYROGENITI

182 267 467 319 πλημμυροῦν,
510 263 693 305 κᾶκεΐθεν
729 261 1108 318 ἀποκρημνιζόμενον
1143 263 1243 319 πρὸς
1269 264 1314 305 τὸ
1343 264 1451 307 κάτω
1477 267 1612 322 με’ρος,

181 326 279 383 ’ἦχον
303 332 426 386 μέγαν
456 332 521 371 καὶ
551 327 679 385 φόβον
703 329 893 371 ἀποτελεῖ.
959 332 1024 371 καὶ
1046 330 1114 371 διὰ
1131 335 1247 372 τοῦτο
1269 331 1390 384 μέσον
1411 332 1540 374 αὐτῶν
1563 335 1610 375 οὗ

180 402 377 450 τολμῶσιν
399 398 436 439 οἳ
452 395 549 445 Ῥῶς
571 397 760 447 διελθεῖν,
795 396 897 438 ἀλλὰ
919 398 1083 451 πλησίον
1102 395 1394 449 σκαλώσαντες,
1429 401 1495 440 καὶ
1517 401 1611 450 τούς

177 465 250 516 μὲν
270 463 510 520 ἀνθρώπους
531 461 761 515 ἐκβαλόντες
783 466 838 512 εἷς
855 463 926 517 τὴν
945 462 1089 519 ξηράν,
1118 463 1169 505 τὰ
1192 464 1235 505 δὲ
1258 464 1376 505 λοιποὶ
1394 464 1608 521 πράγματα

179 529 363 580 ἐάσαντες
390 533 445 579 εἷς
474 530 525 571 τὰ
551 528 772 582 μονόξυλα,
803 528 883 571 εἷθ’
906 530 1031 580 οὕτως
1047 531 1191 585 γυμνοί
1193 562 1206 581 ,
1237 537 1319 580 τοῖς
1341 533 1459 578 ποσὶν,
1478 532 1640 576 αὖτῶνὸ

176 601 477 654 ψηλαφοῦντες,
504 598 569 637 ἵνα
589 594 646 651 μή
668 613 742 637 τινι
762 598 866 653 λίθῳ
885 596 1222 654 προσκρούσωσιν.
1268 602 1385 640 τοῦτο
1408 600 1451 640 δὲ
1469 603 1605 641 ποιοῦ-

176 680 238 706 σιν
266 664 303 705 οἳ
328 665 401 717 μὲν
427 661 610 719 πλώραν,
644 663 682 705 οἶ
705 664 747 704 δὲ
764 663 905 717 μέσον,
941 665 978 705 οἱ
1002 665 1045 706 δὲ
1064 666 1130 705 καὶ
1149 666 1203 713 εἷς
1221 664 1292 717 τὴν
1311 663 1494 719 πρύμναν
1505 666 1607 719 μετὰ

59 738 86 771 Ρ
111 738 155 772 60
176 733 390 787 κονταρίων
412 728 745 783 κοντοβευόμενοι.
813 733 879 772 καὶ
904 731 1005 784 μετὰ
1025 730 1210 785 τοιαύτης
1230 729 1388 785 ἁπάσης
1409 732 1607 788 ἀκριβείας

176 799 394 854 διέρχονται
425 798 493 839 τὸν
520 801 697 839 τοιοῦτον
723 802 878 853 πρῶτον
904 798 1088 854 φραγμὸν
1111 798 1178 839 διὰ
1197 802 1268 851 τῆς
1286 799 1429 852 γωνίας
1447 801 1513 840 καὶ
1535 803 1606 852 τῆς

173 864 303 919 ὄχθης
333 869 405 907 τοῦ
431 869 626 917 ποταμοῦ.
692 861 805 915 ἡνίκα
832 865 876 905 δὲ
908 865 1097 907 διέλθωσι
1118 865 1187 906 τὸν
1206 869 1383 907 τοιοῦτον
1404 865 1602 921 φραγμόν,
1613 872 1655 907 10
1690 917 1693 923 1

172 931 291 973 πάλιν
319 932 395 974 ἀπὸ
424 937 495 986 τῆς
524 934 647 986 ξηρᾶς
667 929 1038 984 ἀναλαμβανόμενοι
1058 931 1151 980 τοὺς
1169 931 1330 981 λοιποὺς
1351 931 1604 982 ἀποπλέουσι,

170 1001 238 1041 καὶ
261 1000 515 1055 κατέρχονται
539 1001 593 1047 εἷς
613 998 681 1040 τὸν
702 998 833 1054 ἕτερον
854 998 1040 1054 φραγμὸν
1058 998 1124 1039 τὸν
1142 997 1410 1052 ἐπιλεγόμενον
1424 997 1604 1041 Ῥωσιστὶ

167 1067 240 1120 μὲν
263 1067 463 1122 Οὖλβορσὶ
487 1067 740 1118 Σκλαβινιστὶ
759 1066 803 1106 δὲ
819 1065 1206 1120 Ὀστροβουνίπραχ,
1236 1065 1332 1122 ὅπερ
1353 1064 1604 1121 ἑρμηνεύεται

167 1134 214 1175 τὸ
241 1135 375 1187 νησίον
395 1138 467 1175 τοῦ
489 1136 690 1189 φραγμοῦ.
758 1131 839 1173 ἔστι
859 1133 1035 1181 κάκεῖνος
1053 1130 1189 1184 ὅμοιος
1206 1137 1264 1189 τῷ
1284 1131 1449 1190 πρώτῳ,
1479 1136 1603 1185 χαλε-

170 1199 244 1249 πός
265 1218 306 1242 τε
328 1203 394 1242 καὶ
419 1200 680 1250 δυσδιέξοὸος.
749 1201 814 1240 καὶ
831 1198 948 1240 πάλιν
970 1197 1199 1251 ἐκβαλόντες
1217 1198 1285 1241 τὸν
1301 1199 1398 1241 λαὸν
1416 1197 1602 1252 διαβιβά-
1613 1206 1654 1241 15

170 1269 279 1319 ζουσι
308 1268 360 1309 τὰ
387 1266 587 1320 μονόξυλα
617 1265 756 1315 καθὼς
786 1267 852 1306 καὶ
880 1264 1084 1320 πρότερον.
1151 1264 1296 1318 ὁμοίως
1317 1267 1360 1307 δὲ
1383 1266 1602 1321 διέρχονται

167 1336 234 1375 καὶ
263 1335 331 1376 τὸν
358 1336 489 1390 τρίτον
519 1332 703 1390 φραγμὸν
728 1332 796 1374 τὸν
819 1331 1026 1387 λεγόμενον
1048 1333 1089 1372 Γ
1087 1334 1247 1387 ελανδρί
1250 1363 1263 1383 ,
1299 1332 1320 1374 ὃ
1350 1330 1600 1388 ἑρμηνεύεται

167 1404 423 1455 Σκλαβινιστὶ
450 1397 546 1455 ἦχος
576 1404 776 1456 φραγμοῦ.
845 1397 925 1440 εἷθ’
953 1398 1078 1449 οὕτως
1097 1399 1166 1440 τὸν
1186 1399 1373 1455 τέταρτον
1402 1397 1600 1455 φραγμόν,

166 1468 234 1510 τὸν
253 1469 389 1523 μέγαν,
416 1469 484 1510 τὸν
505 1465 774 1521 ἐπιλεγόμενον
789 1465 969 1508 Ῥωσιστὶ
991 1467 1062 1518 μὲν
1080 1464 1257 1522 Ἀειφὰρ,
1281 1468 1534 1519 Σκλαβινιστὶ
1556 1466 1600 1508 δὲ

164 1535 329 1589 Νεασήτ
339 1567 352 1587 ,
389 1534 488 1578 διότι
520 1530 765 1591 φωλεύουσιν
790 1533 827 1574 οἳ
851 1537 1052 1575 πελεκᾶνοι
1073 1535 1127 1582 εἰς
1145 1533 1196 1575 τὰ
1214 1531 1382 1588 λιθάρια
1400 1537 1470 1575 τοῦ
1490 1542 1653 1590 ‹pem-20

163 1607 281 1657 γμοῦ.
349 1604 389 1644 ἐν
409 1602 535 1658 τούτῳ
556 1596 626 1643 οὖν
644 1605 702 1657 τῷ
720 1604 894 1657 φραγμῷ
911 1599 1178 1642 σκαλώνουσιν
1195 1598 1350 1642 ἅπαντα
1368 1602 1422 1649 εἷς
1440 1600 1511 1654 τὴν
1527 1604 1600 1655 γῆν

163 1668 430 1725 ὄρθόπλωρα,
465 1671 532 1711 καὶ
562 1669 781 1724 ἐξέρχονται
812 1668 848 1708 οἱ
882 1665 1090 1723 ὡρισμένοι
1120 1666 1259 1723 ἄνδρες
1287 1665 1498 1723 φυλάττειν
1526 1666 1598 1720 τὴν

161 1738 302 1791 βίγλαν
331 1737 422 1789 μετ’
456 1737 606 1786 αὐτῶν,
641 1738 707 1776 καὶ
739 1734 995 1789 ἀπέρχονται,
1030 1736 1095 1775 καὶ
1125 1734 1197 1783 τὰς
1220 1735 1362 1788 βίγλας
1392 1728 1500 1775 οὗτοι
1529 1733 1597 1774 διὰ

162 1803 256 1854 τοὺς
291 1805 585 1855 Πατζινακίτας
622 1800 830 1858 ἀγρύπνως
870 1799 1146 1857 φυλάττουσιν.
1229 1801 1265 1841 οἳ
1307 1801 1350 1842 δὲ
1385 1801 1513 1842 λοιποὶ
1545 1799 1595 1841 τὰ

160 1951 266 1996 igitur
288 1952 430 1986 allidens
456 1958 492 1986 et
513 1952 740 1986 intumescens
763 1961 861 1994 aqua,
889 1949 1080 1993 deindeque
1100 1959 1173 1982 cum
1193 1960 1313 1990 magno
1328 1947 1473 1992 strepitu
1490 1959 1595 1992 prae-

161 2009 242 2040 ceps
274 2004 350 2030 acta
382 2003 506 2030 metum
537 1996 672 2031 incutit.
721 2000 930 2040 quapropter
962 1995 1039 2028 illac
1069 1994 1216 2027 transire
1239 1992 1343 2026 Russi
1367 2004 1434 2026 non
1458 1993 1594 2036 audent,

161 2042 221 2075 sed
247 2042 336 2075 haud
360 2041 479 2086 procul
501 2052 667 2074 exscensu
690 2041 801 2082 facto,
835 2039 967 2073 eductis
998 2039 1189 2072 hominibus
1218 2039 1387 2080 rebusque
1409 2037 1535 2071 ceteris
1558 2037 1596 2071 in

158 2086 262 2120 lintre
285 2087 426 2129 relictis,
450 2087 595 2130 pedibus
619 2085 717 2119 nudis
739 2085 862 2118 vadum
884 2090 1029 2126 tentant,
1054 2095 1098 2116 ne
1121 2083 1163 2116 ad
1187 2093 1302 2116 saxum
1324 2081 1461 2126 aliquod
1484 2083 1595 2116 offen-

159 2132 254 2165 dant.
301 2132 378 2165 dum
402 2139 513 2165 autem
539 2132 573 2164 id
599 2131 740 2173 faciunt,
767 2129 826 2163 alii
847 2141 994 2173 proram,
1021 2128 1078 2161 alii
1103 2128 1246 2161 modium
1270 2126 1460 2169 naviculae,
1487 2127 1594 2160 ceteri

157 2175 298 2220 puppim
329 2177 438 2209 contis
467 2176 660 2220 impellunt;
695 2181 797 2219 atque
821 2186 895 2208 cum
917 2174 982 2207 hac
1004 2184 1131 2206 summa
1154 2172 1284 2206 cautela
1307 2178 1341 2206 et
1363 2171 1594 2205 sollicitudine

158 2221 246 2254 hanc
269 2221 407 2264 primam
433 2221 650 2255 munitionem
674 2232 735 2265 per
757 2219 912 2263 angulum
937 2225 971 2252 et
989 2218 1095 2261 ripam
1114 2217 1262 2252 fluminis
1279 2216 1590 2260 transgrediuntur.

158 2272 319 2309 superato
344 2266 408 2298 boc
428 2266 503 2299 loco
528 2266 677 2299 fluminis
700 2270 896 2309 praerupte,
920 2263 1068 2297 reductis
1090 2262 1132 2295 iis
1155 2273 1240 2306 quos
1263 2268 1494 2306 exposuerant
1513 2272 1591 2294 cur-

159 2322 232 2344 sum
263 2310 491 2354 navigationis
522 2316 701 2355 repetunt,
735 2316 770 2344 et
802 2310 845 2342 ad
867 2308 969 2342 alium
991 2308 1099 2341 locum
1127 2312 1345 2350 praeruptum
1370 2306 1592 2348 descendunt,

157 2355 218 2399 qui
240 2356 364 2389 Russis
389 2356 547 2398 Ulborsi,
584 2355 718 2389 Sclavis
743 2353 1036 2398 Ostrobuniprach
1058 2352 1204 2394 dicitur,
1236 2351 1476 2395 significatque
1496 2350 1592 2384 insu-

157 2401 224 2434 lam
247 2400 315 2433 loci
340 2401 528 2444 praerupti.
566 2400 621 2433 bic
646 2411 747 2444 porro
770 2399 878 2444 priori
901 2397 1019 2432 similis
1041 2402 1094 2431 est
1117 2402 1152 2430 et
1176 2396 1265 2430 haud
1287 2396 1390 2430 facile
1412 2394 1588 2429 transitum

158 2444 339 2491 permittit.
386 2457 502 2478 rursus
533 2445 649 2489 itaque
682 2445 813 2478 eductis
842 2443 1031 2477 hominibus
1064 2441 1263 2484 monoxyla,
1301 2447 1338 2474 ut
1362 2445 1442 2474 ante
1464 2439 1589 2474 dictum

158 2496 236 2533 est,
269 2490 461 2529 traducunt,
509 2491 652 2534 parique
684 2490 782 2522 modo
813 2489 950 2522 tertium
971 2488 1080 2521 locum
1106 2492 1324 2530 praeruptum
1346 2485 1590 2528 transmittunt,

157 2541 386 2579 nuncupatum
407 2534 584 2578 Gelandri,
608 2546 706 2578 quem
728 2534 884 2567 Sclavice
900 2543 1016 2567 sonum
1032 2531 1098 2565 loci
1116 2531 1292 2575 praerupti
1307 2530 1588 2582 interpretantur.

155 2580 327 2624 similique
359 2580 494 2613 ratione
528 2586 683 2623 quartam
715 2578 932 2612 munitionem
963 2577 1144 2619 maiorem,
1180 2587 1278 2619 quam
1311 2575 1416 2608 Rusm
1444 2573 1589 2617 Aiphar,

157 2625 275 2659 Sclavi
307 2625 439 2658 Neaset
471 2630 688 2669 nuncupant,
724 2623 881 2667 quoniam
906 2623 942 2655 in
965 2621 1058 2655 saxis
1084 2620 1280 2654 munitionis
1303 2617 1451 2664 pelicani
1472 2617 1588 2652 nidifi-

157 2676 250 2704 cant.
296 2670 340 2703 ad
363 2670 423 2703 has
446 2669 563 2714 itaque
584 2670 703 2703 fauces
725 2669 829 2702 rectis
853 2667 965 2711 proris
987 2666 1182 2711 appellunt3
1214 2665 1350 2708 virique
1373 2663 1415 2696 ad
1439 2663 1504 2696 hoc
1526 2663 1588 2696 de-

156 2715 276 2750 stinati
300 2715 342 2748 ad
366 2715 526 2748 excubias
547 2715 734 2749 servandas
757 2724 831 2746 cum
854 2712 939 2756 ipsis
965 2712 1174 2745 exscendunt
1193 2711 1400 2754 abeuntque.
1429 2707 1590 2741 excubias

157 2766 269 2796 autem
292 2759 478 2806 pervigiles
502 2759 536 2793 hi
558 2765 664 2805 agunt
686 2764 829 2804 propter
850 2756 1092 2792 Patzinacitas.
1141 2753 1248 2790 ceteri
1267 2765 1368 2797 vero,
1394 2751 1526 2788 eductis
1546 2763 1589 2785 ex
