1780 3132
241 173 303 217 58
504 177 868 222 CONSTANTINI
902 182 1393 230 PORPHYROGENITI

240 298 382 334 στατος
396 288 583 338 βασιλεὺς
599 288 903 343 Διοκλητιανός,
937 291 1014 335 ἀπό
1033 311 1137 344 τινος
1148 297 1297 352 χωρίου
1318 299 1558 351 καλουμένου
1574 302 1659 341 Σα-

241 354 362 393 λῶναι
372 383 385 403 ,
426 353 466 394 ἓν
488 348 522 411 ᾧ
547 354 649 396 ἔστιν
674 355 783 411 ὕδωρ
810 355 975 412 πότιμον
1000 362 1066 402 καὶ
1088 361 1330 416 γλυκύτατον
1348 362 1445 421 υπὲρ
1463 364 1590 408 πάντα
1606 366 1659 410 τὰ

239 415 391 470 ὕδατα,
426 419 480 469 ὥς
499 437 620 476 φασιν
641 422 678 463 οἶ
695 422 936 477 γευσάμενοι.

720 526 883 565 Δέκατον
902 529 1003 575 θέμοι
1025 532 1181 567 Σικελία.

371 595 508 650 Νῆσός
537 598 618 640 ἐστι
641 601 801 655 μεγίστη
832 604 897 644 καὶ
926 604 1254 661 ἒπιφανεστάτη“
1232 624 1257 660 η
1277 608 1446 649 Σικελία.
1512 624 1583 650 ουκ
1609 603 1690 663 ἦνὸ

239 663 283 704 δὲ
304 662 348 704 τὸ
367 662 556 720 πρότερον
575 663 650 707 6716
671 667 742 721 τὴν
759 668 884 723 ἀρχὴν
900 675 972 712 τοῦ
984 672 1179 723 βασιλέως
1197 673 1659 727 Κωνσταντινουπόλεως,

240 728 305 771 ὅτε
337 726 362 783 ἦ
391 729 530 785 ςΡώμη
557 732 824 784 ἐβασιλεύετο·
857 741 926 780 νῦν
947 739 1028 779 δὲ’
1011 739 1155 792 εγένετο
1175 738 1200 792 ἡ
1219 742 1448 793 καινοτομία
1470 741 1570 796 αὕτη
1591 743 1659 784 διὰ

238 795 283 837 τό
314 796 387 850 τὴν
410 796 571 851 ζΡώμην
595 799 826 842 ἀποθέσθαι
843 802 888 844 τὸ
906 806 1104 855 βασίλειον
1124 805 1268 861 κράτος
1287 809 1350 848 καὶ
1371 809 1659 865 ἶὸιοκρατορίαν

237 861 337 915 ἔχειν
355 866 419 904 καὶ
439 863 699 916 ὃεσπόζεσθαι
713 869 858 922 κυρίως
873 868 981 925 παρά
1000 888 1104 921 τινος
1120 873 1222 914 κατὰ
1237 874 1374 929 καιρὸν
1388 873 1514 916 πάντα.
1560 892 1659 931 κρα-

235 936 358 970 τεῖται
377 931 420 971 δὲ
435 936 504 973 νῦν
522 930 599 974 ὕπὸ
617 933 688 986 τὴν
705 934 831 989 ἀρχὴν
849 937 1297 989 Κωνσταντινουπόλεως
1314 941 1380 982 διὰ
1393 940 1437 983 τὸ
1454 941 1522 983 τὸν
1538 942 1656 984 αὖτο-
1668 950 1712 983 10

236 994 412 1051 κράτορα
442 999 818 1045 Κωνσταντινουπό)
822 1018 893 1050 εως
920 1006 1261 1060 θαλασσοκρατεῖν
1287 1007 1402 1063 μέχρι
1429 1012 1508 1049 τῶν
1527 1006 1659 1064 εΗρα-

235 1062 372 1113 κλέους
398 1069 551 1118 στηλῶν
577 1067 643 1110 καὶ
670 1065 799 1121 πάσης
815 1066 915 1121 ὁμοῦ
935 1074 1007 1124 τῆς
1025 1065 1101 1112 ὧδε
1116 1071 1226 1114 &ar
1191 1088 1339 1127 ασσης.
1403 1073 1491 1127 ἴσχε
1520 1075 1564 1116 δὲ
1587 1075 1659 1130 τὴν

235 1129 410 1185 ἱστορίαν
437 1135 508 1173 τοῦ
536 1136 744 1175 καλεῖσθαι
771 1137 928 1177 Σικελία
953 1136 1029 1178 ἀπὸ
1050 1137 1223 1194 ἱστορίας
1240 1137 1443 1193 τοιαύτης,
1469 1141 1610 1190 καθὼς
1637 1140 1658 1182 6

234 1197 506 1252 γραμματικὸς
522 1199 725 1254 Στέφανος
742 1200 897 1257 γράφει.
958 1201 1183 1247 κ’”Σικελια
1161 1223 1185 1258 η
1205 1210 1322 1263 νῆσος
1337 1207 1502 1248 Σικανία
1518 1206 1660 1264 πρότε-

234 1278 305 1319 ρον
325 1263 557 1317 ὠνομάζετο,
593 1265 673 1308 ειτα
693 1270 827 1309 ame)
810 1286 850 1310 ια
868 1267 1031 1323 ἐκλήθη,
1066 1270 1120 1320 ὥς
1136 1288 1255 1327 φησιν
1268 1270 1523 1323 Ἑλλάνικος“
1509 1278 1657 1330 ιερειῶν
1669 1281 1710 1316 15

233 1333 305 1383 τῆς
317 1329 450 1383 Ἥρας
468 1330 523 1384 β’.
589 1334 628 1374 ἐν
648 1334 690 1374 δὲ
708 1339 765 1375 τεῦ
782 1335 890 1376 αὐτῶ
903 1335 1035 1393 χρόνω
1053 1339 1118 1379 καὶ
1138 1337 1356 1388 Αὔσονεςε
1335 1339 1411 1380 υπὸ
1431 1344 1509 1382 τῶν
1524 1339 1659 1383 Ἰαπύ-

233 1412 312 1450 γων
333 1397 374 1446 ἐξ
394 1397 560 1446 ΗΙταλιας
587 1399 825 1453 ἀνέστησαν,
861 1396 914 1442 ὧν
943 1398 1038 1457 ἦρχε
1067 1403 1250 1453 Σικελός·
1285 1407 1350 1446 καὶ
1377 1404 1581 1458 διαβάντες
1606 1409 1660 1456 εἷς

233 1463 305 1516 τὴν
329 1468 449 1517 νῆσον
473 1465 544 1518 τὴν
564 1464 650 1509 τότε
669 1469 854 1508 Σικανίαν
873 1471 1115 1524 καλουμένην
1133 1473 1220 1526 περὶ
1238 1472 1308 1525 τὴν
1324 1470 1478 1514 Αἴτναν
1494 1472 1660 1524 καθιζό-

232 1546 341 1582 μενοι
371 1529 498 1587 ὤκουν
526 1532 641 1576 αὐτοί
667 1551 707 1575 τε
738 1536 803 1575 καὶ
832 1533 852 1575 6
879 1536 1067 1588 βασιλεὺς
1093 1537 1221 1580 αὐτῶν
1241 1537 1425 1589 Σικελός,
1457 1541 1659 1594 βασιλείην

233 1596 576 1652 ἓγκαταστησαμει
578 1616 621 1649 ος
655 1602 720 1641 καὶ
756 1602 935 1643 ἐντεῦθεν
976 1601 1202 1658 ὁρμώμενος
1240 1603 1285 1656 [6
1316 1605 1476 1655 Σικελὸς
1506 1600 1711 1658 ουτος],20

231 1679 361 1718 πασης
390 1663 467 1718 η’ὁη
496 1670 567 1719 τῆς
593 1664 715 1720 νήσου
747 1667 832 1709 τότε
860 1667 1004 1723 ταύτης
1031 1672 1209 1720 Σικελίας
1230 1672 1514 1725 καλουμένης’
1491 1672 1568 1714 απὸ
1588 1677 1660 1715 τοῦ

321 1806 343 1839 7
366 1803 448 1882 νυνιὶ
471 1805 500 1838 C
635 1806 676 1839 11
698 1801 899 1848 ἢρακλείων
921 1806 950 1840 C
1065 1807 1108 1842 13
1131 1805 1200 1851 τὴν
1221 1805 1374 1842 αἰτίανί)
1486 1808 1529 1843 18
1551 1805 1658 1853 τότε]

321 1859 360 1883 τε
380 1861 425 1883 vu
439 1861 482 1894 go

230 1974 326 2003 rator
355 1968 609 2014 Diocletianus,
646 1972 689 2005 ab
714 1969 839 2014 oppido
864 1971 1025 2005 oriundus
1048 1971 1102 2005 cui
1125 1963 1346 2006 nomen'erat
1368 1972 1532 2013 Salonae3
1569 1973 1659 2007 unde

232 2018 346 2093 maniat
369 2025 458 2092 mgna
479 2016 520 2049 ad
545 2021 661 2061 potum
682 2015 883 2050 suavissima
905 2027 1008 2061 supra
1031 2028 1146 2051 omnes
1170 2028 1295 2061 aquas,
1329 2021 1367 2050 ut
1388 2021 1565 2061 usserunt,
1598 2018 1658 2062 qui

230 2071 293 2103 gus
311 2070 394 2093 arun
414 2083 423 2092 .

714 2138 893 2173 Decimum
915 2138 1029 2171 thema
1054 2137 1183 2171 Sicilia.

320 2191 441 2226 Sicilia
472 2192 584 2226 insula
615 2193 756 2227 maxima
791 2198 826 2227 et
858 2193 1076 2227 celeberrima
1110 2198 1175 2227 est.
1221 2193 1306 2226 haec
1339 2193 1456 2237 utique
1489 2205 1555 2227 non
1589 2193 1658 2228 fuit

232 2240 334 2270 antea
370 2238 432 2270 sub
470 2243 642 2282 potestate
674 2238 888 2282 imperatoris
920 2237 1112 2282 cpolitani,
1155 2238 1288 2281 quando
1321 2239 1430 2271 Roma
1460 2238 1657 2282 imperatori

232 2281 387 2314 subiecta
410 2288 503 2316 erat:
535 2294 622 2315 nunc
646 2289 755 2316 autem
779 2283 863 2317 haec
886 2283 1059 2316 innovatio
1083 2283 1174 2316 sacta
1199 2287 1270 2326 est,
1294 2283 1374 2326 quia
1398 2283 1504 2315 Roma
1525 2283 1656 2326 regium

232 2327 391 2369 deposuit
422 2327 668 2371 principatum,
703 2333 738 2360 et
771 2327 940 2372 propriam
971 2326 1293 2361 administiationem
1322 2338 1362 2360 ac
1389 2326 1658 2361 iurisdictionem

232 2371 391 2414 obtinuit,
414 2372 515 2415 eique
539 2372 677 2416 proprie
700 2383 740 2405 ac
760 2372 910 2416 legitime
933 2372 1122 2405 dominatur
1146 2372 1203 2415 qui
1225 2383 1286 2405 suo
1310 2377 1462 2416 tempore
1482 2383 1574 2424 papa
1590 2377 1656 2406 est.

231 2427 319 2449 nunc
343 2427 425 2449 vero
448 2418 510 2450 sub
533 2417 668 2450 dicione
693 2422 744 2449 est
768 2417 897 2461 Cpolis,
922 2417 1000 2460 quia
1024 2417 1227 2469 Cpolitanus·
1240 2417 1425 2460 imperator
1442 2416 1543 2450 maris
1562 2417 1658 2461 prin-

231 2472 313 2505 ceps
337 2466 390 2494 est
411 2471 518 2504 usque
542 2462 583 2494 ad
607 2461 764 2494 Herculis
785 2462 955 2495 columnas
980 2467 1014 2495 et
1035 2461 1143 2495 nostri
1165 2461 1270 2494 totius
1292 2461 1543 2494 mediterranei.
1566 2462 1658 2494 fama

230 2510 341 2539 autem
365 2510 419 2538 est
441 2505 591 2539 Siciliam
615 2506 873 2561 appellationem
896 2506 1068 2550 accepisse
1090 2507 1132 2538 ab
1155 2506 1318 2538 eiusmodi
1335 2505 1492 2549 historia,
1516 2510 1554 2538 ut
1567 2505 1655 2539 scri·

230 2550 283 2584 bit
313 2550 507 2594 Stephanus
537 2550 788 2594 grammaticus.
829 2549 972 2584 “Sicilia
997 2550 1107 2584 insula
1130 2550 1270 2583 Sicania
1293 2550 1387 2594 prius
1411 2531 1656 2591 nominabatur,

230 2596 354 2630 deinde
378 2595 497 2629 Sicilia
521 2595 690 2648 appellata
712 2600 781 2638 est,
817 2600 855 2629 ut
884 2596 933 2629 ait
956 2595 1151 2630 Hellanicus
1173 2595 1232 2628 lib.
1259 2596 1282 2629 2
1303 2594 1356 2628 De
1377 2594 1484 2628 sacris
1506 2593 1657 2627 lunonis.

232 2641 350 2675 eodem
371 2645 525 2685 tempore
548 2640 649 2673 etiam
672 2639 825 2673 Ausones
848 2642 890 2674 ab
915 2640 1101 2684 Iapygibus
1123 2651 1166 2672 ex
1187 2639 1289 2672 Italia
1309 2638 1438 2673 detrusi
1459 2643 1555 2682 sunt,
1579 2638 1655 2682 qui-

230 2688 295 2721 bus
327 2690 486 2738 praeerat
513 2684 667 2725 Sicelus3
703 2690 738 2717 et
761 2685 906 2718 traiecta
928 2685 1058 2728 insula,
1093 2684 1232 2717 Sicania
1254 2684 1366 2727 dicta,
1403 2684 1496 2716 circa
1517 2683 1656 2716 Aetnam

231 2731 330 2765 sedes
363 2729 577 2765 stabilientes
608 2734 644 2762 et
671 2729 737 2773 ipsi
772 2734 807 2762 et
838 2741 899 2763 rex
929 2741 1042 2763 eorum
1048 2710 1207 2762 Sicelus
1232 2728 1444 2770 habitarunt,
1477 2727 1526 2760 ibi
1549 2738 1655 2770 regno

231 2775 438 2817 constitut03
464 2779 567 2819 atque
587 2773 668 2809 inde
686 2774 860 2818 profectus
877 2774 1012 2809 Sicelus
1028 2779 1132 2808 totam
1156 2773 1222 2808 sibi
1248 2784 1322 2807 mox
1345 2772 1481 2815 subegit
1500 2771 1655 2814 insulam,
