1780 3132
78 275 174 311 1³62

195 160 257 203 80
462 159 825 204 CONSTANTINI
858 161 1353 205 PORPHYROGENITI

672 268 1043 325 Κεφάλαιον
1112 271 1150 312 ι’.

312 340 395 385 περὶ
417 340 483 384 τῆς
505 341 710 384 Χαζαρίοις,
737 340 816 380 πῶς
838 341 898 375 δεῖ
916 342 1155 384 πολεμεῖσθαι
1176 342 1238 376 καὶ
1260 341 1363 386 παρά
1383 355 1505 378 τινων.

320 413 407 455 ’Ότι
438 413 474 453 οἱ
509 407 626 462 Οῧζοι
656 412 840 455 δύνανται
869 418 1049 466 πολεμεῖν
1071 414 1164 464 τοὺς
1183 413 1399 468 λἀζάρους
1418 414 1477 465 ὦς’
1492 417 1625 466 αὐτοῖς

193 478 481 534 πλησιάζοντες.
550 477 693 532 ὁμοίως
724 482 788 521 καὶ
819 478 840 522 ὃ
875 480 1186 536 ἒξουσιοκράτωρ
1221 482 1426 533 Ἀλανιάς,
1473 481 1533 525 ὅτι
1574 484 1624 525 τὰ

193 548 301 588 ἐννέα
326 549 496 598 κλίματα
516 550 587 600 τῆς
607 548 817 601 ,Χαζαριάς
842 552 890 602 τῇ
913 547 1070 606 Ἀλανίᾳ
1094 546 1372 604 παράκεινται,
1407 551 1473 590 καὶ
1503 548 1655 591 diva-5

193 631 257 655 ται
286 612 306 654 ὃ
331 611 515 662 Ἀλανός,
551 615 584 654 εἴ
604 613 683 669 ἄρα
702 617 766 655 καὶ
784 613 992 667 βούλεται,
1026 620 1152 656 ταῦτα
1180 614 1402 671 πραιδεύειν
1421 617 1485 657 καὶ
1502 614 1626 671 μεγά-

195 685 267 734 λην
295 679 452 733 βλάβην
483 681 547 720 καὶ
578 681 727 722 ἔνδειαν
759 683 938 723 ἐντεῦθεν
967 689 1049 731 τοῖς
1073 681 1278 738 Χαζάροις
1302 689 1443 724 ποιεῖν·
1478 683 1520 724 ἐκ
1547 683 1624 737 γὰρ

193 752 272 788 τῶν
299 748 406 789 ἐννέα
433 745 632 799 κλιμάτων
655 747 804 790 τούτων
826 746 851 801 ἦ
874 752 983 790 πᾶσα
1009 749 1085 803 ζωὴ
1107 751 1172 790 καὶ
1193 750 1372 806 ἀφθονία
1392 754 1464 803 τῆς
1483 751 1625 800 Χαζα-

195 817 282 868 plag
298 815 552 868 καθέστηκεν.
1140 814 1159 832 ⁸

1142 924 1152 939 Ι

655 921 1032 979 Κεφάλαιον
1101 943 1166 966 ια.
1637 933 1680 967 10

320 994 403 1039 περὶ
426 995 495 1030 τοῦ
517 994 676 1040 κάστρου
700 998 908 1040 Χερσῶνος,
932 995 994 1030 καὶ
1015 996 1083 1031 τοῦ
1106 995 1266 1040 κάπρου
1290 993 1496 1040 Βοσπόρου.

317 1068 408 1111 ’Ότι
433 1072 506 1110 τοῦ
530 1068 879 1126 ἓξουσιοκράτορος
901 1069 1084 1119 Ἀλανιάς
1107 1068 1209 1122 μετὰ
1233 1072 1311 1110 τῶν
1337 1066 1538 1123 Χαζάρων
1567 1068 1623 1121 μη

193 1135 478 1193 εἶρηνεύοντος,
523 1135 625 1176 ἀλλὰ
653 1140 806 1189 μᾶλλον
834 1137 1120 1193 προτιμοτέραν
1148 1135 1358 1188 τιθεμένου
1388 1135 1462 1189 τὴν
1491 1136 1626 1191 φιλίαν

191 1209 264 1246 τοῦ
290 1204 488 1257 βασιλέως
506 1201 732 1255 Ῥωμαίων,
767 1204 836 1245 ἐὰν
857 1205 893 1245 οἳ
917 1202 1101 1259 Χάζαροι
1125 1203 1169 1244 οὗ
1193 1201 1414 1254 βούλωνται
1434 1201 1506 1255 τὴν
1526 1201 1626 1256 πρὸς

191 1270 260 1313 τὸν
281 1271 449 1323 βασιλέα
472 1271 606 1326 φιλίαν
628 1272 693 1310 καὶ
717 1270 871 1324 εἰρήνην
895 1277 1049 1326 τηρεῖν,
1080 1269 1244 1311 δύναται
1270 1266 1453 1322 μεγάλως
1481 1268 1626 1318 αὐτοὺς
1638 1279 1678 1313 15

189 1343 356 1388 κακοῦν,
391 1335 463 1386 τάς
490 1353 531 1378 τε
559 1335 679 1386 ὁδοὺς
705 1336 915 1393 ἐνεδρεύων
941 1340 1007 1378 καὶ
1035 1335 1272 1392 ἀφυλάκτως
1295 1336 1430 1384 αὐτοῖς
1451 1335 1626 1377 ἐπιτιθέ-

188 1422 305 1459 μενος
326 1406 366 1446 ἒν
387 1408 443 1461 τῷ
463 1403 691 1459 διέρχεσθαι
709 1403 808 1460 πρός
827 1421 868 1446 τε
885 1404 929 1445 τὸ
951 1402 1107 1459 Σάρκελ
1125 1404 1188 1444 καὶ
1206 1402 1256 1444 τὰ
1273 1403 1446 1454 κλίματα
1467 1403 1534 1443 καὶ
1554 1401 1625 1456 τὴν

188 1475 400 1528 Χερσῶνα.
467 1473 533 1512 καὶ
562 1473 594 1512 εἶ
620 1470 823 1524 ποιήσεται
852 1472 1029 1523 σπουδὴν
1058 1469 1078 1512 ὃ
1110 1475 1286 1518 τοιοῦτος
1311 1467 1625 1524 ἔξουσιοκράτωρ

188 1543 261 1582 τοῦ
280 1538 443 1581 κωλύειν
463 1537 628 1588 αὐτούς,
658 1537 832 1593 μεγάλης
849 1541 912 1580 καὶ
930 1539 1102 1590 βαθείας
1120 1534 1277 1592 εῗρήνης
1293 1535 1522 1589 μετέχουσιν
1539 1533 1566 1589 ἥ
1583 1551 1626 1577 τε

188 1607 360 1661 λέρσών
389 1607 453 1646 καὶ
484 1604 534 1647 τὰ
566 1606 756 1658 κλίματα·
788 1603 1027 1661 φοβούμενοι
1055 1604 1133 1659 γὰρ
1163 1603 1200 1644 οἱ
1229 1601 1413 1658 Χάζαροι
1443 1603 1515 1655 τὴν
1547 1605 1681 1643 τῶν20

182 1673 355 1715 Ἀλανῶν
376 1673 574 1722 ἐπίθεσιν,
609 1674 673 1713 καὶ
694 1673 750 1726 μὴ
773 1671 1011 1727 εῧρίσκοντες
1034 1671 1170 1712 ἄδειαν
1191 1669 1290 1723 μετὰ
1313 1667 1518 1725 φοσσάτου
1540 1669 1626 1710 ἔπι-

189 1741 379 1782 τίθεσθαι
398 1744 448 1794 τῇ
466 1741 652 1795 Χερσῶνι
673 1741 738 1780 καὶ
758 1745 840 1788 τοῖς
855 1740 1040 1791 κλίμασιν
1057 1737 1110 1787 ὡς
1126 1738 1182 1791 μὴ
1202 1736 1300 1790 πρὸς
1317 1736 1568 1792 ἀμφοτέρους
1584 1736 1626 1777 ἓν

189 1807 320 1864 ταύτῷ
340 1810 521 1858 πολεμεῖν
540 1804 801 1859 ἐξισχύοντες,
832 1803 1041 1860 εἰρηνεύειν
1063 1801 1450 1859 ἀναγκασθήσονται.

345 1988 397 2024 10.
447 1988 488 2021 de
515 1988 712 2031 Chen-aria,
737 1987 908 2030 quomodo
932 1990 965 2019 et
989 1995 1138 2028 quorum
1161 1995 1268 2029 opera
1291 1994 1368 2017 eam
1390 1981 1477 2015 bello

727 2033 890 2076 impetere
916 2035 1088 2074 oporteat.

279 2087 446 2120 chazaris
478 2088 600 2121 bellum
630 2088 761 2121 inferre
783 2087 852 2120 Uzi
874 2090 1017 2130 possunt
1040 2088 1159 2130 utpote
1184 2081 1397 2117 contermini.
1443 2079 1494 2114 sic
1524 2079 1627 2114 etiam

190 2131 350 2177 princeps
383 2131 546 2176 Maniae,
589 2133 670 2176 quia
704 2143 826 2165 novem
859 2130 1050 2164 Chazariae
1082 2129 1240 2172 regiones
1273 2127 1416 2161 Alaniae
1448 2125 1626 2166 adiacent3

189 2183 400 2221 possuntque
421 2176 540 2219 Alani,
575 2178 606 2210 si
629 2177 752 2219 velint,
785 2176 862 2210 iuos
885 2174 1090 2218 depraedari
1113 2183 1336 2216 magnumque
1358 2171 1438 2204 inde
1461 2170 1625 2204 Chazaris

190 2223 344 2255 damnum
376 2221 578 2264 importare,
611 2228 713 2266 atque
737 2233 796 2255 eos
819 2232 931 2254 rerum
954 2218 1098 2264 penuria
1122 2229 1289 2263 premere.
1337 2228 1379 2250 ex
1403 2215 1470 2248 illis
1497 2214 1626 2260 quippe

189 2278 311 2305 novem
334 2266 532 2310 regionibus
556 2267 720 2300 Chazaris
744 2266 855 2300 omnia
877 2266 920 2299 ad
945 2265 1071 2298 victum
1091 2263 1286 2296 necessaria
1305 2260 1578 2306 suppeditantur.

429 2344 483 2378 11.
530 2344 573 2376 de
595 2349 711 2377 castro
738 2343 929 2386 Chersone,
962 2346 995 2375 et
1019 2341 1062 2374 de
1084 2344 1199 2372 castro
1223 2340 1392 2383 Bosporo.

279 2398 421 2432 Alaniae
444 2398 600 2443 principe
624 2410 698 2432 cum
722 2398 888 2433 Chazaris
913 2408 1029 2442 pacem
1052 2406 1120 2428 non
1144 2394 1309 2436 habente,
1331 2393 1392 2427 sed
1410 2391 1626 2437 imperatoris

188 2443 335 2478 Romani
366 2443 546 2477 amicitiam
578 2444 747 2488 potiorem
779 2445 943 2485 ducente,
979 2442 1009 2475 si
1035 2441 1084 2474 iili
1107 2440 1143 2472 in
1167 2438 1318 2472 amicitia
1341 2443 1376 2471 et
1398 2448 1484 2482 paee
1507 2447 1626 2480 perse-

189 2501 311 2522 verare
343 2489 469 2532 nolint,
502 2495 617 2532 potest
640 2489 696 2521 ille
720 2489 854 2532 ingenti
877 2487 1050 2520 Chazaros
1073 2484 1192 2517 damno
1220 2484 1380 2526 afficere,
1413 2482 1450 2516 in
1473 2481 1541 2514 viis
1564 2492 1626 2514 ex-

188 2534 344 2568 cubando
377 2539 411 2567 et
444 2545 486 2567 ex
515 2534 700 2577 improviso
724 2533 799 2566 illos
823 2531 1054 2576 aggrediendo
1078 2530 1154 2563 dum
1179 2529 1221 2562 ad
1243 2528 1363 2561 Sarcel
1387 2531 1423 2560 et
1444 2525 1487 2559 ad
1510 2525 1627 2569 regio-

187 2590 248 2613 nes
271 2579 549 2621 Chersonemque
571 2578 845 2622 proficiscuntur.
891 2576 1015 2621 quodsi
1035 2574 1196 2619 princeps
1219 2573 1276 2606 ille
1299 2582 1438 2617 operam
1462 2577 1567 2616 ponat
1588 2574 1627 2603 ut

185 2624 254 2657 illis
279 2623 404 2658 aditum
428 2623 628 2667 prohibent,
665 2623 734 2656 alta
757 2634 839 2655 sane
863 2634 930 2666 pax
952 2621 1018 2654 erit
1038 2620 1075 2653 in
1097 2619 1274 2652 Chersone
1297 2624 1332 2651 et
1352 2617 1390 2649 in
1411 2614 1623 2659 regionibus.

188 2668 337 2702 Chazari
370 2668 498 2712 quippe
530 2668 714 2701 Alanorum
746 2667 969 2711 irruptionem
1001 2663 1282 2706 reformidantes,
1317 2672 1429 2706 neque
1460 2659 1626 2693 facultate

189 2714 268 2747 data
298 2714 506 2746 Chersonem
537 2719 573 2747 et
601 2714 760 2757 regiones
785 2723 858 2745 cum
883 2709 1036 2746 exercitu
1058 2708 1260 2750 invadendi,
1295 2707 1376 2753 quia
1398 2705 1496 2740 simul
1519 2703 1624 2738 utris-

189 2769 257 2802 que
277 2758 400 2792 bellum
422 2757 554 2792 inferre
577 2762 770 2802 nequeunt,
795 2756 830 2790 in
855 2768 941 2801 pace
963 2755 1090 2799 degere
1112 2758 1288 2798 cogentur.
