1780 3132
302 151 394 200 1136
811 160 1151 198 Wrsselmssu

409 273 501 316 393,
530 273 591 309 13.
658 267 850 315 Σκοῦποι]
882 269 938 307 sic
966 269 1210 307 Ptolemaeus
1227 300 1237 318 ‚
1267 269 1488 321 Stephanus
1516 266 1695 314 Σκόπους

303 329 441 364 vocat:
474 324 646 373 Scupum
675 322 930 360 Marcellinus
959 322 1096 361 Comes
1123 334 1160 361 a.
1189 325 1280 372 518,
1307 335 1390 362 cum
1419 325 1468 362 de
1492 335 1696 362 aerumna-

307 379 382 418 bili⁴
403 376 628 416 Dardaniae
671 375 894 414 calamitate
921 373 1091 427 scupus
1131 387 1306 428 nomque
1333 375 1589 428 metropolis,
1619 377 1695 426 ait,

307 431 408 471 lieet
438 433 531 469 sine
575 429 727 467 civium
762 439 933 468 suorum
974 429 1134 469 hostem
1163 427 1409 482 sapientium
1437 429 1572 478 clade,
1601 428 1697 480 fun-

303 486 417 525 dnus
447 488 582 522 tamen
608 483 783 522 corrm't.
852 484 990 522 melius
1020 484 1220 522 Paullinus
1250 483 1401 535 Scupos
1428 484 1697 536 Propemptico

303 539 352 578 ad
383 538 579 577 Nicetam:

558 609 599 644 tu
627 603 850 655 Philippeos
877 605 1069 644 Macetum
1097 616 1169 656 per
1197 617 1328 657 agros,

559 671 630 710 per
658 658 903 697 Tomitanam
932 660 1128 709 gradieris
1155 659 1300 707 urbem,

557 713 631 751 ibis
662 716 700 751 et
728 712 879 762 Scupos
906 712 1061 762 patriae
1090 713 1329 764 propinquos

770 765 979 804 Dardanus
1005 766 1158 817 hospes.

305 848 534 888 quamquam
562 835 594 874 si
623 835 699 874 iter
728 835 951 874 consideres
980 847 1053 887 quo
1083 836 1246 875 amicum
1261 830 1544 886 Remesianam,
1574 831 1699 885 patri-

304 903 366 929 am
394 890 432 928 in
461 891 618 936 urbem,
646 889 784 936 mittit,
824 889 1016 928 maximas
1044 890 1232 941 ambages
1272 888 1517 934 meritissimo
1544 888 1699 929 mirere.

305 943 394 995 quid
429 956 523 993 opus
550 942 772 994 Philippeos
797 955 918 993 agros
949 948 988 981 et
1017 942 1261 982 Tomitanam
1305 943 1451 989 urbem,
1478 945 1522 980 ut
1549 941 1701 991 Scupos

305 997 505 1046 devenias,
539 996 738 1035 invisere?
766 996 856 1034 Ant.
874 997 1023 1047 Pagius
1049 997 1181 1036 Critic.
1210 1008 1246 1035 a.
1274 999 1353 1035 397
1383 1000 1421 1046 9,
1450 1001 1524 1046 quo
1551 993 1701 1033 Paulli-

304 1061 392 1089 num
421 1050 631 1101 ignoratae
661 1049 931 1101 geographiae
961 1051 1076 1101 culpa
1101 1050 1253 1099 liberet,
1281 1049 1410 1088 nescio
1440 1060 1536 1100 quos
1549 1047 1699 1098 Philip-

304 1116 399 1155 peos
432 1116 565 1155 agros,
593 1115 781 1155 nusquam
809 1104 946 1153 lectos,
975 1103 1301 1152 comminiscitur,
1329 1107 1367 1141 et
1394 1114 1466 1154 pro
1493 1101 1703 1140 Tomitana
1744 1128 1747 1132 -

304 1158 400 1196 urbe
413 1157 660 1197 Stobitanam
688 1157 860 1196 restituit
891 1157 974 1196 sive
995 1158 1152 1196 Stobos.
1209 1157 1384 1208 equidem
1412 1169 1437 1195 a
1461 1155 1594 1195 Stobis
1609 1153 1702 1193 Sto-

303 1212 460 1250 bensem
487 1214 595 1249 recte
625 1211 807 1258 formari,
832 1223 1026 1262 *nusquam
1056 1210 1325 1258 Stobitanum‚
1353 1209 1446 1262 legi.
1501 1213 1544 1248 at
1569 1209 1703 1247 demus

303 1265 398 1304 hoc:
433 1264 494 1303 cui
528 1265 630 1303 bono
665 1275 737 1315 per
774 1264 966 1316 geminam
1004 1264 1166 1314 Epirum
1195 1264 1502 1302 Thessalonicen
1528 1262 1703 1301 Nicetam

304 1319 501 1366 amandat,
531 1331 615 1357 cum
645 1318 802 1357 brevius
832 1330 903 1368 per
932 1319 1250 1357 Praevalitanam
1270 1317 1586 1368 Dardaniamque
1611 1326 1704 1366 pro-

305 1372 455 1411 vincias
482 1371 581 1418 iter,
611 1371 652 1410 in
682 1372 838 1410 Tabula
873 1371 1090 1423 signatum,
1119 1371 1160 1410 in
1189 1371 1340 1422 Scupos
1366 1375 1405 1408 et
1429 1369 1705 1409 Remesianam

305 1437 443 1463 versus
471 1426 654 1475 pateret?
709 1425 778 1463 sed
797 1425 895 1464 haec
927 1425 1047 1463 missa
1067 1425 1266 1464 faciamus.
1322 1424 1400 1463 sita
1427 1424 1521 1463 urbs
1550 1423 1625 1462 fuit
1652 1421 1704 1460 ad

303 1479 445 1517 Axium
475 1479 572 1526 sive,
601 1483 644 1517 ut
671 1479 798 1517 serior
826 1482 937 1518 aetas
964 1478 1124 1524 maluit,
1161 1477 1406 1518 Bardarium.
1461 1475 1705 1527 Nicephorus

302 1533 524 1580 Bryennius
551 1532 765 1571 Comment.
797 1534 823 1571 4
854 1535 928 1571 18:
960 1528 979 1567 ὁ
1009 1530 1052 1567 δὲ
1083 1526 1316 1579 Βαρὸάριος
1343 1533 1542 1579 καταρρεῖ
1557 1528 1634 1578 μὲν
1660 1527 1705 1565 ἐκ

302 1585 380 1623 τῶν
407 1585 477 1633 τῆς
507 1585 598 1629 νέας
626 1584 797 1629 ῘΠυσιάς
826 1583 957 1634 ὀρῶν,
987 1583 1057 1621 καί
1085 1581 1200 1621 ὸιιών
1229 1581 1298 1621 διὰ
1327 1579 1521 1621 §nodum
1547 1581 1705 1620 κάτεισι

303 1635 453 1686 unago*
485 1637 798 1688 Στρουμπίττης.
856 1651 955 1689 quae
986 1650 1055 1676 eur
1074 1638 1260 1676 Possinus
1290 1636 1447 1676 v‘ertere
1469 1635 1704 1688 neglexerit,

305 1692 485 1730 divinare
515 1704 592 1730 non
619 1704 799 1742 possum;
828 1692 924 1730 nihil
954 1692 1086 1742 utique
1114 1691 1312 1730 habebunt
1339 1691 1516 1741 obscuri,
1543 1690 1578 1730 si
1591 1690 1705 1742 Nice-

304 1747 451 1797 phorus
465 1746 670 1796 Gregoras
698 1745 739 1784 in
767 1745 971 1784 consilium
989 1745 1232 1794 adhibeatur,
1251 1745 1418 1796 Scopia,
1445 1757 1523 1796 quo
1551 1743 1706 1783 nomine

304 1799 488 1849 deinceps
515 1799 671 1847 claruit,
698 1799 965 1838 Triballorum
993 1799 1033 1837 in
1063 1799 1256 1837 montibus
1277 1795 1472 1849 oppidum,
1507 1797 1610 1837 Axio
1633 1796 1706 1836 flu-

305 1852 397 1892 mini
423 1854 632 1891 adstruens
657 1853 684 1891 1.
713 1855 740 1892 8
768 1865 801 1892 c.
832 1853 1074 1904 antepenult.
1099 1865 1136 1903 p.
1165 1856 1244 1891 266
1272 1853 1362 1891 edit.
1394 1853 1543 1892 Genev.

413 1915 520 1956 Ibid.
538 1919 601 1956 14.
658 1914 851 1967 Μηρίων]
874 1918 1047 1956 fortasse
1065 1917 1164 1955 haec
1193 1917 1386 1956 delitescit
1413 1917 1515 1955 inter
1541 1914 1708 1954 castella

307 1983 408 2022 quae
434 1972 551 2022 plura
578 1970 806 2009 Dardaniae
836 1971 1052 2021 Procopius
1094 1970 1222 2009 Aedif.
1263 1971 1359 2010 lust.
1389 1973 1415 2008 4
1441 1973 1466 2008 4
1496 1968 1609 2008 nobis
1636 1979 1708 2007 an-

306 2029 509 2118 ἷίιέῐᾞῖῖθῐς
540 2024 718 2076 proxime
746 2024 933 2063 accedere
952 2023 1176 2074 Βερμέριον
1197 2018 1325 2073 ”Agna
1353 2028 1391 2062 et
1415 2017 1619 2073 Μαριανοὶ
1648 2020 1709 2060 vi-

415 2141 525 2182 Ibid.
593 2137 823 2189 Οὕλπιανὰ]
866 2142 999 2181 urbem
1039 2142 1138 2180 hanc
1176 2142 1299 2191 longa
1340 2138 1527 2191 temporis
1567 2137 1711 2180 iniuria
1777 2128 1779 2131 '

308 2197 508 2236 labantem
523 2197 762 2235 Iustinianus
788 2197 916 2235 erexit
934 2200 972 2234 et
990 2195 1230 2234 Iustinianae
1259 2194 1453 2233 secundae
1481 2192 1711 2244 cognomine

309 2251 513 2301 superbire
541 2251 655 2289 iussit
673 2250 776 2301 apud
804 2249 1033 2300 Procopium
1048 2249 1175 2288 Aedif.
1207 2249 1300 2287 lust.
1330 2250 1357 2286 4
1375 2251 1412 2286 1.
1467 2246 1588 2285 habes
1618 2258 1711 2285 ean-

310 2304 397 2343 dem
422 2305 462 2343 in
489 2304 551 2342 his
579 2303 788 2343 lornandis
816 2305 908 2342 Rer.
925 2303 1053 2341 Gelic.
1086 2315 1116 2341 c.
1137 2304 1212 2342 56:
1245 2300 1481 2341 Theodemir
1508 2298 1711 2339 Naissum

309 2359 488 2408 primam
530 2356 672 2397 urbem
712 2357 872 2396 invadit
911 2355 1083 2408 Illyrici
1101 2387 1110 2405 ‚
1134 2354 1304 2409 filioque
1335 2366 1412 2394 suo
1447 2351 1712 2393 Theodorico

311 2413 585 2451 consociatus
615 2410 761 2451 adstat
791 2414 834 2450 et
860 2413 903 2450 in
928 2410 1072 2450 villam
1090 2411 1266 2450 comites
1293 2420 1371 2460 per
1398 2410 1585 2447 castrum
1599 2403 1709 2446 Her-

311 2464 423 2504 culis
452 2467 702 2505 transmittit
725 2462 957 2516 Ulpianum,
981 2466 1051 2517 qui.
1068 2465 1280 2503 venientes
1296 2466 1381 2502 tam
1400 2472 1491 2501 eam
1521 2470 1642 2513 quam
1668 2462 1711 2512 et

313 2529 415 2569 opes
439 2530 539 2557 moa:
565 2521 609 2558 in
644 2518 895 2558 deditionem
923 2519 1151 2569 accipiunt.
1218 2518 1274 2556 sic
1303 2517 1432 2565 edunt,
1461 2512 1712 2554 intricatissi-

312 2585 414 2611 mam
452 2573 661 2611 verborum
697 2573 929 2611 sententiam
974 2583 1115 2623 susque
1155 2572 1278 2622 deque
1318 2570 1517 2608 habentes.
1586 2566 1711 2617 codezg

313 2626 596 2667 Ambrosianus
642 2627 823 2667 sociatis
851 2625 996 2666 adstat
1037 2629 1080 2664 et
1104 2627 1148 2664 in
1169 2624 1272 2664 vilia
1313 2621 1533 2664 comitibus
1563 2625 1602 2660 et
1629 2623 1713 2660 tam
