1780 3132
351 130 407 169 ΙΝ
443 130 809 172 SYNECDEMUM
848 125 1289 170 COMMENTARIUS.
1445 125 1536 169 521

97 239 222 292 Syria
249 242 290 280 et
316 241 528 285 osdroena
555 243 773 285 dissociata
795 243 906 284 iussu
935 241 1190 290 Constantini
1219 242 1274 283 M.
1290 274 1300 290 ,
1319 244 1423 282 teste
1454 242 1542 282 Ma-

97 298 304 340 lalatom.
332 301 360 337 2
386 311 424 350 p.
435 301 476 339 3.
533 312 700 352 praeses
726 300 811 340 eius
841 299 965 339 estin
993 298 1146 339 Notitia
1170 298 1263 351 imp.
1279 297 1432 338 orient.
1462 311 1495 336 c.
1517 302 1539 338 1

97 358 140 394 et
167 352 412 406 praesidiale
439 354 613 395 officium
643 355 924 408 Euphratense
951 355 980 394 l.
1001 358 1029 395 2
1058 367 1091 394 c.
1113 353 1195 395 Th.
1224 353 1275 393 de
1289 353 1539 395 VenatAE'er.

206 422 302 468 398,
330 423 370 460 2.
441 417 688 471 Ἱεράπολις]
729 420 973 474 metropolin
1009 420 1102 461 huic
1144 419 1380 474 provinciae
1416 420 1542 460 fuisse

95 479 261 528 praeter
284 475 383 528 Imp.
412 476 587 516 Leonem
614 482 737 530 atque
765 477 869 517 alios
898 476 1013 516 testis
1045 481 1108 516 est
1134 475 1340 528 Euagrius
1366 476 1415 516 11.
1444 476 1494 516 E.
1513 480 1542 516 6

95 533 163 571 19.
220 542 299 583 quo
341 531 501 571 nomine
540 531 744 573 Arabibus
785 536 826 572 et
853 531 970 582 syris
999 531 1074 583 sit,
1110 531 1209 585 Imp.
1251 530 1541 572 Constantinus

94 585 349 639 Porphyrog.
379 590 483 628 orat.
507 587 557 627 de
585 587 764 638 imagine
780 587 924 627 Edess.
956 601 995 640 p.
1011 589 1065 627 51
1095 588 1190 627 edit.
1212 585 1441 627 Combefisii
1469 587 1540 627 do-

93 645 182 682 cet:
211 639 271 685 εἰς
300 636 344 679 τὸ
377 636 557 692 κάστρον
582 639 863 693 Ἶεραπόλεως
890 637 1090 695 ἔφθασεν,
1121 637 1145 679 ὃ
1172 641 1225 696 τῇ
1252 641 1330 690 μὲν
1346 642 1542 693 Σαρακη-

93 696 176 735 νῶν
205 694 323 747 φωνῇ
354 695 537 747 Μεμμίχ
566 696 738 750 λέγεται,
769 697 822 752 τῇ
851 696 899 736 δὲ
929 696 1013 736 τῶν
1039 693 1190 748 ,Σύρων
1210 692 1407 747 Μαβούκ.
1436 698 1542 738 unde

93 751 266 805 egregia
295 751 414 800 Hydii
451 752 491 791 in
531 753 622 794 ltin.
655 753 806 794 Peritz.
836 766 875 806 p.
894 756 949 795 43
985 753 1215 793 coniectura
1245 752 1541 805 constabilitur,

92 818 174 860 qna
200 807 244 847 in
269 806 399 847 Plinio
422 807 451 846 5
479 811 533 848 23
563 806 801 862 Bambyee‚
831 820 941 863 quae
970 807 1060 849 alio
1088 810 1255 849 nomine
1282 805 1541 862 Hierapolis

91 864 287 911 vocatur,
317 859 450 915 Syris
478 874 582 904 vero
614 862 786 917 Mab09‚
815 865 986 916 expulso
1018 868 1138 917 atque
1167 864 1220 905 ad
1249 863 1440 904 tenebras
1469 865 1541 905 da-

91 921 229 958 mnato
263 914 435 970 Mamm,
467 919 664 960 emendat.
723 920 818 960 vide
844 919 937 961 Alb.
960 919 1180 961 Schultens
1208 919 1378 960 indicem
1408 919 1541 961 Bolia-

91 972 188 1014 diuo
216 983 415 1013 annexum
430 1004 440 1024 ‚
481 973 523 1015 in
556 975 818 1015 Manbesium.

151 1064 156 1068 ·
201 1036 312 1080 lbid.
371 1034 535 1091 Κύρος]
570 1041 798 1091 cyrestana
832 1041 976 1082 civitas
1014 1042 1112 1094 Imp.
1148 1039 1361 1081 Iustiniani
1392 1040 1541 1092 episto-

89 1094 159 1135 lae
184 1093 335 1136 Conat.
364 1098 391 1135 7
408 1094 567 1137 concil.
600 1096 907 1150 Constantinop.
941 1110 1020 1137 sec.
1051 1111 1089 1149 p.
1105 1101 1200 1137 219.
1231 1096 1339 1136 cives
1375 1096 1423 1136 1).
1457 1096 1541 1136 Pa-

88 1149 329 1203 pebrochius
345 1149 673 1204 Cyropolitan0s‚
707 1153 774 1207 qui
790 1153 902 1194 Actis
923 1152 1068 1192 Iuliani
1095 1147 1132 1190 οἱ
1162 1149 1235 1204 τῆς
1263 1147 1422 1196 πόλεως
1446 1145 1541 1189 Kv'-

88 1218 180 1256 ρου,
209 1209 304 1246 tom.
331 1210 359 1247 2
387 1207 472 1247 Iun.
504 1221 543 1261 p.
564 1211 646 1249 178
679 1209 874 1261 appellat,
902 1208 1011 1249 haud
1047 1212 1170 1249 recte.
1201 1207 1293 1248 vide
1322 1205 1417 1246 Ant.
1447 1207 1539 1247 ltin.

90 1273 132 1312 P·
151 1264 309 1357 1SJb-M·
367 1312 549 1370 Δολίχῃ]
589 1316 766 1371 πολίχνη
806 1314 962 1368 σμικρά
994 1318 1254 1359 Theodoreto
1283 1318 1330 1358 Η.
1364 1318 1412 1358 Ε.
1440 1319 1469 1357 5
1497 1320 1537 1369 4,

87 1367 294 1409 Δουλικία
320 1370 559 1425 Theophani
588 1371 818 1427 chronogr.
850 1377 957 1423 3543
995 1374 1047 1415 ad
1072 1386 1186 1427 quem
1214 1373 1372 1413 modum
1402 1373 1539 1413 Philo-

86 1437 220 1466 xenus
246 1426 422 1468 Dulichii
451 1427 661 1481 episcopus
690 1429 733 1469 in
758 1430 907 1470 Collat.
939 1429 1047 1470 inter
1076 1429 1311 1470 Catholicos
1344 1432 1385 1468 et
1411 1429 1540 1470 Seve-

86 1480 227 1522 rianos
253 1485 348 1536 tom'.
362 1486 414 1523 11
445 1482 598 1524 Concil.
619 1484 746 1526 Labb.
776 1499 821 1538 p.
835 1488 929 1527 13⁷.
945 1485 1063 1538 plura
1077 1497 1203 1538 supra
1220 1498 1259 1538 p.
1279 1487 1372 1536 184,
1401 1485 1469 1525 ubi
1489 1484 1539 1524 de

86 1536 311 1591 Zeugmate
339 1538 462 1579 etiam
494 1543 532 1578 et
558 1539 831 1582 Germanicia.

194 1601 304 1645 Ibid.
333 1608 375 1646 3.
406 1601 578 1657 Περρὴ]
609 1606 824 1647 Liberatus
845 1607 1050 1648 Diaconus
1064 1606 1248 1648 Breviar.
1267 1620 1300 1648 c.
1321 1611 1376 1648 13
1407 1608 1537 1647 eccle-

85 1656 172 1698 siae
194 1659 430 1700 Parensium
456 1660 722 1702 Sabinianum
752 1663 877 1703 fuisse
907 1663 966 1703 ait
992 1662 1245 1716 episcopum,
1276 1675 1392 1715 quem
1434 1664 1536 1702 Per-

84 1712 291 1754 thensium
319 1715 443 1755 fuisse
473 1716 577 1756 Acta
607 1718 767 1758 concilii
797 1718 1041 1759 Chalcedon.
1078 1722 1172 1759 tom.
1201 1723 1230 1759 9
1258 1718 1379 1759 Cone.
1409 1719 1536 1760 Labb.

83 1780 126 1821 p.
149 1773 230 1810 106
258 1770 449 1811 clamant.
481 1784 520 1811 v.
551 1772 646 1812 Ant.
677 1778 700 1813 1
733 1788 771 1827 p·
793 1778 888 1815 210.

193 1833 302 1877 Ιῠὶά.
363 1834 601 1892 Νικόπολις]
631 1853 711 1881 non
743 1841 866 1882 aliam
896 1853 985 1881 esse
1018 1844 1114 1892 puto
1144 1843 1266 1894 atque
1297 1853 1384 1881 eam
1413 1853 1534 1894 quam

81 1891 202 1930 {esua
227 1892 398 1942 stylites
427 1893 469 1933 in
503 1894 655 1935 Chron.
703 1895 876 1947 syriaco
914 1897 988 1937 sub
1017 1897 1113 1948 Imp.
1151 1895 1370 1936 Anastasio
1411 1896 1534 1936 vehe-

81 1947 202 1986 menti
233 1951 368 1987 terrae
397 1952 573 1990 tremore
601 1952 803 1992 corruisse
830 1954 959 1992 refert
988 1952 1114 1991 tom.1
1142 1951 1247 1992 Bibl.
1267 1952 1420 1992 Orient.
1450 1952 1533 1992 As-

81 2002 235 2042 semani
265 2016 303 2055 p.
325 2006 420 2055 271,
449 2017 524 2045 nec
555 2006 720 2048 diversa
750 2009 929 2048 fortasse
957 2011 1018 2047 est
1047 2007 1137 2048 Itin.
1170 2007 1266 2047 Ant.
1298 2021 1340 2061 p.
1361 2012 1455 2049 190.

189 2066 299 2110 Ibid.
355 2069 638 2123 Σκεναρχαῖα]
674 2069 806 2125 Σκηνή
852 2070 1029 2124 α’ρχαία.
1099 2073 1278 2114 viderint
1316 2074 1533 2126 peritiores

81 2135 136 2163 an
164 2123 256 2164 loco
286 2137 431 2167 nomen
459 2129 617 2169 venerit
647 2141 673 2169 a
701 2129 967 2170 tentoriorum
989 2128 1118 2181 copia,
1148 2134 1189 2170 et
1220 2129 1315 2183 quid
1328 2129 1533 2181 Σαλγενυ-

78 2178 291 2230 ρατίξενον
321 2181 397 2221 sibi
430 2183 543 2225 velit.

189 2231 300 2276 Ibid.
356 2233 539 2289 Σύριμα]
569 2242 734 2291 putares
766 2234 882 2288 Συρὰ
927 2239 1015 2279 sive
1050 2236 1223 2291 Σοῦρον,
1252 2243 1296 2279 ut
1325 2239 1532 2292 Euagrius

79 2286 128 2328 II.
161 2287 210 2330 Ε.
242 2293 269 2330 4
298 2293 365 2340 25,
392 2292 531 2334 urbem
569 2294 611 2334 in
639 2294 862 2348 Euphratis
888 2294 980 2345 ripa
1007 2295 1181 2347 positam
1212 2295 1331 2345 (Vita
1360 2295 1530 2345 Symeo-

78 2343 143 2382 nis
171 2343 351 2394 Stylitae
388 2359 424 2386 c.
457 2351 529 2389 26:
565 2341 615 2399 ἦν
652 2363 716 2395 τις
745 2348 789 2387 ἐν
817 2348 969 2401 Συροῖς
995 2344 1281 2402 στρατιώτης,
1312 2349 1531 2400 πολίχνιον

77 2396 126 2435 δέ
151 2410 189 2435 τι
213 2399 332 2438 τοῦτο
363 2401 445 2439 τῶν
474 2401 858 2455 ὲπευφρατιὸϊων),
903 2404 982 2445 nisi
1012 2405 1178 2458 propius
1219 2406 1410 2446 abessent
1443 2399 1529 2444 013-

77 2464 210 2514 ρᾳξα,
240 2467 314 2507 pro
343 2457 484 2508 quibus
519 2453 698 2513 Οὕρημᾳ
742 2460 872 2499 editus
902 2461 1169 2511 Ptolemaeus,
1198 2462 1269 2501 sed
1296 2462 1387 2502 hinc
1408 2466 1450 2500 et
1478 2474 1529 2502 ex

77 2506 245 2549 Cmslin.
274 2523 334 2550 ms
358 2512 623 2554 adiuvandus.
671 2508 828 2566 Ὄριμα
859 2510 1075 2566 ειὬριμα
1105 2516 1349 2557 Chalcedon.
1379 2517 1527 2556 concil.

76 2575 115 2616 p.
131 2567 231 2604 676.
260 2566 562 2619 cratEuphrati
591 2569 737 2622 adsita,
766 2570 871 2610 unde
899 2570 1131 2613 castellum
1149 2569 1294 2613 Urima
1312 2571 1528 2625 Euphrati

75 2618 298 2662 accubans
332 2622 374 2662 in
415 2625 545 2666 veteri
576 2625 714 2667 codice
749 2625 922 2676 Syriaco
951 2630 1044 2668 tom.
1077 2632 1115 2670 1.
1149 2627 1340 2670 Biblioth.
1371 2628 1524 2670 orient,

74 2688 114 2728 p.
136 2679 218 2718 172
245 2676 470 2719 Assemani.
