1780 3132
348 134 403 173 ιΝ
442 132 805 175 SYNECDEMUM
845 129 1285 171 COMMENTAmUs.
1429 118 1523 170 447

99 247 265 288 drianus
307 246 351 286 in
375 246 445 296 My
446 246 507 287 sia
542 245 889 288 Hadrianotheras
932 244 987 284 Μ.
1015 243 1058 283 P.
1086 246 1115 284 8
1153 255 1181 283 a
1211 243 1423 294 Pergamo,
1451 241 1528 281 nisi

101 303 260 344 Tabula
286 301 421 350 fallit,
451 302 556 365 quod
597 302 683 342 illic
720 306 762 340 et
787 299 960 340 feliciter
998 304 1105 338 esset
1134 302 1303 340 venatus
1330 301 1370 336 et
1394 308 1528 336 ursam

91 357 325 408 occidisset,
354 357 573 407 constituit,
599 361 643 397 ut
668 355 910 409 Spartianus
936 354 978 394 in
1009 353 1215 393 Hadriano
1246 365 1280 393 c.
1301 356 1354 391 20
1383 356 1424 391 et
1451 351 1528 391 Dio

95 411 254 452 docent.
324 415 388 451 ter
407 411 550 473 oppidi
582 411 759 452 meminit
790 409 991 450 Aristides
1032 413 1126 449 tom.
1161 412 1183 447 1
1215 421 1253 459 p.
1283 409 1377 455 500,
1406 407 1528 446 semel

91 463 321 517 Ἀδριανοῦ
360 461 522 516 θήραν,
550 467 807 507 librariorum
844 464 1057 505 manifesto
1090 467 1274 515 peccato,
1303 463 1527 514 appellans.

89 501 446 570 Ἀδρανουθύρων
471 521 679 583 episcopus
705 524 768 560 est
802 521 844 560 in
871 519 1047 560 Nicaeno
1074 518 1248 557 secundo
1277 530 1315 569 p.
1337 519 1430 563 352,
1462 516 1529 570 qui

95 587 138 629 p.
156 577 239 615 592
263 570 614 639 'Ad‘9avov3159mv
646 576 783 628 paullo
814 574 961 615 rectius
1000 573 1156 613 dicitur.
1224 572 1333 612 cives
1354 566 1529 621 Ἀδρια-

92 629 342 682 νοθηρεῖται
371 630 413 669 in
440 631 571 670 numis
601 631 708 683 apud
734 629 982 670 Harduinum
1021 632 1063 668 et
1090 626 1350 668 Vafflantium
1379 626 1529 666 insunt.

99 685 192 725 vide
217 684 541 725 10.Massonum
571 685 690 725 Vitae
733 685 926 725 Aristidis
953 687 981 724 3
1009 687 1037 723 9
1066 685 1143 731 12,
1185 681 1252 722 ubi
1279 681 1452 734 plurium
1480 681 1531 721 de

95 737 177 780 hac
202 739 302 779 urbe
330 739 610 780 aberrationes
638 740 680 780 in
711 739 891 779 ordinem
914 713 1167 790 rediguntu'r.

209 806 313 853 394,
340 808 380 845 6.
430 796 576 854 ‘H9at]
608 805 795 857 oppidum
818 800 940 855 Ἑράς
967 804 1076 843 circa
1102 801 1303 851 Erythras
1334 806 1374 841 et
1404 803 1531 842 Teum

97 858 353 909 Thucydides
380 862 408 899 8
427 864 480 899 19
508 865 547 899 et
575 860 726 900 Strabo
757 862 810 899 14
837 872 875 911 p.
891 861 984 910 644,
1012 858 1083 897 sed
1111 870 1136 897 a
1169 857 1365 896 Palmerio
1397 869 1530 897 emen-

93 913 226 964 datus,
254 918 501 955 memorant.
526 915 567 955 id
583 926 660 969 quo
678 915 806 954 minus
834 918 1014 954 nostrum
1041 916 1231 965 putemus,
1262 912 1440 951 locorum
1470 912 1530 952 in-

96 969 275 1008 tervallo
301 969 568 1021 prohibemur.
637 970 740 1009 alius
778 981 891 1021 ergo,
922 968 990 1008 ubi
1015 968 1056 1007 in
1085 966 1334 1029 Hellesponti
1365 966 1530 1019 piovin-

95 1023 162 1064 cia
190 1023 324 1075 fuerit,
355 1028 477 1077 atque
505 1028 636 1065 utrum
665 1037 717 1065 ex
757 1023 876 1064 Plinii
906 1025 935 1063 5
961 1027 1017 1064 30
1046 1023 1170 1063 Tiare
1197 1022 1285 1061 sive
1312 1021 1450 1062 Tiaris
1478 1021 1532 1062 sit

95 1081 240 1128 ortum,
268 1078 438 1119 docebit.

202 1130 311 1174 lbid.
376 1129 562 1182 Htom'a]
614 1138 676 1174 est
725 1132 832 1185 apud
871 1131 1113 1173 Strabonem
1159 1134 1213 1172 13
1265 1144 1303 1184 p.
1341 1136 1450 1180 610,
1490 1136 1532 1172 et

94 1187 279 1253 Piouitae
305 1188 411 1240 apud
441 1189 622 1228 Plinium.
687 1188 870 1228 Eulalius
900 1183 1071 1225 Πιόνων
1113 1190 1154 1226 et
1189 1187 1230 1227 in
1270 1199 1352 1226 mss
1392 1187 1532 1225 Παιο-

93 1241 214 1292 νίων,
241 1242 354 1292 sive,
383 1247 429 1282 ut
467 1249 582 1283 vetus
607 1243 831 1295 interpres,
869 1242 1055 1282 Eulalius
1089 1242 1255 1282 Pioniae
1281 1241 1531 1294 Hellesponti

95 1273 251 1348 synodo
280 1296 599 1338 Chalcedonensi
625 1310 664 1350 p.
678 1300 761 1338 398
789 1296 1016 1337 subscribit.

207 1360 316 1404 Ibid.
374 1363 615 1413 Κονιοσίνη]
646 1367 759 1403 estne
774 1362 991 1414 Conisium,
1015 1361 1120 1415 quod
1150 1361 1301 1402 Plinius
1329 1363 1358 1401 5
1387 1365 1442 1402 30
1469 1362 1530 1403 in-

93 1420 158 1458 ter
183 1417 300 1458 huius
326 1430 425 1459 orae
453 1418 601 1471 oppida
626 1419 916 1458 connumerat?

204 1481 312 1524 Ibid-
368 1482 553 1533 Ἀργιζα]
597 1484 639 1524 in
669 1483 793 1523 Asiae
821 1482 1032 1535 provincia
1061 1483 1198 1523 urbem
1215 1513 1227 1533 ,
1259 1482 1323 1522 cui
1354 1476 1528 1531 Ἀλγίζα

91 1549 236 1578 nomen
281 1542 392 1589 erat,
430 1538 623 1588 vidimus3
664 1551 690 1578 a
717 1550 817 1590 qua,
861 1537 897 1577 si
924 1550 1067 1578 nomen
1096 1541 1265 1590 spectes,
1295 1537 1396 1577 haec
1423 1537 1530 1577 haud

93 1592 260 1632 multum
281 1593 419 1643 distat,
448 1594 483 1633 si
510 1594 639 1643 situm,
668 1593 894 1646 plurimum.
968 1593 1119 1633 Plinius
1148 1595 1176 1632 5
1203 1596 1259 1632 :30
1287 1593 1531 1644 Miletopoli-

93 1647 147 1687 tis
168 1647 287 1687 huius
315 1648 548 1700 provinciae
577 1649 747 1688 Erezios
776 1647 935 1700 iungit,
973 1659 1074 1700 quos
1102 1647 1137 1687 si
1166 1647 1258 1686 hinc
1287 1647 1460 1697 derives,
1489 1647 1532 1686 in

94 1701 196 1741 vitio
233 1713 378 1741 nomen
421 1703 534 1742 urbis
578 1703 851 1742 adhaerescet.
921 1702 1148 1742 narduinus
1189 1702 1336 1751 Erezo,
1384 1701 1532 1741 Cariae

93 1755 196 1805 urbi,
227 1766 296 1795 eos
323 1755 434 1795 dedit
461 1757 569 1796 cives
586 1787 597 1807 ‚
634 1768 773 1796 verum
805 1756 1100 1808 imprudenter:
1146 1755 1270 1795 Caria
1298 1756 1533 1808 longissime

92 1809 146 1851 ab
174 1810 427 1862 Hellesponti
454 1823 551 1862 ora,
580 1823 699 1863 quam
727 1811 880 1850 Plinius
912 1811 1114 1860 describit,
1142 1816 1294 1850 semota
1328 1817 1401 1851 est.

203 1872 312 1916 lbid.
372 1870 470 1920 Ξίος
504 1871 679 1925 Τοάὸος]
707 1876 878 1927 iungunt
903 1875 1003 1916 haec
1031 1876 1231 1916 artissime
1259 1876 1532 1917 schelstrate-

93 1941 169 1969 nus
199 1934 239 1970 et
254 1929 494 1977 Bandurius,
524 1943 606 1970 non
633 1930 728 1970 item
749 1931 920 1971 Carolus
949 1943 975 1970 a
993 1931 1035 1970 S.
1055 1932 1220 1971 Paullo:
1249 1935 1381 1971 utrum
1408 1944 1532 1983 prae-

93 1987 186 2033 stet,
213 1984 311 2024 mihi
343 1984 409 2024 in
425 1985 614 2037 ambiguo
644 1990 718 2025 est.
776 1985 876 2025 nihil
913 1985 1015 2038 quod
1049 1986 1219 2025 alterum
1249 1990 1378 2026 utrum
1406 1987 1533 2037 possit

92 2038 350 2089 illuminare,
394 2039 491 2079 mihi
519 2040 722 2080 occurrit:
770 2040 845 2079 etsi
873 2041 976 2080 enim
1004 2041 1193 2080 Trarium
1220 2041 1351 2080 vicum
1380 2040 1533 2081 Strabo

91 2093 208 2134 l.13
231 2106 270 2146 p.
301 2069 385 2134 607
412 2093 522 2134 circa
549 2094 813 2157 Perperenem
842 2095 970 2146 locet,
1003 2099 1042 2133 et
1071 2097 1309 2161 Tragasae,
1339 2095 1444 2135 unde
1471 2096 1534 2135 sal

93 2149 390 2200 Tragasaeum,
417 2149 467 2188 de
497 2161 574 2201 quo
605 2150 773 2202 egregie
801 2149 982 2189 Galenus
1020 2146 1116 2200 περὶ
1143 2147 1286 2187 ἁπλῶν
1318 2149 1460 2199 Φαρμ.
1480 2154 1532 2190 11

93 2214 133 2255 p.
166 2205 259 2252 151,
285 2203 339 2243 ab
371 2203 462 2243 aliis
492 2209 773 2254 memorentur,
804 2204 881 2243 huc
910 2205 1065 2243 referre
1094 2217 1175 2245 non
1203 2204 1391 2245 sustineo.

202 2265 311 2308 Ιῠὶιῑ.
333 2272 372 2309 7.
403 2265 692 2318 Μανδακάδα]
722 2270 813 2309 hinc
831 2269 978 2309 Cilices
993 2270 1286 2311 Mandacadeni
1312 2270 1417 2311 inter
1435 2270 1530 2310 Hel-

94 2321 271 2373 lesponti
307 2324 470 2363 accolas
512 2324 642 2364 Plinio
671 2327 698 2364 5
724 2328 780 2365 :30
821 2337 873 2365 ex
913 2325 1108 2366 Harduini
1147 2325 1315 2378 pulchra
1343 2327 1530 2366 emenda-

93 2377 312 2472 tioneIbid.
373 2427 677 2483 Ἐργαστήριον]
719 2434 831 2474 vicus
857 2432 1046 2482 Cyzicum
1074 2434 1180 2474 inter
1210 2438 1251 2474 et
1278 2437 1530 2488 Pergamum,

94 2484 168 2524 sed
195 2486 288 2526 hinc
316 2486 458 2526 stadiis
477 2488 556 2527 440
586 2492 822 2540 separatus,
850 2489 1023 2528 metallis
1053 2489 1222 2529 celebris
1249 2496 1371 2545 atque
1395 2490 1530 2543 Erga-

92 2539 220 2580 steria
247 2540 400 2590 dictus,
426 2541 483 2580 uti
515 2543 692 2583 0rtelius
722 2543 951 2593 admonuit,
989 2543 1163 2583 occurrit
1193 2547 1300 2608 apud
1332 2546 1530 2586 Galenum

27 2627 29 2629 .
90 2590 188 2642 περὶ
213 2592 356 2633 ἁπλων
385 2607 518 2666 φαρμ.
546 2601 575 2637 9
602 2601 767 2650 p.127.
799 2598 979 2635 καλεῖται
1011 2596 1046 2635 δ’
1075 2596 1361 2660 Ἐργαστήρια,
1388 2599 1530 2665 inquit,

88 2643 206 2701 κώμη
235 2661 318 2701 τις,
366 2648 410 2689 ἐν
440 2645 471 2704 ᾗ
512 2647 581 2691 καὶ
622 2651 810 2702 μέταλλα
840 2648 950 2703 ἔστι,
988 2650 1142 2702 μεταξύ
1182 2653 1414 2707 Περὶάμου
1459 2668 1528 2693 και
