1780 3132
175 163 240 211 84
443 164 808 210 CONSTANTlNl
842 162 1335 207 PORPHYROGEMTI

167 274 328 330 ἑορτῆς,
361 277 426 317 καὶ
447 276 539 328 δίχα
559 272 717 329 γνώμης
736 277 807 315 τοῦ
825 271 1070 330 πατριάρχου
1087 277 1204 315 τοῦτο
1225 271 1495 330 περιεβάλετο,
1529 273 1595 314 καὶ

166 342 317 391 εὐθέως
348 341 533 397 ἄνθρακα
563 342 623 382 ἐπὶ
656 344 728 382 τοῦ
761 339 943 394 μετώπου
971 339 1150 393 ἐκβαλών
1179 341 1245 381 καὶ
1272 347 1358 390 ταῖς
1385 341 1427 382 ἐκ
1451 337 1596 382 τούτου

168 407 329 457 ὀδύναις
350 405 690 463 κατατρυχόμενος
706 406 948 457 κακινκάκως
967 408 1159 461 ἀπέρρηξε
1180 406 1223 448 τὸ
1244 409 1312 461 ζῆν
1327 409 1391 448 καὶ
1409 406 1485 463 πρὸ
1505 423 1597 447 και-

170 480 241 528 ροῦ
268 475 336 517 τὸν
359 473 537 516 θάνατον
563 473 823 516 ἐπεσπάσατο.
890 476 954 516 καὶ
975 478 1047 516 τοῦ
1067 471 1246 515 τοιούτου
1267 472 1470 527 συντόμως
1491 473 1597 514 ἐκδι-

171 542 360 596 κηθέντος
375 538 627 593 τολμήματος
644 541 772 583 ἔκτοτε
787 539 909 590 τύπος
926 542 1072 596 ἐγένετο
1095 539 1194 582 ὥστε
1213 541 1252 582 ἓν
1269 545 1325 597 τῷ
1340 541 1494 594 μέλλειν
1509 538 1596 581 στέ-
1607 545 1630 580 5

172 612 322 665 φεσθαι
345 607 412 649 τὸν
432 609 600 659 βασιλέα
620 606 811 664 πρότερον
829 607 984 661 ὀμνύειν
1003 610 1068 649 καὶ
1090 607 1382 663 ἄσφαλίζεσθαι
1403 605 1463 649 ὅτι
1484 605 1599 648 οὐδὲν

172 676 344 717 ἐναντίον
372 678 450 716 τῶν
477 677 823 730 προστεταγμένων
844 677 909 716 καὶ
931 676 972 716 ἐκ
994 678 1166 716 παλαιοῦ
1187 674 1489 730 φυλαττομένων
1506 675 1600 715 τολ-

170 741 279 798 μήσῃ
312 740 485 796 ποιήσειν
516 740 542 795 ἢ
575 740 865 796 ἒννοήσασθαι,
899 744 964 783 καὶ
995 741 1120 790 οὕτως
1149 739 1226 782 ὖπό
1254 745 1324 782 τοῦ
1353 737 1600 796 πατριάρχου

171 810 392 865 στέφεσθαι
412 810 477 850 καὶ
499 808 549 850 τὰ
570 807 794 865 ἁρμόζοντα
811 813 862 865 τῇ
880 806 1115 864 καθεστώσῃ
1137 806 1253 864 ἑορτῇ
1271 809 1454 851 ἐπιτελεῖν
1473 823 1515 848 τε
1534 806 1602 848 καὶ

174 874 504 932 διαπράττεσθαι.
1612 875 1656 910 10

300 941 508 991 Ὡσαύτως
537 939 617 997 χρή
651 958 694 984 σε
727 942 792 982 καὶ
820 942 908 996 περὶ
938 944 1009 982 τοῦ
1038 938 1162 996 ὖγροῦ
1189 940 1313 995 πυρὸς
1335 944 1406 982 τοῦ
1434 939 1500 980 διὰ
1524 941 1603 980 τῶν

173 1006 358 1065 σιφώνων
386 1009 649 1065 ἐκφερομένου
681 1011 875 1064 μεριμνᾶν
902 1023 943 1049 τε
971 1009 1036 1048 καὶ
1063 1010 1253 1060 μελετᾶν,
1288 1005 1342 1056 ὥς
1374 1006 1480 1062 εἴπερ
1509 1004 1604 1046 ποτὲ

173 1074 405 1130 τολμήσωσί
418 1093 519 1125 τινες
539 1077 604 1117 καὶ
623 1074 719 1117 αὐτὸ
739 1075 986 1128 ἐπιζητῆσαι,
1015 1074 1155 1123 καθὼς
1172 1075 1237 1114 καὶ
1255 1073 1352 1130 παρ’
1374 1070 1487 1127 ἡμῶν
1505 1075 1604 1112 πολ-

174 1141 287 1192 λάκις
320 1141 509 1197 ἐζήτησαν
519 1173 532 1192 ,
566 1141 758 1191 τοιούτοις
793 1141 936 1191 αὐτοὺς
967 1140 1069 1195 ἔχοις
1100 1139 1396 1197 ἀποκρούεσθαι
1417 1140 1483 1182 καὶ
1503 1138 1606 1180 ἄπο-

174 1211 402 1263 πέμπεσθαι
433 1207 627 1265 ῥήμασιν,
671 1208 731 1250 ὅτι
760 1211 825 1250 καὶ
856 1207 952 1250 αὐτὸ
985 1207 1041 1249 δι’
1075 1208 1238 1262 ἀγγέλου
1267 1211 1324 1264 τῷ
1351 1204 1511 1262 μεγάλῳ
1541 1205 1604 1246 καὶ
1618 1210 1660 1246 15

175 1274 319 1332 πρώτῳ
356 1280 518 1328 βασιλεῖ
549 1278 782 1331 Χριστιανῷ
823 1272 920 1331 ἁγίῳ
954 1275 1238 1330 Κωνσταντίνῳ
1268 1271 1506 1330 ἐφανερώθη
1541 1273 1608 1313 καὶ

175 1341 393 1396 ἐδιδάχθη,
440 1344 705 1398 παραγγελίας
736 1342 779 1383 δὲ
810 1340 985 1395 μεγάλας
1013 1343 1079 1382 καὶ
1107 1343 1195 1397 περὶ
1225 1338 1367 1382 τούτου
1397 1338 1508 1395 παρὰ
1535 1341 1607 1380 τοῦ

177 1410 301 1451 αὐτοῦ
331 1409 496 1464 ἀγγέλου
525 1410 709 1460 ἐδέξατο,
744 1406 798 1458 ὥς
826 1408 936 1464 παρὰ
963 1408 1142 1464 πατέρων
1171 1409 1236 1449 καὶ
1263 1405 1434 1448 πάππων
1459 1421 1609 1448 πιστω-

178 1477 314 1526 θέντες
340 1476 709 1532 πληροφορούμεθα
722 1507 734 1526 ,
764 1477 832 1516 ἵνα
859 1476 899 1516 ἓν
926 1474 1063 1527 μόνοις
1090 1480 1172 1524 τοῖς
1193 1477 1451 1530 Χριστιανοΐς
1471 1474 1538 1514 καὶ
1559 1475 1610 1528 τῇ

178 1541 249 1585 ὕπ’
278 1542 408 1585 αὐτῶν
428 1544 713 1599 βασιλευομένῃ
734 1540 844 1584 πόλει
864 1541 1220 1596 κατασκευάζηται,
1255 1541 1432 1594 ἀλλαχοῦ
1458 1539 1502 1581 δὲ
1528 1556 1607 1592 μη·
1619 1543 1665 1578 20

180 1612 341 1663 δαμῶς,
372 1607 471 1663 μήτε
494 1612 548 1659 εἷς
570 1610 701 1667 ἕτερον
721 1609 839 1658 ἔθνος
855 1609 899 1651 τὸ
919 1607 1002 1650 οἷον
1023 1607 1166 1663 δήποτε
1187 1608 1493 1663 παραπέμπηται
1511 1604 1613 1659 μήτε

179 1675 429 1731 διδάσκηται.
497 1676 593 1719 ὅθεν
624 1679 690 1719 καὶ
718 1683 800 1725 τοῖς
829 1676 918 1730 μετ’
954 1676 1074 1718 αὐτὸν
1103 1674 1123 1718 ὅ
1153 1675 1275 1730 μέγας
1292 1669 1407 1724 οὗτος
1424 1672 1613 1727 βασιλεὺς

178 1742 533 1801 ἓξασφαλιζόμενος
563 1747 650 1800 περὶ
682 1742 823 1786 τούτου
855 1744 895 1785 ἓν
923 1746 973 1798 τῇ
1003 1740 1096 1801 ἁγίᾳ
1125 1743 1293 1799 τραπέζῃ
1319 1745 1390 1796 τῆς
1411 1745 1484 1784 τοῦ
1511 1742 1612 1782 θεοῦ

270 1880 294 1914 3
316 1877 434 1923 κακὴν
456 1878 569 1918 νάκος
590 1879 638 1922 Β,
661 1876 775 1922 κακήν
797 1879 917 1919 κακῶς
935 1879 973 1913 Μ

181 2003 381 2033 occurrente
401 2001 510 2043 festo,
538 2003 641 2044 atque
662 2003 801 2044 praeter
823 1999 1039 2045 patriarchae
1061 2000 1288 2043 voluntatem,
1311 1998 1402 2032 hunc
1422 1996 1490 2032 sibi
1511 2007 1617 2032 orna-

181 2050 251 2078 tum
288 2044 472 2088 imposuit3
509 2055 549 2077 ac
580 2044 695 2078 subito
730 2047 877 2079 carbone
906 2046 942 2078 in
973 2045 1093 2079 faciem
1126 2049 1341 2090 erumpente,
1378 2042 1508 2087 magnis
1533 2041 1616 2076 inde

181 2089 354 2123 cruciatus
377 2089 551 2123 doloribus
575 2090 698 2123 misere
721 2090 826 2134 periit
849 2102 888 2124 ac
911 2090 977 2123 sibi
1001 2096 1081 2124 aute
1100 2095 1234 2135 tempus
1258 2095 1397 2122 mortem
1420 2087 1615 2121 maturavit.

182 2138 286 2177 atque
318 2145 361 2167 ex
392 2134 570 2167 subitanea
589 2134 648 2169 illa
670 2134 862 2169 huiusmodi
883 2135 1046 2168 audaciae
1069 2134 1197 2168 ultione
1219 2134 1249 2168 is
1273 2133 1396 2167 exinde
1419 2143 1491 2166 mos
1514 2132 1617 2165 indu-

184 2182 258 2212 ctus
290 2183 342 2211 est
355 2204 363 2220 ,
400 2184 438 2212 ut
459 2178 644 2222 imperator
667 2191 827 2214 coronam
849 2184 1050 2224 accepturus
1072 2180 1163 2213 iuret
1187 2183 1221 2213 et
1247 2179 1450 2223 profiteatur
1472 2188 1510 2210 se
1531 2175 1618 2210 nihil

184 2222 354 2256 mandatis
388 2228 424 2256 et
457 2224 758 2258 consuetudinibus
792 2224 939 2269 antiquis
965 2223 1155 2258 huiusmodi
1176 2224 1356 2258 adversum
1379 2231 1619 2267 aggressurum

186 2272 245 2301 aut
277 2267 503 2310 cogitaturum
536 2280 632 2312 esse,
668 2275 771 2313 atque
804 2269 854 2303 ita
887 2281 908 2303 a
943 2269 1135 2314 patriarcha
1165 2273 1367 2312 coronetur,
1401 2273 1438 2302 et
1466 2270 1619 2301 statutae

187 2311 393 2346 solemnitati
417 2314 640 2356 congruentia
662 2321 805 2358 peragat
830 2319 865 2348 et
886 2314 1053 2348 absolvat.

276 2357 331 2390 Ita
353 2367 489 2400 quoque
512 2350 554 2390 de
578 2359 713 2392 Graeco
736 2359 837 2403 igne,
860 2359 919 2403 qui
943 2370 1005 2404 per
1028 2358 1189 2403 siphones
1212 2357 1397 2399 emittitur,
1419 2366 1533 2389 curam
1556 2354 1619 2388 ha-

188 2402 273 2434 beas
296 2406 332 2434 et
352 2401 614 2435 sollicitudinem
639 2409 796 2447 oportet,
823 2409 860 2437 ut
881 2403 911 2436 si
934 2404 1067 2447 quando
1090 2403 1178 2437 hunc
1200 2408 1319 2447 petere
1340 2401 1507 2443 audeant,
1536 2403 1576 2433 nt
1596 2409 1621 2433 a

188 2445 288 2479 nobis
308 2445 505 2490 plerumque
526 2448 722 2491 petierunt,
755 2448 946 2482 huiusmodi
971 2459 1029 2481 eos
1051 2449 1167 2482 verbis
1190 2447 1358 2492 repeilere
1383 2451 1418 2480 et
1440 2443 1622 2480 amandare

188 2490 316 2535 possis.
363 2490 455 2524 istud
489 2501 625 2535 quoque
656 2503 719 2536 per
748 2493 901 2537 angelum
923 2504 1042 2537 magno
1066 2498 1101 2526 et
1123 2493 1230 2536 primo
1253 2490 1449 2525 Christiano
1471 2490 1622 2543 imnere-

189 2534 259 2568 tori
281 2535 321 2570 S.
346 2535 575 2569 Constantino
598 2541 770 2570 ostensum
807 2542 880 2581 est,
913 2537 971 2582 qui
1002 2538 1130 2571 monita
1162 2543 1198 2571 et
1232 2541 1414 2582 praecepta
1437 2545 1559 2579 gravla
1579 2543 1622 2567 ea

191 2580 236 2613 de
267 2590 308 2613 re
340 2581 383 2613 ab
413 2581 533 2614 eodem
556 2581 676 2624 angelo
702 2582 838 2625 accepit
865 2582 925 2626 (id
950 2583 1040 2626 quod
1064 2594 1084 2616 a
1108 2582 1290 2616 maioribus
1314 2586 1407 2615 certo
1428 2578 1623 2614 testimonio

194 2623 435 2668 edidicimus),
470 2629 509 2659 ut
540 2626 630 2678 apud
663 2626 754 2660 solos
787 2627 999 2661 Christianos
1023 2631 1058 2661 et
1079 2626 1114 2660 in
1137 2626 1358 2671 imperatoria
1385 2629 1515 2659 tantum
1537 2624 1624 2657 urbe

195 2674 354 2714 paretur,
378 2675 414 2703 et
437 2681 503 2703 non
526 2669 628 2710 alrbi3
651 2681 762 2715 neque
784 2672 827 2705 ad
850 2671 949 2706 aliam
970 2682 1204 2716 quamcunque
1225 2677 1359 2715 gentem
1376 2667 1625 2704 transmittatur

195 2714 253 2747 vel
270 2714 438 2748 tradatur.
485 2715 702 2758 quamobrem
726 2726 866 2759 magnus
885 2716 974 2750 idem
994 2716 1192 2762 imperator,
1214 2722 1252 2750 ut
1274 2717 1338 2750 hac
1359 2715 1403 2748 de
1425 2724 1464 2747 re
1486 2723 1625 2747 succes-

196 2769 310 2792 sorum
342 2758 442 2792 fidem
474 2759 722 2804 obstringeret,
757 2760 793 2794 in
825 2772 925 2796 sacra
955 2761 1011 2795 dei
1043 2761 1208 2796 ecclesiae
1231 2771 1346 2795 mensa
1369 2759 1461 2793 diras
1482 2756 1625 2792 inscribi
