1780 3132
258 180 351 223 280
708 186 1204 228 ANlMADVERSIONES

250 291 440 332 τιωτικοῦ
478 290 659 343 πλήθους
701 292 773 332 καὶ
801 295 987 341 πολέμων
1023 295 1095 335 καὶ
1125 293 1264 347 μάχης
1302 293 1456 336 ἔννοια·
1523 301 1654 340 ταῦτα

248 343 326 398 γάρ
357 345 495 397 ἐγγενῆ
516 359 559 385 τε
589 343 661 384 καί
686 344 836 398 πάτρια
863 348 913 399 τῇ
943 343 1060 402 χώρᾳ
1088 349 1331 400 καθέστηκεν
1358 351 1502 405 ἐκείνῃ.
1528 355 1654 396 νυιο.

355 403 420 448 23,
440 402 476 438 4.
532 398 555 450 ἦ
583 395 681 449 γυνὴ
704 402 776 438 τοῦ·
796 397 971 454 Θρᾳκός]
1003 403 1192 443 Aelianus
1211 404 1260 443 de
1271 404 1515 447 Animalibus
1544 412 1570 448 '7
1599 413 1653 448 12

248 452 367 491 aliter
394 453 496 492 hanc
521 453 726 494 historiam
752 459 905 504 narrat,
927 456 1108 496 Paeoniis
1134 457 1359 497 mulieribus
1386 471 1472 499 eam
1498 459 1656 502 landem'

246 506 437 544 tribuens.
493 518 568 559 quo
607 507 695 546 loco
737 508 872 548 adiicit
900 509 1059 549 Darium
1091 516 1300 562 conspecta
1330 513 1542 564 aliquando
1570 527 1653 554 mu-

248 559 345 597 liere
375 560 547 599 Paeonia
573 559 648 599 hoc
678 566 874 614 apparatu
897 562 1091 603 instructa
1130 565 1181 604 ad
1210 565 1449 618 subigendos
1476 567 1654 608 Paeonas

250 624 465 652 accensum.
492 614 620 652 Voce.

245 718 280 757 Η
306 718 328 756 b
354 662 461 706 Ibid.
486 670 524 707 ⁷.
592 664 618 717 ἦ
647 666 835 720 στάμνος]
882 667 1026 709 dicitur
1065 663 1090 721 ἧ
1118 665 1295 720 στάμνος
1334 675 1374 711 et
1401 672 1440 712 in
1461 673 1573 725 epist.
1603 675 1655 715 ad

283 730 303 756 e
333 730 362 757 r.
391 731 423 758 c.
443 723 482 759 9.

353 775 417 822 24,
445 775 483 811 5.
539 774 583 812 In
609 773 724 813 editis
751 770 890 813 εἴκοσι.
956 780 998 816 at
1028 776 1219 828 vigesima
1243 777 1371 830 prima
1397 778 1492 819 urbs
1521 779 1654 820 Phila-
1719 811 1727 819 .

247 824 407 877 delphia
433 826 471 866 in
504 839 562 866 ms
590 827 744 866 dicitur.

351 877 457 920 Ibid.
486 884 525 919 9.
582 881 744 920 Chonae
771 881 875 928 olim,
902 881 1028 934 inquit
1056 882 1432 937 Porphyrogenitus‚
1462 885 1654 927 Colossae

245 931 401 981 dictae,
442 934 538 972 urbs
582 934 817 986 episcopalis
861 936 1083 975 Laodiceno
1120 939 1425 990 metropolitano
1465 940 1652 991 subiecta,

244 988 361 1036 atque
389 987 482 1025 olim
511 987 701 1027 Palassae
730 989 955 1039 appellata,
991 994 1036 1028 ut
1069 994 1129 1028 est
1161 992 1264 1042 apud
1298 993 1474 1032 Nicetam
1503 994 1543 1032 in
1567 994 1651 1033 vita

242 1038 285 1077 S.
319 1040 467 1090 Ignatii
487 1041 738 1091 patriarchae
765 1042 979 1093 Cpolitani,
1006 1043 1055 1082 ob
1083 1045 1268 1095 templum
1288 1045 1331 1085 S.
1353 1045 1557 1086 Michaelis
1584 1058 1650 1086 ar-

242 1091 446 1144 change1i‚
490 1095 759 1146 magnitudine
797 1096 1061 1146 pulcritudine
1101 1101 1139 1135 et
1179 1098 1349 1138 mirabili
1387 1094 1552 1139 artificio
1589 1100 1652 1139 in-

239 1145 366 1197 signe,
396 1147 664 1187 celeberrima.
696 1153 735 1187 et
762 1149 915 1200 quidem
946 1149 1106 1190 Chonae
1137 1150 1228 1190 olim
1258 1153 1446 1192 Palassae
1473 1153 1652 1205 appella-

241 1203 308 1240 tae
337 1200 520 1239 dicuntur
555 1201 717 1241 Nicetae
757 1202 833 1253 ipsi
872 1201 1092 1242 Choniatae
1130 1203 1171 1243 in
1208 1205 1391 1244 Manuele
1430 1210 1458 1246 6
1495 1211 1541 1246 1:
1581 1207 1651 1246 sed

190 1296 193 1300 5
239 1254 447 1305 utrobique
475 1255 613 1294 vitiose
639 1256 824 1307 scriptum
853 1268 926 1306 pro
945 1256 1136 1296 Colossae
1165 1258 1255 1297 mihi
1285 1260 1515 1310 persuadeo.
1569 1272 1651 1299 me-

237 1306 347 1346 minit
377 1307 492 1346 huius
519 1309 653 1359 templi
680 1309 783 1347 idem
810 1310 968 1349 Nicetas
997 1314 1037 1349 et
1066 1311 1106 1349 in
1124 1311 1276 1350 isaacio
1304 1313 1370 1352 lib.
1391 1317 1416 1351 2
1440 1325 1478 1353 n.
1494 1317 1532 1353 2.
1588 1325 1653 1352 ce-

238 1360 487 1400 leberrimum
520 1366 650 1400 autem
676 1375 724 1401 ac
750 1363 906 1401 illustre
932 1364 1007 1402 fuit.
1033 1363 1108 1402 hoc
1134 1366 1318 1415 templum
1347 1366 1397 1405 ob
1422 1366 1652 1406 miraculum

238 1412 278 1452 in
307 1414 504 1465 Archippo
533 1415 640 1454 illius
667 1416 933 1455 mansionario
954 1421 1179 1468 patratum3
1209 1419 1316 1457 cuius
1337 1419 1489 1471 quidem
1521 1420 1650 1460 histo-

237 1467 301 1506 ria
329 1469 477 1518 passim
503 1468 674 1508 habetur
701 1470 802 1520 apud
821 1470 1130 1521 Metaphrastem
1151 1474 1190 1509 et
1216 1471 1329 1512 alios.
1362 1477 1532 1513 ceterum
1553 1474 1651 1513 libet

235 1519 298 1559 hie
329 1521 516 1561 exhibere
543 1522 657 1561 binos
685 1523 890 1575 catalogos
916 1523 1094 1573 urbium,
1135 1536 1236 1576 quae
1265 1526 1518 1578 subsequenti
1549 1539 1651 1567 aevo

236 1586 377 1613 nomen
403 1580 615 1615 mutarunt.
671 1576 819 1627 primus
851 1588 902 1615 ex
927 1576 1146 1617 Baluziano
1175 1577 1318 1618 Codice
1355 1581 1505 1620 recenti
1532 1593 1652 1620 manu

237 1629 459 1680 conscripto
487 1630 692 1681 paululum
729 1630 911 1670 diversus
940 1631 991 1671 ab
1021 1631 1157 1682 editis,
1187 1631 1253 1684 qui
1279 1632 1336 1672 sic
1366 1633 1497 1675 habet.
1523 1632 1569 1685 ὓ)

340 1739 383 1790 1)
433 1734 553 1778 Ὅσαι
585 1739 667 1778 τῶν
695 1738 851 1778 πόλεων
869 1737 1246 1795 μετωνομάσθησαν
1273 1743 1333 1789 εἷς
1361 1739 1542 1796 ὕστερον.

230 1833 471 1880 Ἐπίδαμνος
497 1833 540 1872 τὸ
564 1835 639 1872 νῦν
656 1832 909 1887 Δυρράχιον.
973 1833 1216 1888 Πήδασοςῆ
1237 1838 1310 1877 νῦν
1323 1835 1523 1890 Μεθώνη.
1551 1837 1651 1878 ταῦ-

239 1886 460 1936 Τριβαλλις
492 1885 517 1937 ἢ
544 1885 733 1937 Ἆχρίδα.
1027 1904 1099 1941 της
1135 1889 1303 1943 πλησίον
1337 1892 1427 1931 ἐστι’
1451 1890 1652 1944 χερρόνη-

225 1937 448 1989 Ἡράκλεια
477 1936 502 1991 ἦ
531 1941 604 1978 νῦν
632 1939 880 1990 Πελαγονώι.
1028 1956 1101 1989 σος
1139 1939 1229 1994 ἥτις
1274 1948 1458 1984 καλεῖται
1494 1940 1650 1998 Πύλος,

237 1992 501 2045 Σολάσφορος
519 1993 543 2045 ἢ
562 1995 633 2032 νῦν
650 1993 861 2045 Δεοίβολις.
878 1996 909 2046 ¹)
1028 1995 1053 2045 ἦ
1095 1998 1243 2047 πατρίς
1281 1998 1511 2048 Νέστορος·
1576 2000 1650 2038 νῦν

230 2044 451 2096 Ἰλλυρικὸν
479 2045 529 2084 τὰ
559 2049 632 2086 νῦν
657 2049 830 2086 Κάνινα.
850 2049 885 2100 2)
1031 2049 1077 2088 δὲ
1103 2053 1284 2089 καλεῖται
1311 2049 1544 2101 Ἀβάρινος.

223 2095 396 2138 ’Ἑδεσσα
425 2097 472 2138 τὰ
505 2102 577 2138 νῦν
607 2098 840 2152 Μόγλαινα.
983 2102 1131 2154 Τρίκκη
1160 2101 1208 2141 τὰ
1239 2103 1311 2142 νῦν
1349 2105 1542 2153 Τρίκαλα.

230 2150 385 2200 Ἀξειὸς
413 2150 596 2203 ποταμὸς
629 2152 651 2192 ὁ
693 2156 764 2193 νῦν
791 2157 912 2207 Βαρ-
979 2154 1200 2201 Θεούπολις
1228 2155 1253 2207 ἡ
1283 2157 1356 2196 νῦν
1383 2159 1577 2209 Προῦσα.

284 2204 445 2255 4ὸοίριος.
974 2206 1221 2247 Ἀπολλωνία
1266 2208 1293 2261 ἦ
1342 2211 1416 2249 νῦν
1447 2209 1653 2262 Ἱερισσός,

218 2254 372 2309 Ἀργος
392 2255 638 2298 Θετταλικὸν
661 2254 909 2309 ἧΛιὶρισσα.
1029 2257 1053 2311 ἦ
1087 2258 1187 2313 πρὸς
1215 2264 1269 2316 τῷ
1297 2257 1419 2304 νΑθω
1451 2257 1536 2317 ὄρει
1567 2278 1650 2303 κει-

222 2306 364 2350 Ἔπεια
393 2314 425 2365 3)
455 2311 479 2364 ἦ
508 2313 581 2350 νῦν
612 2309 802 2365 Κορώνη.
1027 2315 1144 2366 μένη.
1162 2317 1200 2369 ⁴)

325 2431 355 2471 ⁴¹)
381 2429 493 2462 edidit
523 2429 616 2462 hunc
643 2430 778 2462 Goarus
814 2437 894 2475 post
925 2432 1034 2464 Notit.
1063 2431 1184 2465 Graec.
1211 2434 1474 2479 episcopatuum
1504 2443 1538 2477 p.
1563 2433 1649 2479 (Co-

325 2475 397 2507 dini
425 2475 468 2508 de
492 2474 604 2518 offic.)
628 2473 708 2508 404.
748 2476 841 2509 idem
871 2477 1064 2510 breviorem
1099 2479 1298 2522 quendam,
1323 2491 1341 2511 a
1367 2479 1540 2512 Bernardo
1575 2480 1652 2511 Me-

329 2520 435 2552 donio
479 2532 497 2552 e
533 2521 652 2553 codice
690 2522 952 2556 Mouchauiano
987 2528 1159 2567 sumptum
1196 2525 1297 2571 (M),
1336 2536 1368 2568 p.
1409 2524 1476 2558 320
1521 2525 1651 2567 posuit.

330 2567 362 2609 1)
392 2565 633 2610 Σελάσφορος
656 2565 675 2608 ἦ
708 2567 775 2602 νῦν
798 2568 966 2611 Amisiam
997 2569 1090 2612 apud
1115 2570 1267 2602 Gom-um
1294 2570 1367 2616 (G).
1487 2570 1524 2626 2)
1545 2568 1650 2602 ’Juv-

329 2611 407 2654 ρικὴ
425 2613 453 2643 G
479 2612 565 2643 alias
591 2611 750 2646 Ἰάννινα
774 2614 815 2652 G,
841 2617 986 2648 κανίκια
1009 2617 1070 2647 καὶ
1094 2614 1243 2660 ἠσεβρίτε
1273 2615 1308 2648 Μ
1433 2615 1470 2661 3)
1495 2618 1588 2650 anta
1613 2615 1651 2648 Μ

325 2655 362 2702 4)
388 2656 407 2698 ἢ
433 2677 471 2683 ——
497 2658 654 2706 κειμένη]
679 2657 754 2701 ἥτις
777 2661 839 2693 καὶ
857 2658 1026 2699 Ὄλυνθος
1049 2662 1188 2705 ἐγένετο
1213 2661 1249 2693 Μ
1480 2684 1483 2686 -
