1780 3132
303 150 357 190 ῐΝ
398 145 762 189 εϊΝΕοῡΕΜυΜ
803 140 1239 185 COMMENTARHJS.
1390 126 1481 174 451

64 265 113 306 ΙΙ.
138 265 170 303 5
192 264 248 303 :30
263 293 275 312 ,
305 263 452 310 refert,
495 265 536 300 et
563 258 782 300 Ptolemaei
809 262 850 298 et
877 256 996 296 Plinii
1023 255 1108 307 sui,
1151 249 1489 305 Trapezopolitas

65 319 170 361 haud
194 329 292 358 sane
320 316 582 370 negligentis,
610 315 758 355 oblitus
787 313 958 353 videtur.
1171 322 1173 325 ·

170 401 273 450 394,
301 402 365 439 11.
423 392 663 445 Κολασσαί]
690 398 845 436 rectum
873 394 950 434 hoc
978 395 1060 432 est:
1085 389 1128 430 ἐν
1159 388 1398 433 Κολασσαῖς
1423 383 1495 436 τῆς

65 452 254 505 Φρυγίας
282 454 508 503 Polyaenus
535 456 561 492 7
594 455 658 492 16.
723 449 1001 490 Theodoretus
1043 447 1085 486 in
1124 445 1258 485 Paulli
1298 443 1350 484 ad
1378 442 1493 483 huius

64 507 176 550 urbis
203 508 358 549 incolas
386 507 619 560 epistolam:
648 505 721 555 τῆς
749 502 794 543 δὲ
828 501 1015 554 Φρυγίας
1043 496 1088 539 αἱ
1114 496 1354 538 Κολασσαί·
1410 510 1494 546 μη-

63 560 258 614 τρόπολις
286 561 332 601 δὲ
353 556 480 612 αὐτῆς
508 560 578 599 καί
598 558 739 610 γείτων
767 553 1058 609 ἢΛαοὸίκεια.
1114 555 1219 594 unde
1247 553 1354 593 haud
1373 553 1496 604 longe

65 617 268 659 Laodicea
287 617 541 658 dissociatam
556 616 679 655 fuisse
693 617 881 667 apparet:
901 611 1126 665 Herodotus
1142 613 1167 649 7
1188 613 1243 649 30
1261 609 1370 658 Lyco
1388 606 1494 648 amni

68 671 248 726 apponit,
276 677 316 712 et
344 668 461 709 πόλιν
485 670 669 721 μεγάλην
698 667 884 718 Φρυγίας
917 666 1109 719 appellat.
1143 664 1300 704 incolae
1331 663 1372 703 in
1399 663 1499 702 mul-

70 728 124 768 tis
149 727 358 768 Paullinae
382 726 578 778 epistolae
605 736 685 764 mss
714 722 952 766 Καλασσεϊς
981 724 1021 760 et
1050 720 1192 759 concil.
1220 718 1333 758 Actis
1362 717 1500 758 dicun-

72 787 152 823 tur.
207 782 337 822 serior
365 785 480 821 aetas
511 780 674 820 Chonas
709 777 894 827 vocavit,
923 776 1028 816 unde
1052 774 1266 814 Dositheus
1294 773 1503 826 episcopus

73 834 229 875 Χωνῶν
266 837 310 878 in
347 836 524 876 Nicaeno
563 834 736 874 secundo
778 846 816 884 p.
848 833 948 880 5963
986 841 1112 884 quare
1146 841 1357 882 perperam
1400 828 1503 868 idem

70 891 235 944 praesul
271 904 312 944 p.
331 892 415 931 574
452 885 595 928 Ψόνων
631 883 722 939 ἦτοι
752 884 983 925 Κολασσῶν
1023 888 1063 924 et
1098 885 1238 937 p.35⁷
1273 879 1504 926 Ψονοῦντος

76 938 167 999 ἤτοι
206 944 460 984 Κολασσέων
499 944 622 984 audit.
699 942 792 982 vide
828 946 869 980 et
896 941 1099 989 Nioetam,
1132 939 1243 979 cuius
1283 950 1333 978 ea
1369 937 1505 990 patria

75 1001 165 1050 fuit,
189 999 336 1041 Annal.
367 1001 395 1041 1.
426 1000 498 1039 ult.
528 1012 566 1051 p.
581 1000 665 1038 :313
693 1004 732 1036 et
762 1010 802 1049 p.
819 999 900 1046 89,
923 996 991 1036 ubi
1021 991 1184 1044 Χιόνας,
1215 988 1334 1031 πόλιν
1361 990 1507 1030 εὐδαί-

73 1066 182 1104 μονα
209 1051 280 1094 καὶ
305 1049 502 1107 μεγάλην,
530 1050 662 1091 πάλαι
687 1047 762 1098 τὰς
782 1045 1019 1096 Παλασσιὶς
1046 1049 1090 1089 in
1107 1048 1232 1089 Basil.
1262 1048 1355 1088 edit.
1372 1079 1383 1099 ,
1413 1059 1505 1100 per-

74 1122 227 1163 peram.

192 1189 302 1234 lbid.
358 1186 602 1240 Κερετοίπα]
644 1186 917 1239 Κερεταπὲων
943 1186 1051 1226 numi
1079 1185 1184 1238 apud
1201 1184 1445 1225 Harduinum
1473 1188 1514 1224 et

81 1246 347 1288 Vaillantium
398 1245 475 1285 hoc
515 1246 687 1284 firmant.
754 1242 905 1294 corrigi
954 1253 1054 1293 ergo
1096 1241 1243 1281 debent
1282 1241 1513 1280 Theodulus

81 1295 362 1352 Χαιρετάπων
387 1297 460 1350 τῆς
489 1298 677 1349 Φρυγίας
704 1298 808 1349 apud
841 1297 1051 1337 Socratem
1090 1296 1137 1335 Η.
1170 1295 1218 1336 Ε.
1248 1299 1275 1334 2
1293 1298 1358 1343 40,
1381 1295 1516 1334 Phile-

83 1361 227 1409 mque
266 1354 424 1399 πόλεως
465 1349 742 1403 Χαιρετάπων
781 1351 1022 1392 Chalcedon.
1059 1365 1097 1403 p.
1119 1354 1226 1401 674,
1262 1354 1304 1390 et
1341 1350 1516 1390 Michael

84 1404 365 1460 Χαιρετόπων
400 1409 444 1448 in
472 1408 585 1448 Actis
626 1407 791 1447 Nicaeni
829 1406 992 1446 secundi
1030 1406 1171 1446 concil.
1208 1418 1247 1457 p.
1267 1407 1362 1455 356,
1395 1410 1517 1457 atque

85 1465 271 1506 Andreas
301 1463 510 1516 episcopus
531 1457 801 1515 ’Λερυγαπῶν
829 1459 1101 1512 Πακατιανῆς
1131 1461 1174 1500 in
1211 1459 1516 1512 Constantinop.

82 1520 202 1561 tertio
229 1533 268 1572 p.
289 1521 384 1559 6⁷4.

197 1599 306 1644 loia.
367 1596 633 1650 Θεμεσόνιος]
664 1599 722 1640 ita
743 1611 862 1639 manu
900 1598 1059 1640 exarati
1090 1598 1259 1649 codices,
1288 1598 1354 1651 qui
1386 1596 1522 1645 Θεμε..

89 1650 239 1695 admon
263 1655 399 1696 verius
428 1655 668 1706 probassent
698 1654 748 1694 ob
769 1653 982 1695 Strabonis
1003 1654 1227 1694 Pausaniae
1258 1659 1297 1692 et
1326 1652 1523 1704 Stephani

91 1711 360 1751 concordiam.
424 1709 689 1758 Θεμισονέων
719 1721 914 1748 nummum
947 1708 1070 1748 habet
1098 1709 1218 1748 Thes.
1245 1708 1398 1748 Britan.
1429 1713 1524 1746 tom.

92 1770 115 1805 1
145 1778 183 1818 p·
200 1769 293 1806 269.
366 1762 639 1812 Θεμισωνέων
675 1764 812 1814 plures
842 1762 1112 1813 VaillantiuS,
1151 1764 1185 1802 si
1214 1768 1348 1803 tamen
1376 1774 1522 1802 earun-

93 1820 183 1860 dem
211 1819 366 1860 urbium
399 1819 462 1859 illi
490 1818 647 1858 incolae
677 1818 836 1867 fuerint,
866 1830 945 1870 qua
972 1818 1022 1856 de
1049 1829 1095 1857 re
1125 1818 1228 1858 alias
1246 1829 1493 1870 quaeremus.

195 1894 306 1938 lbid.
367 1891 615 1942 Οὗαλεντιά]
655 1894 878 1934 Pantaleon
925 1894 1133 1946 episcopus
1173 1888 1426 1937 Οὕαλεντίας
1456 1893 1527 1932 Ni-

91 1963 218 1993 caeno
263 1951 436 1991 secundo
464 1964 502 2003 p.
523 1952 606 1990 356
638 1949 792 1999 adfuit,
832 1961 1098 2002 perverseque
1135 1963 1174 2001 p.
1189 1952 1271 1988 59³7
1312 1947 1526 1991 Γαλατίας

90 2007 216 2048 fuisse
241 2006 399 2046 dicitur.
458 2005 654 2058 potuisset
682 2004 853 2044 Carolus
889 2016 915 2044 a
942 2005 986 2045 S.
1016 2004 1156 2045 Paullo
1183 2003 1260 2043 hac
1283 2003 1384 2043 urhe
1415 2002 1522 2042 Geo-

85 2062 230 2115 graph.
261 2061 377 2102 Sacr.
406 2061 668 2112 locupletare.

197 2129 321 2174 lbid.-
340 2135 404 2172 12.
472 2125 652 2183 Σαναὸς]
691 2130 749 2170 sic
777 2133 817 2169 et
848 2128 998 2169 Strabo
1029 2132 1083 2168 12
1118 2141 1157 2181 p.
1171 2130 1255 2168 576
1285 2131 1325 2168 et
1353 2126 1522 2168 Chalce-

90 2187 183 2228 don·
217 2187 358 2227 concil.
388 2199 428 2238 p.
449 2188 543 2237 674,
570 2185 637 2226 ubi
666 2184 884 2225 Antiochus
912 2179 1070 2228 πόλεως
1098 2182 1282 2221 Σανααῖν.

199 2256 308 2299 Ῑῠὶἀ.
369 2251 664 2306 Κονιούπολις]
696 2256 838 2298 Conna
870 2259 910 2295 et
938 2255 1043 2307 apud
1066 2255 1347 2302 Ptolemaeum,
1378 2257 1418 2292 et
1447 2251 1526 2293 Co-

90 2312 197 2352 nium
222 2313 329 2352 inter
354 2311 557 2364 Phrygiae
586 2313 706 2352 urbes
734 2312 775 2352 in
813 2310 942 2351 Plinio
970 2313 998 2350 5
1026 2314 1104 2358 32,
1145 2310 1216 2350 sed
1254 2322 1305 2349 ex
1332 2308 1527 2348 Harduini

92 2367 390 2407 emendatione:
432 2371 526 2406 ante
566 2367 741 2408 Iconium
770 2371 870 2407 erat.
928 2365 1146 2418 Situpolis,
1188 2377 1291 2418 quae
1333 2364 1526 2416 sequitur,

90 2423 263 2464 nondum
291 2421 388 2462 alibi
418 2422 540 2461 lecta.

198 2503 307 2546 Ibid.
370 2501 555 2554 Κροῖσος]
595 2504 796 2556 Phrygiae
835 2503 973 2543 urbem
1017 2502 1207 2553 erasum,
1242 2497 1416 2551 Κράσον
1452 2498 1526 2549 τῆς

97 2558 297 2610 Φρυγίας,
325 2560 378 2600 ad
407 2571 524 2611 quam
551 2560 798 2611 Nicephorus
822 2559 1042 2612 imperator
1068 2570 1094 2598 a
1122 2557 1340 2598 Saracenis
1369 2556 1526 2608 praelio

93 2615 217 2655 fuerit
241 2617 384 2666 vietus,
413 2614 681 2667 Theophanes
706 2613 1010 2666 Chronopraph.
1042 2626 1081 2665 p.
1110 2615 1192 2652 406
1218 2613 1350 2652 obiter
1376 2623 1524 2650 memo-

94 2675 172 2712 rat.
229 2682 346 2724 quam
382 2681 478 2711 vero
523 2670 599 2710 huc
628 2670 769 2710 retulit
806 2681 857 2711 ex
899 2669 1056 2710 Galeno
1085 2667 1183 2719 περι·
1218 2679 1339 2719 19qu.
1368 2662 1520 2713 δυνάμ-
