1780 3132
262 181 355 225 270
431 182 613 227 CONST.
646 182 836 222 PORPH.
862 182 933 221 DE
971 181 1099 223 ΑΒΜ.
1139 183 1242 223 IMP.
1268 182 1381 225 CAP.
1427 185 1489 224 53.

263 281 308 320 δὲ
351 282 494 321 ναῦται
534 280 605 319 καί
640 276 831 328 ἐπιβάται
873 279 1132 329 Χερσωνῖται
1170 279 1234 319 ἵνα
1279 277 1552 330 δεσμεύωνται
1591 281 1663 320 καί

138 347 162 379 P
189 346 594 384 157ἑναποκλείωνται
630 342 688 387 εἰς
730 340 776 380 τὰ
807 344 1008 395 ἐργαλεῖα,
1035 338 1111 382 εἶθ’
1141 338 1270 388 οὕτως
1298 344 1532 396 ὀφείλουσιν
1562 339 1661 383 cino-

260 410 454 460 σταλῆναι
482 411 589 459 τρεῖς
615 407 828 458 βασιλικοί,
855 400 914 453 εἷς
939 408 1015 455 μὲν
1042 407 1084 446 ἑν
1111 407 1158 460 τῇ
1186 408 1363 462 παραλίᾳ
1389 409 1460 447 τοῦ
1485 409 1661 458 θέματος

259 475 341 512 τῶν
369 470 655 522 Ἀρμενιακῶν,
684 467 818 521 ἕτερος
846 469 892 509 δὲ
920 470 963 509 ἐν
989 471 1040 524 τῇ
1067 471 1245 523 παραλίᾳ
1273 471 1346 509 τοῦ
1370 472 1547 521 θὲματος
1563 475 1660 512 Πα-

260 536 493 589 φλαγονίας,
523 535 594 573 καί
629 528 748 579 ἄλλος
777 533 820 573 ἐν
847 534 898 587 τῇ
925 537 1105 589 παραλίᾳ
1143 534 1216 573 τοῦ
1241 535 1416 584 θέματος
1443 536 1522 575 τῶν
1547 539 1690 576 Βου-5

258 599 495 650 κελλαρίων,
524 595 591 636 ἵνα
619 595 749 637 πάντα
776 596 828 637 τὰ
855 595 1136 648 Χερσωνιτικιὶ
1163 595 1342 649 καράβια
1372 600 1564 652 κρατῶσι,
1593 600 1663 639 καί

258 662 330 703 τὸν
358 662 435 712 μὲν
465 661 591 714 γόμον
618 658 690 700 καὶ
713 658 762 700 τὰ
792 661 972 713 καράβια
1001 660 1279 713 εἰσκομίζωσι,
1310 660 1405 708 τούς
1431 662 1662 716 δὲανθρώ-

257 740 358 772 πους
387 723 613 776 δεσμεύωσι
640 723 710 766 καί
729 723 1037 768 ε’ναποκλεάυσιν
1060 726 1117 773 εἷς
1140 727 1357 779 δημοσίους
1377 724 1575 780 φυλακάς,
1595 727 1665 766 καὶ

259 789 492 842 ἀναγάγωσι
539 791 632 843 περὶ
669 787 823 830 τούτων
859 788 929 829 καί
953 786 1008 837 ὦς
1050 784 1099 830 ἂν
1125 791 1326 839 δέξωνται.
1382 789 1485 843 πρὸς
1506 789 1663 837 τούτοις

255 854 323 894 ἳνα
351 851 387 893 οἱ
412 853 588 893 τοιοῦτοι
627 851 834 904 βασιλικοί
861 850 1049 893 κωλύωσι
1087 852 1159 893 καί
1183 852 1234 893 τοὶ
1262 852 1563 907 Παφλαγονικά
1593 852 1664 894 καί
1676 859 1716 892 10

256 915 561 969 Βουκελλαρικὰ
591 920 712 957 πλοῖα
739 918 811 957 καί
845 915 1052 969 πλαγιτικὰ
1093 918 1162 958 τοῦ
1191 915 1355 958 Πόντου
1383 919 1456 957 τοῦ
1483 915 1541 971 μὴ
1572 918 1663 958 δια-

257 981 385 1032 περᾶν
412 981 455 1020 ἐν
484 981 675 1033 Χερσῶνι
711 979 814 1030 μετὰ
842 981 956 1021 σι’του
994 979 1021 1033 ἢ
1047 980 1155 1021 οἴνου
1185 978 1210 1033 ἢ
1236 982 1323 1028 οἵας
1350 979 1496 1033 δήποτε
1520 982 1664 1032 χρείας

256 1040 283 1097 ἢ
308 1042 552 1098 πράγματος.
607 1041 686 1084 εἶθ’
715 1042 846 1092 οὕτως
876 1045 1034 1098 ὀφείλει
1073 1047 1270 1094 δέξασθαι
1296 1044 1365 1085 καί
1390 1042 1411 1084 ὅ
1439 1043 1664 1098 στρατηγὸς

254 1111 329 1149 τοῦ
355 1109 486 1160 κόψαι
514 1110 584 1149 καί
610 1107 683 1157 τοὶς
709 1110 807 1148 δέκα
835 1110 975 1160 λίτρας
993 1109 1067 1155 τὰς
1095 1110 1307 1160 διδομένας
1335 1107 1414 1149 «ind
1443 1111 1514 1149 τοῦ
1539 1109 1664 1161 δημο-

254 1171 346 1213 σίου
375 1175 433 1220 εἰς
460 1171 503 1213 τὸ
530 1172 703 1226 κάστρον
729 1174 948 1226 Χερσιὸνος
991 1174 1062 1213 καί
1086 1171 1158 1219 τὰς
1196 1171 1268 1213 δύο
1297 1175 1373 1214 τοῦ
1397 1171 1565 1223 πάκτου,
1595 1174 1717 1215 καί15
1750 1168 1753 1171 “

253 1238 470 1289 τηνικαῦτα
509 1233 780 1290 ἀναχωρῆσαι
824 1235 902 1276 αήὁ
941 1238 1159 1288 Χερσαῖνος
1205 1235 1275 1277 τὸν
1320 1236 1567 1290 στρατηγόν,
1595 1238 1666 1277 καί

254 1302 448 1340 «inemec»
475 1302 516 1340 ἑν
547 1297 672 1355 ἑτέρῳ
699 1297 873 1354 κάστρῳ,
903 1299 974 1340 καί
999 1302 1251 1353 καθεσθῆναι
1283 1302 1422 1341 ἐκεῖσε.

350 1361 440 1404 Ὅτι
484 1363 558 1404 ἐὰν
585 1363 635 1403 οὐ
675 1363 967 1412 ταξιδεύσωσιν
1005 1362 1043 1404 οἱ
1071 1367 1330 1416 Χερσωνῖται
1357 1366 1416 1412 εἰς
1437 1363 1667 1415 Ῥωμανίαν

254 1426 323 1468 καί
346 1425 606 1482 πιπράσκωσι
644 1426 692 1468 τοὶ
730 1427 939 1480 βυρσοίρια
968 1430 1039 1468 καί
1063 1427 1110 1469 τά
1142 1428 1287 1482 κηρία,
1323 1425 1426 1482 ἅπερ
1465 1425 1544 1470 ἀπὸ
1584 1428 1665 1469 τῶν

254 1493 569 1542 Πατζινακιτῶν
598 1491 964 1545 πραγματεύονται,
992 1491 1042 1531 ού
1074 1491 1265 1533 δύνανται
1295 1495 1428 1546 ζῆσαι.
1674 1501 1718 1536 20

352 1553 441 1597 Ὅτι
467 1554 540 1598 ἐὰν
558 1554 614 1608 μὴ
643 1555 720 1595 α’πὸ
750 1556 947 1606 Ἀμινσοῦ
973 1557 1042 1597 καί
1064 1554 1144 1596 α’πό
1171 1560 1472 1612 Παφλαγονίας
1489 1559 1560 1598 καί
1583 1557 1665 1598 ταῖν

255 1623 565 1673 Βουκελλαρίων
594 1619 663 1661 καί
688 1619 765 1660 α’πό
806 1623 887 1660 τῶν
924 1621 1104 1672 πλαγίων
1130 1622 1207 1661 τῶν
1234 1622 1508 1674 Ἀρμενιακῶν
1537 1619 1663 1673 περά-

254 1700 359 1726 σωσι
388 1683 630 1737 γεννήματα,
660 1683 707 1723 ού
737 1681 932 1724 δύνανται
969 1686 1088 1738 ζῆσαι
1114 1683 1151 1725 οἱ
1183 1687 1452 1738 Χερσωνῖται.
1684 1681 1685 1684 “

347 1791 370 1824 9
394 1792 565 1831 δέξωνται
588 1793 611 1824 Β
638 1793 739 1835 vulgo
766 1792 943 1831 δόξωνται

258 1897 313 1924 tae
347 1902 428 1923 vero
456 1897 680 1935 vectoresque
706 1892 930 1923 Chersonitae
958 1892 993 1924 in
1018 1903 1187 1924 carcerem
1221 1898 1256 1926 et
1287 1893 1324 1925 in
1355 1893 1491 1926 vincula
1527 1894 1663 1934 coniici,

256 1944 363 1982 atque
392 1936 474 1969 inde
502 1943 570 1969 tres
594 1938 789 1969 Caesariani
814 1938 965 1980 ablegari
992 1937 1134 1975 debent,
1159 1949 1247 1971 unus
1273 1949 1389 1971 versus
1416 1950 1507 1971 oram
1530 1941 1664 1972 mariti-

256 1994 347 2015 mam
372 1982 532 2015 thematis
561 1984 857 2023 Armeniacorum,
887 1984 975 2014 alter
1002 1994 1116 2016 versus
1151 1983 1415 2028 Paphlagoniae,
1439 1985 1562 2017 tertius
1586 1997 1665 2017 ver-

256 2041 313 2061 sus
339 2028 629 2061 Buccellariorum
645 2052 654 2065 ‚
693 2029 755 2073 qui
782 2028 1021 2061 Chersonitica
1057 2029 1194 2062 carabia
1218 2031 1332 2063 omnia
1357 2030 1664 2073 comprehendant,

257 2080 294 2106 et
319 2085 359 2106 ea
383 2074 524 2119 quidem
558 2074 661 2106 simul
684 2085 760 2106 cum
793 2074 958 2107 oneribus
982 2074 1018 2106 in
1044 2074 1161 2106 urbem
1188 2074 1373 2114 adducant,
1397 2075 1556 2108 homines
1579 2087 1662 2108 vero

256 2121 391 2152 vinctos
416 2121 452 2151 in
477 2119 628 2163 publicis
652 2120 843 2153 carceribus
867 2119 1096 2159 concludant,
1124 2131 1165 2152 ac
1189 2120 1232 2152 de
1259 2122 1321 2160 iis,
1348 2126 1384 2153 et
1407 2121 1581 2165 quomodo
1605 2132 1663 2154 ce-

257 2166 397 2209 perint,
424 2166 582 2198 referant.
645 2171 825 2208 praeterea
859 2164 1027 2209 praedicti
1066 2165 1263 2198 Caesariani
1290 2165 1499 2210 prohibeant
1530 2178 1575 2199 ne
1599 2169 1663 2199 Pa-

257 2208 486 2255 phlagonicae
515 2210 764 2243 Buccellaricae
800 2222 840 2243 ac
865 2212 1024 2243 Ponticae
1050 2222 1154 2243 naves
1189 2212 1225 2243 in
1253 2212 1463 2245 Chersonem
1490 2213 1665 2245 traiiciant

258 2268 333 2288 cnm
362 2257 536 2289 frumento
554 2257 636 2289 vino
660 2262 721 2288 aut
738 2257 814 2289 aliis
840 2256 991 2301 denique
1006 2257 1106 2289 rebus
1138 2258 1346 2290 necessariis.
1387 2257 1515 2290 deinde
1532 2259 1663 2290 rescin-

259 2301 322 2334 det
347 2313 488 2346 quoque
511 2308 651 2347 praetor
672 2302 791 2335 decem
817 2302 922 2334 libras
949 2312 1038 2346 quae
1062 2313 1080 2334 e
1097 2302 1189 2334 ‘fisco
1218 2303 1430 2336 Chersonitis
1452 2303 1664 2348 penduntur,

259 2353 297 2379 et
320 2347 405 2379 alias
433 2347 518 2380 duas
551 2359 641 2392 quae
669 2359 711 2380 ex
745 2354 846 2392 pacto
872 2348 1017 2387 dantur,
1041 2353 1075 2380 et
1100 2354 1182 2380 tunc
1208 2348 1384 2382 Chersone
1422 2349 1603 2382 discedens
1626 2349 1664 2382 in

259 2393 362 2425 aliam
387 2404 422 2424 se
447 2393 568 2426 urbem
593 2393 748 2427 conferet
772 2394 914 2438 illicque
938 2393 1218 2426 commorabitur.

349 2438 575 2472 Chersonitae
613 2439 726 2478 enim,
753 2440 821 2471 nisi
855 2439 892 2471 in
917 2440 1080 2471 Romania
1111 2439 1284 2483 praesidia
1309 2445 1413 2482 agant
1437 2440 1600 2484 coriaque
1624 2450 1664 2471 ae

259 2495 371 2516 ceram
395 2485 561 2524 vendant,
584 2496 731 2529 quorum
757 2486 960 2517 commercia
985 2495 1061 2516 cum
1084 2486 1301 2518 Patzinacitis
1323 2485 1476 2518 habent:

346 2531 433 2562 Item
472 2531 541 2563 nisi
565 2531 608 2562 ab
631 2531 772 2563 Aminso
801 2530 1032 2574 Paphlagonia
1068 2531 1307 2568 Bucceliariis,
1340 2537 1446 2575 atque
1469 2530 1512 2563 ab
1537 2530 1576 2562 iis
1602 2530 1664 2574 qui

261 2575 471 2608 Armeniacis
497 2575 680 2617 obiacent,
709 2582 937 2609 commeatum
964 2575 1148 2617 advehant,
1174 2578 1276 2609 vitam
1302 2577 1450 2609 tolerare
1473 2582 1662 2619 nequeunt.
