1780 3132
270 156 364 204 468
794 165 1143 204 VVESSELINGH

375 277 469 324 395,
497 276 537 315 5.
592 271 738 322 κλῆρος
772 271 942 324 Ὀρίνης]
981 274 1071 325 lege
1107 271 1276 324 ὀρεινῆς.
1346 272 1516 324 intelligi
1554 273 1672 312 credo

272 330 486 381 Phrygiam
522 327 751 367 Paroreiam
789 327 873 365 sive
911 333 1157 378 montanam,
1194 327 1243 366 de
1273 338 1350 379 qua
1379 327 1525 367 Strabo
1555 331 1608 365 12
1634 339 1678 377 μ,

272 387 372 423 5773
417 380 440 431 ἧ
470 381 546 429 μὲν
590 374 662 417 οὖν
690 377 882 429 παρωρία
911 377 1072 431 ὀρεινήν
1098 392 1187 418 τινα
1223 376 1310 429 ἔχει
1336 377 1471 431 ῥᾶχιν,
1493 375 1572 416 αἠὁ
1604 379 1675 428 τῆς

269 434 467 484 ἀνατολῆς
510 433 789 484 ἐκτεινομένην
831 432 900 471 ἐπὶ
934 428 1062 471 δύσιν.
1129 432 1294 484 Κλῆρος
1334 432 1476 473 dicitur
1502 433 1675 473 solemni

270 502 401 538 more,
443 500 519 540 quo
561 499 642 528 vox
682 487 731 527 de
759 487 873 539 agris
915 491 1023 527 sorte
1052 487 1191 527 divisis
1221 491 1260 526 et
1284 487 1374 526 dein
1401 488 1451 526 de
1474 486 1564 525 aliis
1590 487 1676 538 qui-a

270 543 403 583 busvis
433 545 685 592 usurpatur..
715 541 806 580 vide
839 540 900 580 01.
931 541 1130 581 Dukerum
1163 541 1203 581 in
1234 540 1504 590 Thucydidem
1535 543 1563 580 3
1608 541 1675 589 50,

269 602 308 636 et
335 608 432 649 qnos
454 596 522 635 ille
539 595 769 647 appellavit.

375 663 483 706 lbid.
539 662 685 714 κλῆρος
712 662 958 716 Πολιτικῆς]
1002 664 1059 703 sic
1086 675 1165 703 mss
1193 664 1335 713 edere,
1362 663 1580 703 liolsteinio
1606 674 1675 702 ac-

273 720 482 766 credimus,
510 717 584 756 etsi
616 729 718 769 quae
736 718 934 770 Phrygiae
962 730 1056 770 pars
1085 719 1150 767 sit,
1179 717 1220 757 in
1249 718 1414 757 obscuro
1442 720 1612 756 maneat.
1642 716 1677 755 si

268 773 505 813 coniecturis
532 772 574 811 in
601 783 646 810 re
676 771 830 811 incerta
858 771 1064 824 indulgere
1092 771 1235 817 liceat,
1264 772 1430 811 dixerim
1458 782 1526 810 eos
1550 770 1677 818 Phry-

269 829 361 880 giae
383 839 507 879 agros
535 825 688 879 signari
708 825 773 877 qui
793 825 880 864 usui
906 826 1062 876 publico
1081 825 1321 876 reipublicae
1350 824 1587 874 serviebant,
1614 827 1676 863 at-

269 894 344 934 que
391 893 458 919 eos
498 880 539 919 in
581 879 718 932 primis
754 879 796 918 in
825 879 964 931 quibus
1003 890 1150 930 greges
1191 879 1405 918 dominicos
1446 879 1675 930 pascebant.

268 936 391 975 fuisse
421 935 461 974 in
490 934 668 986 Phrygia
706 933 965 984 imperatores
993 932 1294 973 Valentinianus
1333 936 1372 971 et
1395 932 1543 971 Valens
1568 932 1595 970 l.
1624 934 1678 970 19

270 1002 304 1030 c.
337 989 416 1028 Th.
445 988 494 1027 de
510 986 766 1027 Praetoribus
794 987 1066 1034 testabuntur3
1095 989 1216 1026 satos
1244 985 1295 1026 de
1308 984 1527 1038 Phryyiae,
1556 984 1678 1032 aiunt,

266 1041 465 1095 yreyibus
496 1045 549 1081 20
575 1044 756 1094 quatuor
785 1052 808 1079 e
838 1051 915 1080 uos
932 1071 943 1091 ‚
985 1038 1267 1092 subiuyandos
1309 1040 1527 1093 quadrigis
1541 1069 1552 1088 ,
1595 1037 1676 1078 boc

269 1101 350 1146 est,
389 1094 516 1136 simul
553 1099 650 1135 octo
666 1125 676 1144 ‚
723 1093 804 1134 duo
833 1105 884 1134 us
925 1096 1205 1134 maa-imarum
1242 1093 1468 1134 editionum
1504 1094 1677 1145 praeto·
1741 1132 1743 1136 ,

268 1150 390 1192 ribus
418 1150 515 1190 dari
543 1151 773 1190 sancimus.
803 1148 922 1188 simili
949 1149 1121 1188 fortasse
1152 1159 1203 1187 ex
1232 1159 1374 1188 caussa
1400 1146 1512 1200 regio
1523 1145 1679 1198 Aphro-

269 1206 392 1245 disias
436 1207 556 1244 antea
600 1203 767 1242 Politice
806 1204 938 1253 Orgas
989 1202 1063 1241 suit
1112 1201 1314 1253 appellata
1363 1202 1468 1253 apud
1510 1199 1678 1239 Plinium

268 1259 390 1366 1313}ss
413 1260 547 1352 120&
604 1257 654 1296 de
682 1257 899 1298 Debalacia
936 1256 1035 1296 nihil
1071 1255 1198 1296 habeo
1226 1266 1396 1307 monere,
1423 1258 1559 1308 utpote
1585 1265 1680 1296 nus·

375 1380 487 1423 lbid.
552 1379 737 1428 Λυσιάς]
776 1384 870 1420 nota
911 1392 932 1418 e
976 1378 1176 1419 Strabone
1214 1377 1342 1417 Plinio
1382 1380 1423 1417 et
1455 1377 1680 1418 Ptolemaeo

269 1436 378 1485 urbs,
407 1435 515 1475 cuius
552 1435 659 1474 numi
696 1431 948 1473 Λυσιαδέων
986 1445 1128 1473 nomen
1165 1434 1408 1485 praeferunt.
1476 1430 1679 1483 Philippus

268 1489 452 1540 Lysiadis
480 1494 540 1528 est
568 1489 610 1528 in
643 1487 830 1528 chalced.
858 1500 896 1539 p.
915 1489 1009 1526 646.

377 1557 485 1599 Ibid.
541 1554 748 1607 Σύνναδα]
793 1557 897 1597 hanc
929 1556 1158 1608 provinciae
1197 1554 1434 1607 metropolin
1473 1553 1679 1594 concilim

272 1613 596 1653 chalcedonense
621 1625 660 1664 p.
675 1615 758 1652 673
784 1610 973 1662 imponit3
1008 1611 1110 1649 unde
1138 1609 1388 1658 synodorum
1414 1608 1679 1660 metropolita,

271 1678 504 1719 quamquam
532 1678 612 1705 non
640 1665 726 1704 sine
754 1665 853 1705 vitio
898 1665 925 1704 l.
955 1666 1009 1703 24
1035 1664 1134 1703 Hist.
1164 1663 1331 1702 Miscell.
1362 1662 1520 1702 'rabula
1544 1665 1599 1702 32
1624 1662 1678 1701 Μ.

269 1722 315 1760 Ρ.
343 1720 527 1760 Docimeo
557 1722 743 1759 semovet.
800 1718 891 1758 vide
913 1718 1047 1758 Vales.
1072 1718 1112 1756 in
1140 1717 1297 1757 Socrat.
1329 1717 1375 1756 fl.
1405 1716 1451 1756 Ε.
1477 1719 1503 1755 7
1530 1719 1573 1756 3.

357 1789 484 1831 Ihm.
512 1794 551 1830 6.
608 1785 876 1840 Πρὺμνησος]
907 1788 1139 1836 Prymnesia
1167 1787 1391 1826 Ptolemaeo
1427 1789 1466 1824 et
1494 1784 1680 1825 Chalced-

271 1845 413 1884 concil.
451 1857 490 1896 p.
509 1847 602 1883 673.
670 1843 794 1895 vulgo
837 1842 992 1894 quidem
1030 1836 1309 1890 Πρυμνιοίσση
1350 1841 1404 1879 ibi
1446 1840 1683 1891 appellatur,

270 1897 702 2004 ῗίειὶἰιῃνὲῐιέιέιὸῐιειιίηιιε
741 1897 939 1948 interpres
977 1895 1179 1944 servavit,
1207 1898 1247 1933 et
1274 1894 1572 1945 Constantinop.
1601 1896 1684 1932 ter-

380 2020 488 2061 Ibid.
533 2014 664 2069 Ἴψος]
698 2019 836 2059 urbem
865 2018 1109 2068 nobilitavit,
1145 2017 1247 2069 quod
1286 2028 1411 2069 prope
1439 2027 1526 2056 eam
1555 2015 1682 2068 depu-

271 2079 436 2127 gnatum
467 2079 540 2125 est,
567 2074 823 2114 memorabile
849 2074 1063 2125 praelium,
1092 2085 1167 2124 quo
1198 2071 1421 2123 Antigonus
1449 2083 1474 2110 a
1499 2070 1682 2110 coniura-

270 2131 322 2169 tis
352 2129 518 2169 ducibus
552 2129 680 2168 victus
719 2132 838 2179 atque
876 2127 1108 2166 interfectus
1145 2129 1205 2164 est
1231 2126 1335 2176 apud
1363 2124 1615 2164 Plutarchum
1643 2123 1684 2163 in

271 2184 426 2232 Pyrrho
455 2196 493 2235 p.
513 2180 606 2223 384.
650 2175 788 2231 ’Ἀψος
815 2193 1024 2233 perperam
1050 2181 1224 2220 Nicaeno
1252 2179 1422 2219 secundo
1453 2191 1490 2230 p.
1511 2181 1603 2217 161.

379 2252 486 2294 Ibid.
557 2246 828 2300 Πολύγωτος]
881 2247 1122 2299 Πολύβοτος
1167 2252 1412 2301 oportuerat.
1487 2247 1686 2300 Georgius

273 2308 483 2358 presbyter
508 2302 664 2350 πόλεως
702 2300 952 2354 Πολυβοίτου
983 2308 1043 2343 est
1069 2304 1110 2343 in
1136 2305 1309 2344 Nicaeno
1339 2302 1510 2342 secundo
1538 2315 1576 2355 p.
1592 2305 1685 2352 358,

273 2362 364 2401 hinc
387 2360 654 2412 refingendus.
709 2358 803 2398 vide
826 2358 1042 2398 Cellarium
1070 2358 1119 2398 G.
1148 2358 1195 2398 A.
1225 2361 1253 2398 3
1279 2360 1305 2397 4
1333 2369 1372 2409 p.
1387 2360 1477 2397 168.

380 2423 487 2465 Ibid.
543 2419 761 2475 Δοκίμιον]
792 2423 942 2462 addunt
969 2422 1292 2462 Schelstratenus
1321 2425 1361 2461 et
1374 2420 1595 2461 Bandurius
1609 2433 1685 2469 μη-

273 2474 500 2526 τροπόλεως
529 2478 711 2526 titulum;
742 2489 819 2529 quo
849 2480 1029 2516 ornatum
1058 2489 1227 2529 unquam
1254 2476 1375 2515 fuisse
1403 2475 1587 2526 exiguum
1615 2486 1684 2524 op-

274 2532 407 2584 pidum
445 2536 485 2570 et
524 2532 611 2571 solo
649 2543 847 2571 marmore
885 2531 1018 2571 nobile
1058 2531 1163 2570 haud
1192 2534 1360 2570 constat.
1416 2529 1549 2568 verius
1575 2539 1685 2566 suum

275 2586 351 2626 sibi
379 2587 508 2625 locum
537 2580 805 2635 Μητρόπολις
835 2585 876 2624 in
905 2584 1081 2636 principe
1121 2584 1290 2623 editione
1318 2583 1541 2634 occupavit:
1571 2581 1686 2621 binas

277 2641 379 2680 enim
411 2652 457 2680 eo
486 2638 642 2686 nomine
670 2638 710 2678 in
740 2639 917 2692 Phrygia
945 2639 1067 2679 fuisse
1096 2638 1337 2691 eStephano
1364 2636 1555 2684 novimus,
1585 2646 1685 2686 quo-
