1780 3132
347 122 402 163 ΙΝ
442 118 806 164 SYNECDEMUM
848 121 1288 163 COMMENTARIUS.
1342 171 1343 174 Ἴ
1451 116 1544 161 503

108 234 267 285 zianzi;
315 235 421 288 quod
459 236 596 290 utique
633 236 858 277 mirandum
900 237 1030 285 foret,
1068 235 1103 276 si
1148 235 1338 277 diversae
1365 233 1547 275 fuissent.

108 291 276 332 necdum
306 295 442 332 tamen
480 292 543 332 his
572 304 738 333 moveor
781 297 826 332 ut
862 305 949 332 cum
978 291 1199 332 Cardinale
1235 290 1352 344 paria
1382 290 1549 330 faciam:

109 346 251 387 ultima
295 347 397 386 enim
439 347 547 388 ratio
582 347 686 387 levis
716 352 800 397 est,
843 347 1038 400 siquidem
1066 347 1204 399 plures
1232 346 1365 392 urbes,
1395 345 1552 385 nobiles

107 401 217 450 olim,
245 401 288 442 in
315 403 479 442 Notitiis
518 406 559 442 et
596 402 777 442 conciliis
814 403 965 442 nullum
1011 402 1089 442 sibi
1133 402 1359 454 episcopum
1389 400 1551 450 habent,

109 468 239 510 neque
267 457 368 497 adeo
398 458 448 497 de
473 458 744 498 Diocaesarea
773 457 1022 505 mirabimur,
1052 469 1154 510 quae
1182 468 1313 509 parva
1341 456 1553 496 admodum

114 516 216 558 erat,
245 512 447 565 Gregorio
475 525 607 553 carm.
627 516 683 554 32
711 512 753 552 in
784 512 978 552 Anecdot.
1010 512 1155 553 Graec.
1184 511 1398 552 Muraton'i
1420 515 1551 552 teste.

109 561 264 605 τυτθὸν
310 566 387 616 μὲν
425 565 693 619 πτολίεθοον,
732 564 839 630 timp
864 563 1012 605 πολὺν
1049 565 1177 618 ἀνέρα
1218 566 1330 606 δῶκα
1370 562 1554 617 βήμασιν

113 618 307 673 ιθυδίκης
338 617 363 672 ἦ
389 621 719 672 Διοκαισαρέων,
743 615 1033 673 Ἀμφίλοχον·
1062 624 1196 664 altera
1223 623 1444 675 speciosior
1470 625 1552 663 est·

113 676 188 717 sed
214 689 303 717 cum
331 676 502 718 Arianzi
531 677 756 730 Gregorius
784 677 907 717 fuerit
935 682 1067 727 natus,
1100 678 1219 732 idque
1248 677 1457 731 praedium
1485 689 1553 718 ae-

110 744 188 785 que
214 732 425 773 Nazianzo
455 745 505 772 ac
522 733 818 773 Diocaesareae
839 733 961 773 fuerit
988 733 1172 784 vicinum,
1202 733 1289 773 fieri
1318 733 1453 786 utique
1483 746 1554 784 po-

110 786 187 827 tuit
213 792 259 828 ιιι
286 787 594 839 Diocaesareae‚
625 794 839 841 antequam
867 792 986 841 pater
1002 789 1212 829 Nazianzo
1242 788 1453 841 episcopus
1482 789 1555 827 ‹la-

109 846 237 893 retur,
264 843 499 884 nutriretur.
573 843 707 884 vicina
746 848 879 883 autem
910 844 1060 896 oppida
1089 844 1214 884 fuisse
1243 856 1295 884 ex
1326 845 1555 883 Ptolemaeo

109 898 140 937 5
163 901 192 938 6
217 897 439 952 colligitur,
467 898 536 939 ubi
565 899 768 939 artissime
787 898 1096 940 Diocaesaream
1126 904 1166 939 et
1186 900 1433 939 Neanessum
1454 898 1555 948 sive,

111 957 157 992 ut
182 965 257 1003 ms,
287 954 522 1005 Nanessum,
550 966 669 1007 quam
686 954 937 995 Nazianzum
968 967 1057 995 esse
1079 955 1228 995 dehere
1254 954 1351 995 mihi
1383 966 1554 1006 persua-

111 1007 202 1060 deo,
233 1008 377 1062 iungit.
449 1009 500 1049 ad
529 1008 627 1062 hoc,
669 1009 771 1050 nihil
801 1009 1028 1062 Gregorius
1056 1022 1117 1062 ep.
1137 1013 1211 1060 49,
1246 1022 1326 1063 qua
1355 1022 1430 1062 pro
1459 1009 1557 1049 Dio·
1605 1054 1608 1057 Δ

111 1064 435 1105 caesariensibus
467 1065 720 1117 depreeatur,
749 1065 799 1105 de
816 1069 933 1117 patre
963 1078 1035 1105 suo
1064 1070 1267 1113 matreve;
1300 1065 1404 1118 quod
1431 1077 1558 1116 argu·

110 1122 284 1160 mentum
315 1119 566 1173 aptissimum
594 1121 728 1160 fuerat
759 1121 811 1161 ad
842 1120 946 1160 iram
976 1120 1150 1173 Olympii
1180 1120 1453 1160 molliendam.
1499 1119 1558 1160 ai*-

114 1179 332 1226 praeterea
376 1187 421 1215 se
446 1175 742 1217 Diocaesareae
781 1175 856 1215 deo
890 1177 1078 1228 templum
1119 1176 1320 1216 excitasse
1331 1190 1345 1224 3,
1380 1175 1485 1228 quod
1523 1175 1559 1215 si

112 1229 251 1271 eadem
269 1243 318 1271 ac
330 1230 564 1271 Nazianzus
584 1233 712 1282 foret,
729 1244 754 1272 a
775 1243 874 1271 vero
893 1231 1119 1271 discederet
1137 1245 1146 1271 :
1176 1228 1382 1272 basilicam
1412 1229 1559 1283 quippe

112 1285 207 1326 miri
235 1286 371 1339 operis
400 1290 518 1339 pater
543 1287 627 1327 eius
655 1286 855 1328 Nazianzi
882 1286 1097 1337 exstruxit,
1126 1290 1171 1326 ut
1194 1290 1299 1328 orat.
1332 1290 1387 1326 19
1414 1299 1453 1339 Ρ.
1475 1289 1559 1326 :313

111 1340 311 1382 docemur.
345 1341 394 1381 de
422 1341 594 1382 Sasimis
621 1343 711 1383 ltin.
742 1342 889 1382 Anton.
922 1355 961 1395 Ρ
982 1345 1074 1383 144.

220 1400 315 1445 396,
346 1399 412 1437 28.
470 1394 712 1450 Παονασὸς]
754 1398 906 1451 gentile
935 1397 1053 1438 huius
1083 1390 1394 1448 Παρνασσηνὸς
1423 1399 1484 1435 est
1514 1394 1557 1435 in

113 1450 254 1492 Basilii
283 1452 396 1504 epist.
427 1455 521 1493 239.
580 1453 672 1492 vide
702 1453 793 1494 ltin.
824 1454 871 1493 Η.
899 1466 938 1505 Ρ.
959 1455 1057 1493 576.

221 1505 329 1548 [bid.
358 1511 425 1548 29.
491 1504 758 1570 Ῥεγεδόαρα]
797 1509 909 1549 vicus
955 1509 1051 1549 olim
1081 1513 1191 1560 erat,
1231 1508 1338 1548 unde
1379 1506 1556 1547 Basilius

110 1561 229 1615 epist
249 1566 332 1604 239
367 1561 411 1601 ἒν
445 1558 628 1613 Δοάροις
664 1563 717 1617 τῇ
743 1559 873 1617 κώμῃ.
939 1564 1045 1605 idem
1085 1564 1315 1616 episcopum
1338 1562 1401 1602 illi
1431 1562 1556 1614 impo-

109 1617 221 1669 suit,
250 1630 330 1672 qua
353 1619 564 1659 occasione
591 1618 818 1672 Gregorius
845 1620 1134 1660 Nazianzenus
1165 1620 1389 1660 orationem
1406 1621 1461 1658 30
1490 1629 1556 1660 re-

109 1673 268 1724 citavit,
294 1673 352 1713 uti
379 1673 432 1714 ad
461 1686 548 1714 eam
565 1652 702 1715 EliasD
699 1674 906 1715 Cretensis
933 1674 1234 1715 animadvertit.
1292 1686 1366 1713 nec
1392 1673 1555 1712 vincere

109 1731 246 1769 tamen
270 1728 447 1769 Basilius
477 1729 607 1781 potuit
647 1735 692 1770 ut
726 1731 881 1784 primae
911 1729 1194 1783 Cappadociae
1234 1729 1442 1780 adscripta
1470 1739 1556 1766 ma-

109 1787 238 1832 neret,
268 1783 304 1824 si
331 1783 489 1837 quidem
517 1785 726 1834 Tyauensi
762 1785 950 1839 deinceps
978 1785 1140 1826 subdita
1168 1783 1267 1835 fuit,
1301 1788 1346 1823 ιιι
1372 1794 1468 1823 mox
1494 1781 1557 1821 vi-

112 1815 287 1881 debitur.

219 1892 331 1936 1ῠὶιί
381 1889 742 1948 Ῥεγεκουκουσός]
789 1896 949 1937 οιιιιιίιιο
983 1891 1282 1945 Ῥεγειιωκισὸς
1310 1893 1398 1933 sive
1418 1888 1556 1940 &Psya

109 1947 313 1999 μουκισὸς
349 1949 434 2002 legi
467 1954 651 2014 oportet.
688 1963 780 1991 uam
821 1956 863 1992 et
893 1951 1182 1992 Constantinus
1222 1947 1499 2001 imperatorl.
1531 1949 1554 1985 1
1613 1968 1616 1972 ι

109 2004 252 2045 Them.
265 2009 293 2045 2
326 2001 529 2044 Μωκισὸν
558 2005 652 2045 hinc
679 2005 815 2058 habet,
844 2012 886 2047 et
913 2007 1091 2047 Cucusus
1113 2004 1328 2044 Armeniae
1354 2001 1555 2043 secundae

109 2060 200 2102 fuit.
257 2060 478 2113 Procopius
495 2061 615 2101 Fabr
635 2061 730 2102 lust.
759 2064 788 2102 5
819 2065 845 2102 4
876 2061 1088 2102 castellum
1108 2059 1403 2112 Cappadociae,
1433 2057 1556 2121 plano

111 2116 202 2156 solo
229 2116 360 2166 situm,
388 2115 458 2167 ait,
487 2120 607 2169 atque
635 2116 687 2157 ab
716 2117 939 2157 Iustiniano
967 2117 1257 2156 instauratum:
1287 2113 1336 2164 ἠν
1364 2112 1411 2151 δέ
1438 2124 1476 2148 τι
1511 2109 1555 2148 ἐν

109 2169 423 2215 Καππαδόκαις
450 2170 682 2223 φρούοιον,
722 2168 939 2223 Μωκησός
968 2182 1111 2220 ονομα,
1144 2169 1188 2207 ἐν
1215 2168 1292 2218 μὲν
1322 2167 1380 2222 τῷ
1409 2163 1565 2214 ὃμαλει

109 2223 309 2274 κείμενον.
378 2238 453 2266 nec
490 2227 670 2267 restituit
707 2231 864 2267 tantum
904 2227 1137 2289 imperator,
1176 2225 1245 2264 sed
1293 2237 1366 2264 suo
1396 2221 1556 2262 nomine

110 2280 277 2333 urbem,
302 2281 451 2322 tertiae
489 2282 772 2334 Cappadociae
812 2282 1053 2334 metropolin
1091 2280 1330 2332 impositam,
1357 2279 1557 2318 illustrem

110 2347 200 2375 esse
230 2336 359 2377 iussit.
416 2336 510 2376 hinc
540 2336 688 2377 Collat.
718 2339 747 2376 5
788 2336 930 2376 concil.
962 2336 1268 2387 constantinop.
1307 2346 1386 2374 sec.
1424 2336 1556 2384 p-96:

110 2392 158 2431 in
186 2390 266 2432 illo
293 2396 435 2433 autem
475 2395 666 2444 tempore
694 2390 773 2432 sub
808 2390 1022 2444 Ίξψιηεηεὶ
1062 2392 1241 2432 civitate
1270 2393 1369 2430 erat
1397 2392 1440 2428 et
1468 2386 1558 2427 Do-

109 2444 223 2486 hara
266 2450 311 2487 et
343 2446 598 2488 Nazianzus
639 2458 775 2500 usque
801 2445 859 2487 ad
896 2450 1091 2500 tempora
1122 2445 1250 2487 huius
1275 2447 1339 2498 pic
1369 2444 1554 2495 imperii.

111 2502 338 2555 piissimus
363 2506 506 2543 autem
524 2503 765 2554 imperator
794 2513 892 2542 cum
919 2505 1055 2542 metro
1087 2500 1251 2542 olitana
1281 2502 1381 2541 iura
1409 2497 1555 2538 dedis-

111 2559 184 2598 set
225 2559 396 2598 civitati
411 2589 421 2608 ‚
466 2568 576 2610 quae
608 2556 817 2611 quondam
846 2557 1013 2610 quidem
1095 2559 1281 2605 ucissos,
1315 2566 1427 2595 venne
1454 2563 1556 2592 zero

112 2609 474 2665 Iustinianopolis
514 2615 811 2664 nuncupatur,
852 2623 949 2655 cum
976 2612 1081 2655 aliis
1111 2587 1362 2654 civitatibus
1394 2612 1436 2649 et
1468 2606 1558 2648 Do-

115 2665 227 2710 lmra
254 2670 298 2710 et
328 2667 598 2711 Nazmnzum
625 2665 813 2709 subiecit
840 2669 897 2709 ei.
