1780 3132
302 206 373 246 DE
411 186 855 244 Anmmis‘mmno
897 195 1118 239 lMPERIO
1160 194 1363 239 cAP.45.
1475 187 1569 235 207

119 292 396 359 ’Κουρκενίου
426 302 680 356 κατελείφθη
708 298 753 340 τὸ
780 298 1063 352 Ἀδρανούτζη
1093 296 1144 352 τῇ
1170 294 1337 349 γυναικὶ
1365 287 1497 334 αὖτοῦ
1523 296 1575 349 τῇ

135 371 210 413 τοῦ
245 370 462 422 πατρικίου
487 367 694 410 Ἀσωτίου
732 366 807 406 τοῦ
849 360 1041 417 Κισκοὲση
1073 361 1255 414 θυγατρὶ
1282 357 1337 407 ὥς
1373 358 1576 413 πατρικὸν

136 435 278 489 αὐτῆς.
333 430 404 474 ὅτε
444 435 489 475 δὲ
531 432 763 484 διεμέριζον
792 428 866 482 τὴν
891 428 1038 482 χώραν
1070 429 1145 468 τοῦ
1170 425 1399 480 μαγίστρου
1430 428 1577 479 Κουρ-

137 503 273 542 κενίου
301 503 400 552 μεθ’
425 496 563 540 ὅπλων
592 495 614 536 δ’
643 512 687 538 τε
716 494 913 542 Ἀσώτιος
944 491 964 533 ὃ
996 489 1306 546 κουροπαλάτης
1344 490 1416 532 καί
1441 491 1462 531 ὁ
1491 488 1575 543 μά-

104 577 301 621 5γιστρος
331 567 371 606 Γ
369 561 535 618 εώργιος
577 562 599 603 ὅ
636 561 904 614 ε’ξουσιαστης
930 559 1154 611 Ἀβασγίας
1183 558 1257 598 καί
1296 555 1317 598 ὅ
1353 556 1578 611 μάγιστρος

138 631 427 685 Παγκράτειος
479 627 499 669 ὃ
553 627 737 682 ἀδελφὸς
777 629 854 667 τοῦ
896 626 1205 680 προρρηθέντος
1244 624 1580 677 κουροπαλάτου,

137 693 267 751 ἦλθον
286 698 345 744 εἰς
367 698 627 749 συμβίβασιν
656 693 727 734 καί
755 692 907 745 ἐπῆρεν
942 691 1111 737 ἕκαστος
1127 686 1172 730 τὰ
1200 686 1428 743 πλησιάζον
1457 688 1581 744 αὐτῷ.

139 763 185 805 τὸ
216 765 261 804 δὲ
287 759 588 815 Ἀδρανούτζιν
618 758 838 813 ἐπλησίαζε
865 759 923 814 τῷ
951 758 1174 811 Συμβατίῳ
1210 757 1267 811 τῷ
1295 757 1370 795 τοῦ
1398 770 1582 808 προρρη-

138 830 280 876 θέντος
315 827 455 880 Δαβίδ
491 824 580 882 υἱῷ.
635 827 724 867 τότε
754 823 983 878 ἐκράτησαν
1019 820 1168 869 πάντες
1202 821 1277 875 τὴν
1304 819 1479 874 γυναΐὴα
1506 821 1582 861 τοῦ

84 901 127 936 10
137 897 365 949 μαγίστρου
384 894 641 947 Κουρκενίου
664 886 790 946 ι’]’γουν
809 889 880 943 την
902 890 1114 943 θυγατέρα
1130 889 1203 928 τοῦ
1218 888 1435 938 πατρικίου
1446 887 1580 929 Ἀσω-

137 963 227 1002 τίου
257 962 332 1001 τοῦ
362 959 432 1000 καί
457 956 672 1011 Κισκάση,
715 958 897 1010 λέγοντες
926 952 992 996 ὅτι
1021 951 1072 995 σύ
1101 952 1203 1007 γυνὴ
1236 947 1343 993 οὖσα
1372 952 1423 993 οὐ
1451 949 1582 992 δύνα-

138 1041 212 1067 σαι
240 1032 404 1080 κρατεῖν
434 1023 478 1066 τὸ
507 1023 694 1078 κάστρον.
751 1020 843 1063 τότε
871 1022 1047 1063 δέδωκεν
1077 1017 1099 1060 ὅ
1130 1016 1364 1071 Συμβάτιος
1392 1019 1450 1067 εἷς
1478 1034 1583 1060 συν-

140 1089 306 1146 άντησιν
344 1093 419 1132 τοῦ
458 1090 636 1142 κάστρου
666 1089 805 1142 χωρία
843 1089 895 1142 τῇ
924 1087 1116 1141 γυναικί,
1158 1083 1230 1125 καί
1272 1082 1496 1137 ἄνελάβετο
1535 1082 1580 1127 τὰ

139 1159 302 1198 τοιοῦτο
330 1155 509 1210 κάστρον
537 1153 582 1195 τὸ
607 1151 918 1208 Ἀδρανούτζιν.

87 1226 130 1260 15
247 1223 396 1264 Ἰστέον
424 1218 486 1263 ὅτι
516 1220 537 1274 ἦ
571 1222 788 1274 συγγένεια
815 1220 897 1260 τῶν
920 1216 1119 1258 τοιούτων
1138 1214 1307 1271 Ἰβήρων
1327 1218 1472 1258 τοῦτον
1496 1214 1584 1270 ἔχει

141 1286 215 1329 τὸν
257 1287 421 1341 τρόπον.
491 1285 564 1327 τοῦ
600 1285 745 1337 Δαβίὃ
784 1283 808 1338 ἦ
847 1283 980 1337 μητὴρ
1023 1285 1096 1324 καί
1134 1285 1210 1324 τοῦ
1241 1281 1474 1337 Ἀδρανασὴ
1509 1285 1586 1324 τοῦ

140 1350 480 1407 κουροπαλάτου,
513 1353 588 1393 τοῦ
623 1347 781 1403 πατρὸς
821 1351 896 1390 τοῦ
933 1350 1088 1401 α’ρτίως
1122 1347 1336 1390 Ἀσωτίου
1374 1349 1452 1390 τοῦ
1492 1365 1586 1391 κου-

143 1415 401 1473 ροπαλάτου,
433 1415 623 1471 ὑπῆρχον
670 1414 747 1456 δύο
784 1416 976 1468 ἀδελφῶν
1007 1415 1156 1455 παιδία
1193 1409 1319 1468 ἤγουν
1348 1415 1588 1471 ἐξάδελφαι.

144 1480 233 1538 εἶχε
261 1485 308 1525 δὲ
339 1481 579 1536 Συμβὰτιος
609 1480 634 1522 ὅ
670 1484 744 1523 τοῦ
771 1481 914 1534 Δαβὶδ
941 1479 1034 1529 υἱὸς
1062 1485 1238 1534 γυναῖκα
1268 1479 1341 1533 την
1371 1483 1586 1536 θυγατέρα

87 1552 220 1593 2οτοὔ
244 1550 477 1604 μαγίστρου
508 1548 800 1604 Παγκρατείου
837 1548 913 1589 τοῦ
950 1546 1106 1600 πατρὸς
1136 1547 1211 1588 τοῦ
1242 1546 1476 1602 Ἀδρανασὴ
1509 1549 1586 1588 τοῦ

146 1615 300 1669 ἀρτίως
341 1617 598 1669 μαγίστρου·
658 1616 728 1655 καί
764 1610 1064 1669 τελευτησάσης
1091 1610 1252 1666 Δἔλαβεν
1297 1611 1586 1669 ὁἈδρανασὴ

145 1679 222 1736 τὴν
249 1678 437 1737 ἀδελφήν
462 1681 537 1722 τοῦ
563 1683 805 1733 Συμβατιόυ
841 1682 917 1721 τοῦ
945 1677 1041 1720 υἱοῦ
1069 1680 1144 1720 τοῦ
1173 1680 1325 1732 Δαβίὸ.

247 1743 338 1788 ’Ότι
368 1745 413 1788 τὸ
444 1745 619 1801 κοὶστρον
645 1745 691 1788 τὸ
716 1745 1017 1797 Ἀδρανούτζιν
1046 1745 1202 1798 ὀχυρόν
1235 1746 1320 1787 ἐστι
1352 1742 1475 1800 πάνυ,
1501 1743 1590 1798 ἔχει

149 1813 196 1854 δὲ
225 1811 298 1853 καί
326 1808 502 1867 §andren
528 1813 636 1866 μέγα
666 1811 723 1862 ὥς
745 1810 1004 1866 χωρόπολιν”
1061 1813 1134 1853 καί
1149 1808 1194 1852 αἱ
1219 1817 1499 1866 πραγματεῖαι
1518 1814 1591 1866 τῆς

150 1977 215 2013 pro
239 1965 454 1999 Adranutzio
479 1966 511 1999 ei
548 1965 708 2006 dederat,
737 1966 960 2011 expulitque,
984 1971 1019 1999 et
1045 1967 1083 1999 in
1109 1965 1296 2011 Abasgiam
1323 1968 1503 2012 profectus
1528 1973 1591 2001 est.

150 2019 291 2047 mortuo
318 2023 401 2046 vero
426 2012 598 2046 Curcenio
623 2014 786 2057 magistro
816 2012 1065 2046 Adranutzium
1092 2014 1229 2059 accepit
1253 2025 1343 2046 uxor
1367 2015 1455 2055 eius,
1479 2015 1593 2048 Asotii
1618 2030 1622 2034 -

151 2059 294 2106 patricii
320 2060 393 2093 sive
413 2059 552 2093 Ciscase
583 2060 668 2101 filia,
693 2066 861 2105 tanquam
890 2060 1155 2105 patrimonium.
1205 2066 1242 2094 at
1268 2072 1345 2094 cum
1364 2062 1505 2095 Asotius
1531 2073 1592 2095 cu-

153 2107 351 2152 ropalates‚
386 2106 558 2151 Georgius
586 2108 753 2151 magister
780 2107 947 2151 Abasgiae
972 2107 1160 2152 princeps,
1197 2113 1233 2141 et
1256 2108 1594 2152 Pancratiusirnagi-

151 2159 249 2194 ster,
283 2154 351 2186 iam
389 2152 474 2187 dicti
506 2155 735 2198 curopolatae
761 2153 881 2194 frater,
907 2154 1070 2187 Curcenii
1099 2159 1225 2187 terram
1250 2156 1354 2188 armis
1379 2155 1593 2196 dividerent,

154 2212 192 2234 re
231 2200 326 2234 inter
367 2211 403 2233 se
441 2202 640 2246 composita
681 2201 925 2246 unusquisque
963 2201 1180 2246 propinquas
1223 2201 1291 2235 sibi
1331 2208 1449 2248 partes
1487 2205 1593 2248 cepit.

153 2246 406 2280 Adi-anutzium
439 2258 523 2281 vero
557 2248 738 2290 Symbatio
773 2248 1009 2292 propinquam
1039 2253 1124 2287 erat,
1153 2248 1322 2289 Davidis,
1359 2261 1464 2295 quem
1489 2255 1594 2283 antea

154 2293 326 2334 diximus,
366 2293 462 2328 filio:
502 2295 624 2339 itaque
660 2305 781 2328 omnes
817 2294 1071 2339 comprehensa
1096 2295 1259 2328 Curcenii
1284 2297 1441 2340 magistri
1471 2308 1593 2337 uxore,

152 2340 269 2374 Asotii
296 2341 439 2385 patricii
466 2341 538 2374 sive
556 2342 694 2375 Ciscase
720 2342 807 2383 filia,
833 2341 999 2374 dixerunt
1018 2340 1094 2382 “tti,
1121 2353 1199 2375 cum
1227 2342 1355 2376 mulier
1379 2344 1436 2384 sis,
1460 2343 1594 2377 habere

152 2387 252 2420 illam
278 2385 399 2419 urbem
421 2399 494 2420 non
519 2393 619 2432 potes
637 2388 674 2432 3³³
700 2388 871 2433 deditque
897 2389 929 2420 ei
947 2388 1148 2431 Symbatius
1171 2400 1236 2435 pro
1259 2390 1323 2423 illa
1346 2401 1454 2436 pagos
1484 2402 1594 2436 quos-

153 2433 247 2474 dam,
274 2439 381 2478 atque
405 2434 454 2466 ita
481 2435 734 2469 Adranutzium
758 2437 836 2480 ipse
862 2436 1011 2479 accepit.

246 2481 290 2513 Et
314 2480 623 2526 Iberum'quidem
655 2482 781 2515 horum
815 2483 978 2525 cognatio
1008 2483 1056 2514 ita
1081 2481 1203 2516 habet.
1251 2488 1366 2516 mater
1389 2484 1536 2518 Davidis
1560 2489 1598 2518 et

153 2526 332 2562 Adranase
351 2528 591 2573 curopalatae‚
611 2531 722 2575 patris
735 2529 847 2562 Asotii
863 2528 1007 2574 quidem
1029 2530 1268 2574 curopalatae,
1290 2530 1437 2564 duorum
1451 2531 1597 2564 fratrum

154 2574 251 2607 filiae
266 2580 376 2607 erant.
425 2575 624 2619 Symbatius
639 2582 756 2610 autem
775 2575 919 2609 Davidis
938 2576 1032 2608 filius
1054 2588 1195 2610 uxorem
1215 2576 1343 2611 habuit
1370 2578 1477 2611 filiam
1505 2580 1597 2612 Pan-

155 2621 256 2654 cratii
281 2621 458 2665 magistri,
492 2623 554 2667 qui
581 2629 682 2668 pater
706 2623 884 2657 Adranase
914 2623 1051 2666 pridem
1076 2624 1250 2668 magistri3
1278 2635 1393 2670 eaque
1427 2625 1597 2659 defuncta

157 2667 335 2701 Adranase
359 2678 515 2701 sororem
540 2672 679 2716 accepit
704 2670 881 2713 Symbatii
906 2669 1053 2702 Davidis
1081 2670 1159 2703 filii.

249 2713 503 2749 Adranutzium
532 2727 616 2750 vero
640 2718 816 2750 munitum
843 2716 948 2749 valde
977 2722 1040 2756 est,
1067 2716 1247 2762 habetque
1275 2718 1407 2751 vallum
1436 2730 1599 2759 magnum

158 2759 270 2794 instar
305 2772 451 2806 magnae
493 2763 610 2807 urbis3
651 2769 686 2798 et
719 2764 862 2808 negotia
896 2764 1129 2809 Trapezuntis
1171 2765 1310 2798 iberiae
1359 2771 1395 2798 et
1429 2766 1600 2811 Abasgiae
