1780 3132
277 149 370 197 364
589 157 843 199 BANDnnu
894 157 1383 203 ANJMADVERsmNES

276 261 455 314 ὀνόματί
486 277 567 315 μου
598 265 813 316 λήψεσθε,
856 266 926 306 καί
962 264 984 306 ὅ
1014 266 1212 308 πιστεύων
1250 270 1308 315 εἰς
1339 270 1410 320 ἐμὲ
1438 270 1488 309 τὰ
1518 267 1630 323 ἔργα,
1659 267 1686 311 ἃ

276 326 355 379 ἐγώ
389 329 505 381 ποιῶ,
534 326 715 375 κάκεῖνος
737 328 910 383 ποιήσει,
941 329 1013 371 καί
1036 330 1204 381 μείζονα
1232 331 1385 373 τούτων
1405 333 1576 388 ποιήσει,
1605 333 1686 388 ἔφη

274 389 374 444 πρὸς
403 389 554 438 αὐτοὺς
575 390 643 432 “εἰ
668 391 739 433 καί
763 393 820 447 μὴ
853 393 1006 444 ἔξεστιν
1042 394 1294 449 ἐκπειράζειν
1320 396 1458 449 κύριον
1482 397 1551 439 τὸν
1579 396 1685 448 θεόν,

273 452 381 505 ὅμως
408 456 447 494 εἰ
472 455 517 494 ἐκ
553 456 695 509 ψυχῆς
723 456 963 510 διεγνώκατε
992 462 1230 510 προσελθεῖν
1255 462 1310 516 τῷ
1338 463 1434 516 θεῷ,
1461 458 1686 515 αἰτήσασθε

277 514 376 569 ὅπερ
405 515 627 572 βούλεσθε,
658 522 728 561 καί
752 521 910 574 ποιήσει
949 524 1070 563 τοῦτο
1112 521 1273 572 πάντως
1315 523 1382 564 διὰ
1428 523 1501 577 τήν
1529 525 1716 578 αἴτησιν5

274 581 392 632 ὑμῶν
421 580 443 620 ὁ
471 578 580 633 θεός,
607 579 682 624 κᾶν
710 584 827 637 ἡμεῖς
855 586 1064 639 ἐλάχιστοι
1085 589 1155 628 καί
1183 587 1377 637 ιῖναξιοι.”
1405 587 1442 629 οἱ
1469 591 1514 630 δὲ
1532 579 1686 639 εόθέως

274 644 475 698 ᾐτήσαντο
502 645 578 698 τήν
600 651 675 688 τοῦ
699 651 814 689 θειόυ
835 650 1069 703 εὐαγγελίου
1092 654 1266 692 πυκτίδα
1289 654 1332 693 ἐν
1356 653 1404 708 τῇ
1430 656 1528 705 παρ’
1554 654 1690 695 αὐτῶν

275 708 508 767 ιὶναφθείσῃ
540 711 715 766 ῥιφῆναι
743 715 940 769 πυρκαιᾷ,
971 717 1043 755 καί
1069 717 1107 757 εἰ
1131 715 1315 770 ἀβλαβής
1343 715 1449 770 αὕτη
1479 719 1686 771 τηρηθείη,

272 777 514 826 προσελθεῖν
556 777 627 816 καί
672 775 825 824 αι’τοὺς
866 779 922 833 τῷ
964 781 1062 831 παρ’
1097 780 1228 820 αυ’τοῦ’
1265 783 1551 838 κηρυσσομένῳ
1589 784 1685 838 θεῷ.

272 835 384 886 ἔδοξε
413 842 545 880 ταῦτα
562 857 571 866 ·
599 843 671 881 καί
698 844 767 881 τοῦ
797 840 938 895 ἱερέως
966 842 1070 895 πρὸς
1095 843 1190 884 θεὸν
1218 843 1312 893 τοὺς
1343 844 1590 900 ὀφθαλμούς
1618 844 1687 886 καί
1700 849 1742 883 10

271 900 346 950 τοὶς
383 907 529 956 χεῖρας
570 902 796 957 ἐπάραντος
837 905 1128 955 καί“ὸ“ο’ξασόν
1165 923 1241 949 σου
1271 910 1318 949 τὸ
1357 907 1475 962 ἅγιον
1510 911 1685 963 πνεῦμα,

273 967 407 1019 Ἰησοῦ
446 970 608 1020 Χριστὲ
645 968 665 1006 ὃ
707 968 802 1016 θεὸς
836 970 974 1022 ἧμῶν”
1011 971 1215 1023 εἰπόντος,
1260 973 1303 1012 ἐν
1339 973 1574 1027 ὀφθαλμοῖς
1611 976 1687 1015 τοῦ

274 1028 422 1078 ἔθνους
449 1030 599 1080 παντὸς
617 1034 766 1087 ἐρρίφη
785 1036 844 1081 εἰς
871 1032 945 1087 τήν
966 1035 1133 1086 κάμινον
1158 1035 1182 1089 ἦ
1211 1040 1284 1078 τοῦ
1311 1037 1429 1089 ἁγίου
1453 1038 1687 1090 εὐαγγελίου

270 1096 422 1146 βίβλος.
475 1097 541 1150 ἐφ’
590 1093 700 1149 ὥρας
741 1098 786 1138 δὲ
822 1096 964 1147 ι’κανάς
1003 1101 1074 1152 τῆς
1101 1102 1274 1150 καμίνου
1303 1103 1573 1155 ἐκκαιομένης,
1601 1099 1687 1143 εἶτα

271 1157 344 1198 καὶ
369 1161 506 1200 τέλεον
531 1161 868 1215 ἐκμαρανθείσης,
887 1162 1044 1216 εὑρέθη
1063 1162 1109 1203 τό
1140 1163 1251 1218 ἱερὸν
1281 1166 1448 1206 πυκτιόν
1476 1167 1744 1217 &camum-15

273 1217 433 1271 ἔπαθες
452 1226 524 1264 καί
537 1224 757 1279 α’λιόβητον,
768 1227 971 1280 μηδεμίαν
991 1226 1070 1267 α’πὸ
1085 1230 1155 1269 τοῦ
1169 1227 1299 1282 πυρὸς
1313 1229 1528 1280 δεξάμενος
1546 1229 1688 1284 λιῑμην.

273 1284 373 1341 ὅπερ
403 1286 556 1336 ἰδόντες
584 1288 621 1330 οἱ
652 1291 861 1342 βάρβαροι
890 1293 962 1332 καί
992 1294 1046 1346 τῷ
1073 1295 1238 1345 μεγέθει
1265 1295 1588 1346 καταπλαγέντες
1614 1291 1690 1335 τοῦ

272 1350 510 1407 θαύματος,
554 1353 846 1403 α’νενδοιάστως
882 1354 983 1408 πρὸς
1014 1355 1059 1397 τὸ
1089 1357 1298 1409 βάπτισμα
1328 1356 1593 1412 ηὐτομόλουν,
1620 1359 1692 1398 καί

271 1416 570 1470 καθαιρόμενοι
612 1418 681 1459 τὸν
718 1421 812 1460 νοῦν
855 1418 922 1460 τὸν
952 1421 1118 1474 σωτῆρα
1147 1419 1340 1472 ἐδόξαζον
1373 1419 1544 1474 κύριον·
1599 1415 1683 1478 ᾧῆ

271 1478 371 1529 δόξα
400 1483 471 1521 καί
509 1481 553 1522 τὸ
595 1482 740 1536 κράτος
782 1485 854 1525 νῦν
891 1485 963 1526 καί
1005 1485 1072 1526 det
1105 1484 1175 1525 καί
1200 1488 1258 1534 εἰς
1298 1483 1393 1534 τούς
1421 1487 1573 1533 αἰῶνας
1603 1487 1744 1527 ramo

269 1545 442 1586 αἰώνων.
501 1545 626 1601 α’μήν.

269 1704 359 1739 quae
396 1695 552 1729 dicturus
590 1708 624 1730 es
649 1698 860 1731 credemus.”
894 1699 956 1732 ille
987 1710 1067 1732 vero
1102 1699 1204 1732 fidem
1244 1700 1374 1733 babens
1407 1699 1490 1733 huic
1511 1700 1686 1733 verissimo

269 1741 363 1774 dicto
387 1740 658 1788 “quodcumque
683 1745 855 1788 petieritis
875 1746 911 1778 iu
936 1746 1076 1778 nomine
1099 1757 1191 1784 meo,
1216 1743 1414 1790 accipietis’'
1443 1750 1479 1778 et
1499 1743 1587 1790 “qui
1611 1757 1688 1778 cre-

267 1787 320 1819 dit
346 1787 383 1819 in
409 1799 485 1827 me,
511 1799 617 1831 opera
658 1800 748 1832 qnae
777 1802 840 1832 ego
866 1791 969 1830 facio,
997 1796 1033 1823 et
1057 1791 1131 1835 ipse
1169 1791 1287 1830 saciet,
1317 1791 1387 1824 imo
1413 1791 1542 1823 maiora
1568 1802 1687 1824 eorum

267 1831 403 1872 i'aciet,’'
429 1834 611 1877 respondit
644 1835 717 1867 inis
737 1835 826 1868 “etsi
851 1848 922 1869 non
957 1837 1063 1869 liceat
1088 1842 1224 1869 tentare
1249 1837 1427 1869 dominum
1454 1837 1568 1875 deum,
1594 1842 1688 1869 atta-

266 1889 346 1910 men
371 1879 400 1911 si
422 1890 464 1911 ex
491 1880 605 1912 animo
637 1880 681 1912 ad
704 1881 807 1913 deum
842 1881 1008 1915 accedere
1042 1882 1263 1922 decrevistis,
1288 1884 1399 1926 petite
1424 1882 1598 1927 quidquid
1622 1893 1686 1915 vo-

266 1925 420 1965 lueritis3
446 1924 552 1969 idque
577 1925 660 1957 deus
685 1928 850 1970 petitioni
880 1933 1013 1960 vestrae
1048 1928 1292 1972 obtemperans
1318 1933 1523 1972 exequetur,
1548 1928 1686 1961 etiamsi

265 1982 329 2002 nos
351 1981 455 2014 quam
479 1971 611 2003 minimi
639 1977 675 2004 et
698 1972 833 2016 indigni
858 1973 997 2005 simus.¹'
1046 1974 1101 2005 illi
1125 1984 1206 2006 vero
1233 1974 1349 2006 statim
1374 1974 1552 2018 petierunt
1576 1978 1615 2007 ut
1641 1974 1686 2006 li-

265 2016 330 2047 ber
354 2017 616 2059 evangeliorum
641 2018 677 2050 in
712 2029 829 2060 rogum
868 2018 911 2051 ab
937 2030 972 2050 se
1000 2029 1180 2051 accensum
1206 2020 1415 2058 mitteretur,
1443 2024 1479 2051 et
1504 2020 1532 2051 si
1557 2018 1615 2051 hic
1640 2019 1687 2051 il-

269 2062 384 2094 laesus
411 2068 625 2102 servaretur,
653 2074 690 2095 se
718 2065 762 2097 ad
788 2065 867 2105 dei,
899 2075 1002 2109 quem
1030 2064 1291 2108 praedicabant,
1316 2065 1446 2097 cultum
1473 2075 1682 2097 accessuros.

265 2113 407 2150 accepta
431 2107 589 2140 condicio
616 2109 693 2141 fuit.
751 2110 1001 2155 sacerdoteque
1036 2110 1080 2141 ad
1114 2110 1215 2142 deum
1252 2112 1371 2142 oculos
1410 2115 1444 2142 et
1467 2121 1589 2142 manus
1613 2110 1684 2142 eri-

266 2158 381 2194 gente,
406 2165 445 2185 ac
468 2153 606 2186 dicente
625 2153 812 2198 “spiritum
838 2161 992 2188 sanctum
1031 2160 1129 2187 tunm
1155 2155 1308 2198 glorifica
1335 2157 1412 2188 lesu
1437 2155 1574 2188 Christe
1597 2155 1683 2188 deus

265 2197 418 2238 noster‚'’
442 2200 478 2230 iu
503 2205 688 2243 conspectu
715 2202 821 2233 totius
847 2202 959 2244 gentis
983 2201 1073 2233 liber
1089 2201 1123 2233 S.
1144 2201 1315 2244 evangelii
1339 2202 1376 2234 in
1400 2201 1572 2234 caminum
1598 2212 1684 2234 con-

265 2245 374 2276 iectus
401 2251 462 2276 est.
510 2256 658 2289 cumque
686 2246 779 2278 horis
804 2259 874 2279 non
900 2247 1018 2290 paucis
1046 2247 1184 2279 arsisset
1211 2248 1376 2286 caminus,
1401 2247 1484 2279 hinc
1509 2247 1588 2289 igne
1617 2258 1682 2290 pe.-

265 2290 360 2322 nitus
384 2292 538 2323 extincto
566 2297 705 2324 sanetus
732 2293 793 2324 iiie
822 2294 912 2324 libcr
930 2293 1069 2324 illaesus
1088 2293 1293 2336 integerque
1311 2298 1469 2336 repertus
1494 2298 1558 2331 est,
1583 2293 1681 2324 nulla

266 2336 355 2377 ignis
384 2341 467 2367 nota
490 2338 546 2368 vel
571 2337 696 2369 damno
724 2344 934 2370 remanente.
978 2337 1073 2382 quod
1099 2338 1290 2381 conspicati
1307 2337 1458 2377 barbari,
1484 2349 1524 2370 ac
1548 2337 1683 2381 magni-

266 2381 388 2413 tudine
415 2383 570 2414 miraculi
608 2383 779 2426 perculsi,
806 2385 879 2416 sine
903 2394 996 2416 mora
1035 2383 1092 2415 vel
1117 2383 1339 2415 dubitatione
1364 2383 1408 2415 ad
1432 2388 1587 2416 sanctum
1618 2382 1681 2414 ba-

265 2427 388 2470 ptisma
423 2433 547 2471 sponte
583 2434 822 2469 accesserunt,
863 2441 901 2461 ac
929 2434 1044 2460 mente
1079 2429 1217 2471 purgati
1255 2429 1460 2462 salvatorem
1503 2427 1680 2461 dominum

266 2472 429 2505 laudibus
463 2473 704 2514 celebraruut3
743 2476 798 2507 cui
821 2476 930 2519 gloria
955 2480 990 2508 et
1022 2474 1207 2518 imperium
1243 2486 1336 2507 nunc
1360 2480 1396 2508 et
1419 2485 1555 2519 semper
1580 2479 1616 2507 et
1645 2474 1682 2507 in

266 2518 383 2551 secula
409 2520 617 2551 seculorum.
665 2531 778 2552 amen.

265 2630 380 2673 hibet
407 2630 542 2684 aliqua
570 2631 632 2671 hic
661 2644 820 2672 monere
849 2632 901 2672 ad
930 2632 1153 2684 praefatam
1174 2630 1368 2680 Anonymi
1398 2629 1604 2670 historiam
1631 2629 1680 2669 de
