1780 3132
245 161 338 209 234
512 172 860 214 CONSTANTlNl
908 174 1376 218 PORPnYROGENm

245 262 313 305 νόν
353 261 553 319 χελοῖνδια
589 267 779 320 βασιλικά
820 268 985 320 πλώϊμα
1013 271 1137 324 μέχρι
1164 275 1244 312 τῶν
1273 274 1386 315 δέκα.
1442 276 1532 317 ἐπεὶ
1558 277 1602 317 δὲ
1629 276 1654 315 ὅ

243 327 443 382 μακάριος
469 331 664 383 βασιλεύς
692 328 769 371 ὅλα
805 331 853 372 τοὶ
885 335 1048 375 πλείονα
1078 336 1210 376 αὐτοῦ
1236 339 1572 391 μεταστασιμιέτα
1598 341 1656 388 εἰς

245 392 318 439 τὰς
351 394 499 446 Πηγάς
536 395 663 434 ε’ποίει
699 396 769 435 διὰ
808 395 852 437 τὸ
890 397 960 437 καί
988 397 1056 438 ὑπ’
1090 399 1219 440 αὐτοῦ
1245 405 1459 454 κτισθῆναι
1488 403 1537 444 τὰ
1569 420 1656 444 τοι-

246 458 351 497 αὕτα
380 457 571 510 παλάτια,
601 458 751 508 ὁμοίως
779 476 845 501 και
875 462 932 509 εἰς
951 461 994 503 τὸ
1003 458 1202 541 Ἕβξῖομον
1228 467 1299 504 καί
1327 468 1384 513 εἰς
1412 465 1488 519 τὴν
1508 467 1656 522 Ἶερίαν

245 536 309 559 και
340 521 397 567 εἰς
422 521 495 572 τὴν
525 523 682 576 Βρύαν,
711 522 925 578 εἰσήρχετο
955 529 1013 574 εἰς
1041 526 1084 568 τὸ
1123 527 1319 605 α’γράριῡν
1345 528 1444 570 κατὰ
1476 529 1546 571 τὸν
1574 535 1689 571 noe-5

244 583 361 623 λαιὸν
390 583 532 626 τύπον.
587 584 655 627 ὅτε
701 589 744 628 δε
786 590 845 637 εἰς
870 590 1120 644 μακρότερον
1156 592 1278 646 ἀπῄει
1305 591 1544 646 πρόκενσον,
1573 590 1658 636 οἷον

245 663 302 691 εις
338 647 386 687 τοὶ
425 651 561 702 θέρμοι
605 653 677 704 τῆς
707 650 907 707 Προύσης
943 658 1013 695 καί
1048 657 1105 701 εἰς
1133 655 1372 709 ὲπιτήρησιν
1401 654 1476 697 τοῦ
1497 657 1657 712 ζῬήγιον
1688 652 1690 657 ’

244 713 316 763 τῆς
344 711 548 767 γεφύρας,
587 717 738 771 εἰσῄει,
766 717 907 767 καθώς
947 718 1209 772 προείρηται,
1239 722 1298 768 εἰς
1327 719 1562 775 ὃρομιόνιον,
1589 737 1657 761 και

245 774 489 826 ήκολούθει’
476 778 614 831 ε’τερον
635 780 875 836 δρομώνιον,
904 781 1009 823 διότι
1036 799 1103 823 και
1128 786 1313 832 πλείοιας
1340 800 1543 837 αρχοντας
1572 786 1660 826 εἷσ-

244 841 440 891 ἑρχεσθαι
478 841 583 890 μετὰ
622 846 695 883 τοῦ
732 848 953 898 βασιλέως,
995 863 1061 887 και
1101 847 1194 895 τούς
1231 849 1477 896 ὑπολοίπους
1514 850 1571 896 εἷς
1610 863 1654 889 το
1671 853 1713 886 10

245 902 433 956 δεύτερον
462 905 699 958 δ’ρομώνιον.
753 905 774 948 ὅ
814 911 860 950 δὲ
901 911 1088 962 αόίδιμος
1116 913 1188 952 καί
1213 912 1452 967 σοφώτατος
1480 915 1603 954 Λέων
1631 911 1654 951 ὅ

242 967 436 1017 βασιλεύς
476 971 779 1024 φιλοτιμότερὸν
818 989 903 1021 πως
939 975 1041 1027 πρὸς
1067 975 1164 1024 τούς
1192 978 1441 1030 μαγίστρους
1472 977 1544 1016 καί
1578 993 1662 1017 πα-

243 1033 423 1083 τρικίους
469 1033 541 1074 καί
576 1037 747 1084 οἰκείους
789 1032 1078 1092 συγκλητικούς
1126 1041 1377 1091 διακείμενος
1415 1042 1488 1081 καί
1527 1041 1661 1081 θέλων

241 1094 311 1134 αἐἰ
336 1098 453 1137 τοῦτο
479 1102 805 1153 συγχαίρεσθαι,
833 1102 1096 1154 λογισάμενος
1124 1101 1180 1157 μή
1226 1104 1416 1157 ἐπαρκεῖν
1457 1106 1514 1152 εἰς
1559 1101 1661 1144 ’ὕπο-

242 1158 369 1211 δοχὴν
421 1160 618 1202 πλειόνων
668 1161 880 1216 α’ρχόντων
921 1164 966 1206 τὸ
1012 1164 1232 1244 ἄχράριον,
1277 1169 1440 1220 ἐποίησε
1492 1166 1659 1220 δρομαὶ-
1671 1177 1721 1209 15.
1754 1172 1757 1176 ¹

242 1237 349 1277 νιον,
374 1240 443 1264 και
473 1223 522 1278 δή
557 1225 779 1275 ἀπαύστως
805 1229 1021 1283 εἰσήρχετο
1048 1232 1091 1270 ἐν
1119 1231 1232 1286 αὐτῷ
1260 1229 1443 1272 ὄπουδὰν
1470 1229 1660 1284 ἐβούλετο

242 1286 446 1329 ἀπελθεῖν.
502 1287 754 1344 συνήρχοντο
786 1295 831 1334 δὲ
857 1293 957 1344 μετὰ
987 1295 1115 1335 αὐτοῦ
1144 1295 1256 1342 οἴους
1283 1291 1334 1335 ἄν
1361 1293 1550 1355 ἐβούλετο
1580 1297 1661 1336 τῶν

244 1351 461 1406 α’ρχὸντων,
491 1354 570 1393 ἀπό
586 1370 628 1394 τε
645 1356 882 1434 μαγίστρων
914 1374 983 1398 και
1010 1357 1265 1411 πατρικίων·
1291 1374 1396 1398 κατα
1424 1359 1552 1400 τύπον
1579 1357 1659 1412 γὰρ

246 1418 290 1457 ἐν
316 1421 371 1473 τῶ
402 1419 585 1476 ἀγραρίω
621 1417 755 1468 οὖδέις
792 1420 927 1475 ἕτερος
966 1420 1177 1499 εἰσήρχετο
1210 1421 1315 1474 μετὰ
1357 1425 1433 1463 τοῦ
1459 1425 1662 1475 βασιλέως

247 1482 287 1522 εἰ
310 1481 367 1534 μὴ
391 1480 410 1522 0‘
439 1484 705 1536 δρουγγάριος
733 1487 805 1538 τῆς
830 1487 971 1538 βίγλης
997 1503 1065 1526 και
1094 1501 1113 1526 ο
1146 1486 1414 1539 ὃρουγγάριος
1440 1489 1515 1528 τοῦ
1531 1489 1718 1531 alawih-20

245 1560 328 1596 μου
370 1549 441 1587 καί
478 1546 498 1588 ὃ
539 1551 753 1602 λογοθέτης
798 1551 869 1590 τοῦ
906 1548 1062 1603 δρόμου
1105 1567 1172 1591 και
1213 1547 1234 1589 ὁ
1270 1547 1555 1628 etat9stfae'9mg
1592 1553 1664 1591 καί

248 1625 268 1649 ο
293 1609 490 1660 μυστικὸς
530 1628 595 1653 και
634 1612 654 1652 ὅ
696 1629 776 1653 των
815 1614 1016 1668 δεήσεων,
1055 1612 1163 1655 xai‘
1152 1610 1217 1655 ότε
1244 1617 1376 1668 παρῆν
1404 1617 1448 1655 ἐν
1473 1618 1521 1670 τῇ
1547 1614 1662 1656 πόλει

135 1674 320 1722 p14oxm'
347 1674 367 1715 ὁ
397 1677 632 1727 δομέστικος
659 1679 739 1718 τῶν
765 1681 945 1732 σχολῶν,
984 1679 1054 1719 καί
1082 1676 1102 1718 ὃ
1134 1679 1518 1733 παρακοιμώμενος,
1542 1681 1613 1720 καί
1640 1677 1662 1718 ὅ

250 1739 633 1795 πρωτοβεστιάριος,
673 1744 744 1782 καί
769 1744 812 1783 ἐκ
844 1744 923 1782 τῶν
951 1745 1195 1784 κοιτωνίτων
1224 1741 1294 1790 οὓς
1324 1739 1375 1784 ἂν
1402 1745 1610 1784 ἐκέλευσεν
1639 1742 1661 1783 ὅ

341 1852 362 1884 2
385 1851 642 1897 μετιιστήματα
667 1853 704 1885 Μ
793 1852 817 1885 4
840 1854 956 1898 εἰρίαν
980 1853 1015 1886 Μ
1108 1853 1128 1886 5
1155 1853 1287 1897 βροίαν
1309 1853 1346 1886 Μ
1459 1852 1482 1886 9
1506 1848 1567 1887 διὰ
1594 1848 1663 1887 ui?

250 1941 418 1983 vigationi
444 1941 610 1974 instructa
635 1941 753 1973 decem
779 1947 888 1974 erant.
938 1953 1015 1974 cum
1043 1953 1122 1974 vero
1147 1942 1270 1975 beatae
1302 1942 1488 1974 memoriae
1511 1942 1663 1986 impera-

251 1992 306 2020 tor
330 1988 534 2030 plerumque
561 1987 605 2020 ad
631 1988 764 2030 Pegana
789 1988 961 2031 migraret,
984 1987 1080 2032 quod
1111 1998 1150 2020 ea
1179 1988 1309 2031 palatia
1334 1987 1379 2019 ab
1413 1998 1454 2020 eo
1479 1987 1663 2020 aedificata

254 2039 379 2072 esseut,
405 2034 564 2066 similiter
591 2034 627 2066 in
654 2033 885 2073 Hebdomum,
910 2034 946 2066 in
972 2034 1123 2066 Hieriam
1145 2039 1180 2066 et
1201 2034 1238 2065 in
1261 2035 1442 2076 Bryantem
1460 2057 1469 2072 ‚
1494 2034 1662 2076 agrarium

255 2078 298 2111 de
322 2090 417 2111 more
441 2080 552 2123 prisco
571 2079 847 2124 ingrediebatur:
874 2085 910 2112 at
935 2091 1011 2112 cum
1035 2079 1227 2122 longiorem
1244 2079 1395 2123 aliquam
1411 2078 1662 2123 profectionem

256 2127 461 2168 susciperet,
493 2126 605 2158 veluti
630 2125 674 2157 ad
702 2126 829 2158 Prusae
851 2125 1000 2158 thermas
1025 2131 1060 2158 et
1083 2124 1127 2157 ad
1153 2124 1274 2168 Rhegii
1296 2131 1437 2169 pontem
1462 2124 1663 2164 videndum,

256 2170 485 2211 dromonium,
511 2177 551 2204 ut
574 2176 676 2204 antea
701 2171 831 2204 dictum
856 2177 928 2211 est,
963 2170 1245 2210 conscendebat,
1269 2170 1551 2215 sequebaturque
1576 2171 1665 2202 alte-

256 2228 328 2248 rum
355 2197 602 2258 ‹lromobium‚
629 2218 666 2249 in
692 2229 762 2261 quo
781 2218 934 2262 reliquus
957 2217 1141 2249 comitatus
1165 2222 1276 2256 esset,
1304 2227 1381 2248 cum
1403 2217 1440 2249 in
1464 2216 1570 2260 priori
1597 2226 1665 2248 una

255 2274 332 2294 cum
358 2263 556 2306 imperatori
581 2269 696 2296 essent
722 2263 883 2308 plerique
912 2264 1095 2306 principes.
1143 2262 1204 2294 sed
1233 2263 1303 2294 Leo
1328 2262 1389 2294 ille
1406 2261 1604 2315 praeclarus
1627 2273 1666 2292 ae

256 2309 529 2352 sapientissimus
555 2310 746 2353 imperator
770 2309 954 2352 benignius
987 2319 1064 2351 erga
1090 2309 1267 2351 magistros
1293 2308 1456 2352 patricios
1481 2313 1517 2340 et
1551 2307 1667 2339 consi-

257 2354 373 2386 liarios
412 2366 491 2387 suos
526 2357 694 2394 affectus,
729 2355 984 2398 gratificarique
1017 2355 1065 2385 eis
1091 2353 1156 2386 hac
1182 2354 1219 2386 in
1244 2364 1280 2386 re
1317 2354 1484 2398 cupien8‚
1518 2364 1594 2385 cum
1621 2351 1666 2384 ad

256 2400 443 2453 plerosque
469 2401 643 2445 principes
669 2401 896 2444 excipiendos
919 2411 990 2433 non
1015 2399 1166 2432 sufficere
1190 2400 1360 2442 agrarium
1396 2398 1552 2438 videret,
1583 2397 1666 2430 dro-

256 2446 413 2478 monium
438 2447 514 2479 fieri
535 2447 678 2487 curavit,
706 2457 819 2491 eoque
844 2458 979 2491 semper
1004 2457 1083 2477 usus
1109 2452 1161 2478 est
1187 2456 1397 2489 quocunque
1421 2444 1558 2476 demum
1581 2453 1666 2487 pro-

256 2491 362 2523 ficisci
386 2492 517 2533 vellet3
543 2499 578 2525 et
604 2492 860 2525 comitabantur
886 2503 904 2524 e
933 2491 1147 2535 principibus
1172 2491 1343 2544 magistris
1368 2491 1533 2534 patriciis,
1561 2499 1668 2543 quos·

257 2548 395 2582 cunque
418 2538 538 2570 v.ellet
587 2539 624 2570 in
650 2539 784 2582 agrario
810 2539 901 2571 enim
926 2538 994 2570 ritu
1026 2537 1129 2570 solito
1153 2537 1286 2569 nemini
1309 2548 1385 2569 cum
1413 2546 1454 2568 eo
1479 2545 1552 2568 esse
1579 2534 1667 2567 lice-

256 2582 319 2616 bat
342 2583 411 2615 nisi
437 2583 624 2626 <hungario
649 2584 881 2623 excubiarum,
905 2583 1090 2627 drungario
1116 2584 1165 2614 rei
1193 2582 1337 2620 navalis,
1365 2581 1566 2625 logothetae
1589 2591 1668 2612 cur-

257 2641 315 2662 sus
340 2629 493 2674 publici,
528 2629 814 2671 hetaeriarchae,
851 2630 1015 2671 mystico,
1051 2629 1213 2671 magistro
1238 2628 1438 2661 libellorum
1462 2626 1668 2671 supplicum,

258 2674 448 2709 domestico
472 2674 678 2716 scholarum,
702 2676 730 2708 si
755 2677 792 2709 in
817 2675 902 2708 urbe
928 2680 1029 2713 esset,
1056 2675 1259 2713 accubitori,
1283 2673 1570 2719 protovestiarius
1588 2676 1625 2705 ek
1648 2681 1669 2704 e
