1780 3132
304 165 379 206 DE
411 162 883 206 ADMINISTRARDO
916 161 1154 205 IMPERIO
1191 161 1306 204 CAP.
1338 162 1406 205 13.
1521 158 1586 206 89

121 275 262 333 βλῆθη
283 278 350 320 καὶ
371 275 549 332 ἐμισήθη
567 272 679 332 παρά
699 292 740 318 τε
761 278 836 329 τῆς
854 271 1078 330 συγκλήτου
1097 276 1251 328 βουλῆς
1274 273 1339 315 καὶ
1361 276 1434 315 τοῦ
1453 268 1587 326 δήμου

121 346 273 396 παντὸς
299 347 366 388 καὶ
391 350 463 400 τῆς
488 345 698 400 ἐκκλησίας
725 343 868 398 αὐτῆς,
905 341 960 393 ὡς
981 342 1114 385 καὶτὸ
1135 349 1254 396 μῖσος
1274 343 1336 384 ἐπὶ
1357 345 1430 384 τοῦ
1449 341 1588 391 τέλους

122 415 312 471 γενέσθαι
343 415 592 472 καταφανές,
627 414 692 455 καὶ
721 412 824 466 μετὰ
854 410 1038 454 θάνατον
1060 410 1210 466 ὁμοίως
1231 412 1497 461 ἓξουθενεῒται
1519 412 1588 451 καὶ

123 481 386 537 διαβάλλεται
430 484 496 525 καὶ
536 480 615 524 ὑπὸ
654 478 922 536 καταγνώμην
961 482 1120 522 τίθεται
1150 481 1216 522 καὶ
1252 474 1388 531 οὗτος,
1425 477 1588 528 ἀνάξιον

90 556 292 608 δπρᾶγμα
319 553 386 593 καὶ
416 551 588 607 ἀπρεπὲς
615 552 671 600 εἷς
691 549 764 604 τὴν
795 550 932 605 εὖγεινῆ
959 550 1162 591 πολιτειάν
1177 547 1388 602 Ῥωμαίων
1407 563 1591 590 καινοτο-

121 618 271 675 μήσας.
339 620 505 662 ἕκαστον
526 618 603 676 γὰρ
627 617 749 669 ἔθνος
772 616 953 675 διάφορα
973 617 1065 671 ἕχον
1086 617 1163 672 ἔθη
1186 619 1252 659 καὶ
1276 615 1590 665 διαλλάττοντας

123 687 275 743 νόμους
299 705 341 731 τε
370 690 436 731 καὶ
457 687 640 742 θεσμοὺς
660 686 809 744 ὀφείλει
830 687 881 729 τὰ
904 687 1030 729 οῗκεΐα
1048 692 1208 743 κρατεῖν
1228 687 1293 728 καὶ
1319 685 1397 728 ἀπὸ
1421 689 1495 728 τοῦ
1515 685 1591 726 αὗ-

123 762 199 800 τοῦ
217 756 363 807 ἔθνους
383 757 457 808 τὰς
479 757 581 812 πρὸς
603 754 814 813 ἀνάκρισιν
830 757 923 810 βίου
943 757 1151 806 κοινωνίας
1169 758 1375 797 ποιεῖσθαι
1395 756 1461 796 καὶ
1481 755 1591 810 ἔνερ-

123 833 217 881 γεῖν.
285 825 420 881 ὥσπερ
445 825 524 882 γὰρ
556 825 726 868 ἕκαστον
758 826 860 883 ζῷον
887 825 991 879 μετὰ
1018 828 1100 867 τῶν
1129 821 1329 879 ὁμογενῶν
1360 823 1435 874 τὰς
1463 823 1593 877 μίξεις

71 900 115 936 10
126 891 351 951 ἐργάζεται,
386 893 492 936 οὕτω
518 895 584 935 καὶ
613 894 780 936 ἕκαστον
809 893 929 943 ἔθνος
955 892 1027 935 οὐκ
1049 893 1091 944 ἐξ
1113 890 1355 950 ἀλλοφύλων
1378 893 1445 934 καὶ
1468 892 1591 933 ἀλλο-

121 961 317 1019 γλώσσων
347 962 444 1004 ἀλλ’
481 963 521 1004 ἓν.
555 967 636 1005 τῶν
663 959 865 1017 ὃλιιογενῶν
886 979 928 1004 τε
952 963 1018 1003 καὶ
1042 959 1268 1019 ὁμοφώνων
1290 961 1341 1003 τὰ
1365 960 1591 1004 συνοικέσια

122 1035 206 1074 τῶν
235 1028 378 1087 γάμων
408 1035 614 1074 ποιεῖσθαι
643 1030 869 1086 καθέστηκε
907 1032 1073 1073 δίκαιον.
1143 1031 1328 1072 ἐντεῦθεν
1355 1029 1434 1086 γὰρ
1468 1030 1537 1071 καὶ
1565 1026 1592 1083 ἧ

95 1151 100 1155 .
124 1098 230 1157 πρὸς
251 1098 451 1154 ἀλλήλους
470 1097 733 1157 ὁμοφροσύνη
759 1101 825 1141 καὶ
848 1099 1062 1154 συνομιλία
1085 1100 1151 1140 καὶ
1174 1098 1405 1155 προσφιλὴς
1426 1099 1594 1141 συνδια-

123 1167 246 1225 τριβὴ
264 1169 332 1210 καὶ
349 1170 574 1223 συμβίωσις
590 1169 868 1225 περιγίνεσθαι
886 1168 1060 1225 πέφυκε·
1088 1166 1140 1209 τὰ
1159 1167 1203 1209 δὲ
1220 1164 1414 1223 ἀλλότρια
1428 1165 1506 1221 ἴθη
1526 1167 1594 1208 καὶ

71 1242 114 1277 15
127 1235 418 1279 διαλλάττοντα
435 1236 588 1291 νόμιμα
611 1237 831 1291 ἀπεχθείας
846 1240 1003 1291 μᾶλλον
1020 1237 1086 1278 καὶ
1103 1233 1393 1292 προσκρούσεις
1410 1237 1476 1277 καὶ
1494 1235 1593 1290 μίση

124 1306 191 1347 καὶ
213 1303 374 1355 στάσεις
396 1305 541 1348 εἴωθεν
561 1306 803 1361 ἀπογεννᾶν,
840 1303 941 1362 ἅπερ
966 1305 1013 1346 οὗ
1036 1306 1175 1362 φιλίας
1191 1306 1256 1346 καὶ
1275 1306 1481 1354 κοινωνίας
1497 1303 1591 1345 ἀλλ’

123 1371 279 1430 ἔχθρας
305 1374 371 1415 καὶ
401 1371 632 1424 διαστάσεις
660 1377 774 1431 φιλεῖ
796 1371 1108 1430 ἀπεργάζεσθαι.
1177 1374 1245 1414 καὶ
1271 1371 1332 1414 ὅτι
1365 1372 1423 1427 μὴ
1455 1374 1521 1415 δεῖ
1541 1371 1591 1414 τὰ

123 1445 260 1492 κακῶς
279 1440 391 1498 παρά
411 1459 530 1485 τινων
552 1443 594 1493 ἐξ
614 1442 820 1496 ἀμαθείας
841 1441 867 1495 ἢ
893 1442 1119 1492 αὐθαδείας
1139 1442 1482 1498 καταπραχθέντα
1499 1440 1596 1492 τοὺς

123 1509 300 1564 ἐννόμως
322 1509 459 1567 ἄρχειν
486 1511 760 1565 βουλομένους
786 1512 1008 1566 μιμεῖσθαί
1027 1528 1069 1552 τε
1092 1511 1159 1552 καὶ
1183 1512 1352 1565 ζηλοῦν,
1387 1510 1492 1553 ἀλλὰ
1515 1514 1595 1553 τῶν

69 1577 302 1634 Ξθέννόμως
323 1581 390 1621 καὶ
413 1581 576 1630 δικαίως
594 1578 943 1634 βεβασιλευκότων
964 1578 1038 1630 τὰς
1061 1579 1274 1633 ἀοιδίμους
1302 1577 1466 1636 πράξεις
1494 1578 1596 1634 ἔχειν

125 1645 183 1698 ὥς
211 1646 366 1698 εἲκόνας
396 1648 561 1704 ἀγαθὰς
594 1650 649 1699 εἷς
678 1647 936 1706 παράδειγμα
962 1648 1227 1703 προκειμένας
1251 1647 1485 1703 μιμήσεως,
1528 1649 1595 1690 καὶ

125 1716 218 1772 κατ’
245 1718 394 1767 ἐκείνας
414 1721 637 1774 πειρᾶσθαι
662 1720 727 1759 καὶ
751 1718 872 1761 αὐτὸν
897 1715 1139 1760 ἀπευθύνειν
1161 1715 1293 1760 πάντα
1318 1718 1368 1759 τὰ
1391 1716 1494 1774 παρ’
1520 1716 1597 1759 αὖ·-

124 1789 199 1827 τοῦ
218 1783 481 1842 ἐνεργούμενα
489 1816 503 1837 ,
537 1787 620 1828 ἐπεὶ
642 1788 708 1828 καὶ
731 1786 776 1829 τὸ
799 1786 867 1829 διὰ
887 1786 961 1836 τὰς
980 1783 1171 1836 τοιαύτας
1191 1785 1467 1839 αιῗτοβούλοι’ς
1489 1783 1596 1842 πρά-

218 1903 264 1939 17
287 1903 408 1947 φιλεῖν
431 1900 674 1948 ἀπεργάζεται
694 1905 732 1939 Μ
746 1931 756 1948 ,
781 1904 899 1948 φίλων
921 1901 1165 1949 ἀπεργάζεται
1187 1904 1365 1939 Meursius

123 2008 289 2039 oneratus
313 2010 388 2048 est,
412 2010 447 2040 et
468 2005 660 2040 calumniae
683 2011 790 2050 atque
813 2005 893 2039 odio
916 2006 1088 2040 obnoxius
1111 2006 1197 2051 fuit,
1221 2018 1298 2040 cum
1321 2005 1414 2052 apud
1436 2008 1595 2040 senatum

123 2057 196 2085 tum
230 2051 323 2096 apud
355 2051 468 2097 plebis
498 2052 752 2087 multitudinem
775 2058 812 2086 et
833 2052 945 2097 ipsam
972 2052 1174 2096 ecclesiam,
1202 2053 1295 2096 quod
1317 2052 1455 2087 tandem
1480 2052 1595 2086 odium
1615 2050 1619 2054 ’

122 2097 162 2130 in
195 2102 353 2142 apertum
386 2098 567 2144 prorupit,
604 2098 656 2133 ita
686 2103 725 2132 ut
755 2097 860 2132 etiam
893 2102 1047 2132 mortuus
1076 2098 1311 2144 vilipendatur
1334 2098 1539 2132 traducatur
1562 2102 1598 2133 et

124 2143 393 2198 condemnetur,
427 2144 521 2198 quod
544 2156 617 2179 rem
639 2145 839 2178 indecoram
866 2155 908 2177 ac
930 2143 1058 2178 illustri
1081 2144 1343 2179 Romanorum*
1332 2145 1479 2189 imperio
1503 2143 1596 2178 indi-

123 2199 225 2233 gnam
254 2189 504 2243 inceptaverit.
550 2190 709 2235 singulae
738 2201 885 2234 namque
913 2195 1057 2235 gentes,
1090 2201 1164 2225 cum
1189 2191 1348 2225 diversos
1372 2202 1506 2235 mores,
1542 2191 1597 2224 di-

124 2245 247 2268 versas
270 2234 352 2269 item
375 2236 471 2280 leges
492 2240 529 2271 et
550 2237 819 2271 constitutiones
843 2235 1005 2278 habeant,
1029 2248 1071 2270 ea
1092 2237 1247 2271 retinere
1269 2236 1397 2271 debent
1418 2248 1510 2282 quae
1529 2236 1597 2271 sibi

127 2279 273 2336 propria
306 2287 407 2326 sunt,
442 2287 479 2317 et
511 2284 554 2317 ab
578 2283 656 2328 ipsa
679 2288 786 2327 gente
810 2293 875 2327 pro
898 2282 1104 2317 condicione
1127 2282 1263 2338 proprii
1285 2288 1397 2317 status
1421 2282 1598 2318 consortia

127 2327 234 2361 inire.
281 2328 564 2371 quemadmodum
596 2329 687 2363 enim
718 2328 855 2373 singula
878 2327 1038 2362 animalia
1063 2340 1136 2363 cum
1160 2328 1205 2363 iis
1226 2340 1317 2374 quae
1340 2329 1495 2363 eiusdem
1516 2334 1598 2363 sunt

126 2371 267 2426 generis
298 2374 582 2419 commiscentur,
616 2375 669 2409 sic
700 2380 736 2409 et
766 2374 921 2418 singulas
943 2379 1067 2418 gentes
1091 2387 1160 2409 non
1183 2387 1227 2409 ex
1251 2375 1459 2419 alienigenis
1483 2386 1598 2420 neque

127 2429 173 2453 ex
197 2417 362 2453 diversae
383 2419 523 2464 linguae
546 2421 767 2465 nationibus,
791 2421 854 2454 sed
878 2431 922 2454 ex
948 2420 1199 2455 contribulibus
1223 2428 1260 2455 et
1282 2421 1435 2455 eiusdem
1459 2420 1598 2466 linguae

126 2464 302 2499 connubia
334 2464 480 2510 iungere
510 2471 779 2502 consentaneum
815 2469 883 2500 est.
931 2465 1013 2501 inde
1044 2467 1176 2513 quippe
1204 2472 1325 2501 mutua
1351 2467 1539 2501 concordia
1562 2472 1599 2502 et

126 2510 288 2545 amabilis
311 2513 525 2548 consuetudo
549 2518 655 2558 atque
680 2512 862 2547 convictus
887 2512 972 2546 oriri
996 2512 1102 2547 solet:
1130 2524 1244 2548 mores
1266 2518 1380 2547 autem
1405 2513 1538 2548 diversi
1562 2518 1599 2547 et

127 2555 293 2591 diversae
316 2557 413 2601 leges
434 2558 635 2594 inimicitias
657 2559 794 2605 potius,
822 2558 1049 2604 discordiam,
1074 2559 1156 2594 odia
1179 2565 1216 2593 et
1236 2559 1428 2594 seditiones
1451 2559 1597 2604 gignere

127 2602 256 2645 solent,
283 2613 374 2647 quae
395 2615 464 2637 non
492 2605 662 2640 amicitias
686 2610 749 2640 aut
772 2605 1041 2640 communionem
1066 2606 1131 2640 sed
1154 2604 1356 2639 inimicitias
1381 2618 1422 2639 ac
1445 2606 1598 2640 divortia

127 2647 273 2683 efficere
295 2656 563 2684 consueverunt.
598 2663 712 2696 neque
735 2650 813 2685 illos
835 2651 896 2704 qui
903 2651 1103 2706 legitime'
1092 2663 1266 2697 imperare
1288 2651 1420 2695 volunt,
1446 2664 1488 2686 ea
1508 2663 1599 2697 quae

128 2705 314 2749 perperam
347 2707 369 2729 a
398 2695 603 2740 quibusdam
627 2698 706 2732 sive
731 2709 774 2732 ex
794 2696 937 2733 inscitia
958 2698 1036 2733 sive
1059 2710 1102 2732 ex
1124 2698 1325 2742 arrogantia
1338 2704 1494 2751 peracta
1516 2702 1596 2731 sunt

127 2739 259 2774 imitari
293 2745 451 2786 oportet,
488 2744 552 2777 sed
584 2743 720 2778 illorum
755 2742 815 2788 qui
846 2744 1034 2780 secundum
1063 2744 1161 2788 leges
1192 2749 1229 2777 et
1257 2744 1312 2778 ius
1336 2743 1598 2789 imperaverunt

128 2785 318 2821 laudabilia
347 2792 447 2831 gesta
470 2788 578 2824 veluti
600 2791 711 2824 bonas
733 2789 904 2834 imagines
925 2791 972 2825 ad
994 2790 1206 2844 sequendum
1232 2790 1430 2835 propositas
1454 2790 1596 2845 habere,

130 2843 325 2897 curareque
346 2838 385 2868 ut
407 2835 453 2870 ad
476 2846 538 2871 eas
561 2836 676 2872 omnia
697 2837 792 2872 facta
813 2848 875 2872 sua
899 2837 1066 2884 dirigant,
1086 2835 1258 2882 siquidem
1282 2836 1386 2871 velis
1406 2836 1468 2882 qui
1484 2835 1596 2883 ipsum
