1780 3132
206 145 268 190 40
468 145 830 189 CONSTANTINI
868 145 1356 188 PORPHYROGENITI

206 255 356 310 ἐκλήθη
388 258 428 297 δὲ
461 256 536 297 ἀπὸ
562 254 728 310 Κύπρου
756 259 828 308 τῆς
855 256 1057 311 θυγατρὸς
1091 254 1282 311 Κινύρου,
1327 255 1352 309 ἢ
1376 259 1445 308 τῆς
1471 256 1619 307 Βίβλου

206 326 271 364 καὶ
301 325 554 379 Ἀφροδίτης,
593 321 646 370 ὥς
668 322 961 377 Φιλοστέφανος
988 325 1028 364 ἐν
1054 327 1109 378 τῷ
1131 324 1218 377 περὶ
1238 319 1367 375 νήσων
1388 323 1452 363 καὶ
1470 321 1622 376 Ἴστρος

208 392 248 431 ἐν
267 390 460 438 ἀποικίαις
475 389 702 443 Αἶγυπτίων
722 386 945 443 ἷστόρησαν.
1012 388 1256 441 ἐβασιλεύετο
1278 389 1321 430 δὲ
1340 387 1527 444 πρότερον
1544 386 1621 430 ὕπὸ

206 460 360 499 πολλῶν
381 459 444 497 καὶ
469 453 671 511 διαφόρων
689 455 896 508 βασιλέων,
936 455 1135 509 κατελύθη
1158 457 1200 497 δὲ
1219 454 1244 509 ἦ
1263 453 1423 508 τοιαύτη
1441 456 1622 508 βασιλεία

205 521 282 564 ὑπὸ
303 527 380 564 τῶν
400 520 660 572 Μακεδόνων,
693 523 869 564 τουτέστι
889 527 967 564 τῶν
982 523 1255 575 Πτολεμαίων.
1323 522 1395 571 ἕως
1413 521 1488 576 γὰρ
1514 521 1655 563 {sse-5

205 587 373 643 ξάνδρου
393 593 465 630 τοῦ
484 587 721 638 Μακεδόνος
747 588 991 641 ἐβασιλεύετο
1020 589 1140 644 ἤγουν
1171 591 1436 645 ἐτυραννεῖτο,
1467 585 1542 643 ὕφ’
1570 582 1625 629 ὧν

203 654 404 710 τυράννων
431 654 669 710 Ἀνάξαρχος
695 654 715 696 ὅ
747 654 966 712 φιλόσοφος
995 655 1210 712 ἀναιρεῖται
1237 655 1338 708 μετὰ
1365 654 1433 696 τὸν
1450 651 1626 696 θάνατον

198 721 469 777 Ἀλεξάνδρου.
537 724 602 763 καὶ
628 721 866 778 Ἰσοκράτης
893 721 913 763 ὅ
940 721 1070 778 ῥήτωρ
1094 722 1193 779 πρὸς
1213 720 1440 777 Δημόνικον
1461 721 1531 763 τὸν
1553 721 1628 763 αὗ-

206 793 279 841 τῆς
305 787 566 840 βασιλεύοντα
597 787 735 843 λόγους
767 787 985 845 διαφόρους
1011 791 1206 843 πεποίηκε.
1273 786 1550 844 κρατησάντων
1586 788 1629 828 δὲ

207 860 285 896 τῶν
301 853 503 908 Ῥωμαίων
526 856 693 911 ἐπαρχία
714 856 865 910 γέγονε,
900 858 964 897 καὶ
985 857 1151 911 διῃρέθη
1162 888 1174 906 ,
1209 855 1263 906 ὥς
1280 857 1544 912 προλέλεκται,
1574 857 1628 903 εἷς
1641 861 1684 895 10

206 919 338 970 πόλεις
359 921 416 962 ιε’.
483 926 555 963 τοῦ
579 921 726 976 χρόνου
757 923 800 963 δὲ
829 922 1182 978 παραδραμόντος,
1224 925 1288 964 καὶ
1309 927 1387 964 τῶν
1403 920 1631 975 (Ρωμαΐκῶν

207 987 338 1028 ὅπλων
357 988 631 1030 κατιωθέντων
654 990 693 1038 ἐξ
715 989 896 1041 ἀμελείας
904 1020 917 1039 ,
955 987 1175 1045 ἐκράτησαν
1201 989 1323 1042 αὐτῆς
1348 989 1384 1030 οἳ
1406 989 1632 1044 Σαρακηνοὶ

208 1056 271 1095 ἐπὶ
302 1058 372 1107 τῆς
397 1053 634 1110 “Ηρακλείου
662 1057 867 1108 βασιλείας
877 1086 889 1105 ,
923 1057 988 1096 καὶ
1014 1060 1170 1111 πρῶτος
1194 1056 1234 1096 ἐν
1263 1055 1364 1111 αὐτῇ
1392 1053 1632 1111 διαπεράσας

201 1119 524 1176 Ἀβουβάχαρος,
572 1115 619 1163 οὗ
653 1124 718 1163 καὶ
751 1126 821 1175 τῆς
856 1122 1058 1177 θυγατρὸς
1087 1124 1127 1164 ἐν
1155 1123 1255 1177 αὐτῇ
1286 1121 1414 1178 τάφος
1441 1123 1632 1176 φαίνεται,

207 1187 355 1241 ταύτης
374 1186 597 1242 ἐκράτησεν.
663 1187 684 1228 ὃ
715 1189 758 1229 δὲ
782 1188 977 1243 μακάριος
1002 1191 1066 1230 καὶ
1095 1187 1338 1244 περιώνυμος
1368 1189 1434 1228 καὶ
1455 1188 1634 1240 ἀοίδιμος
1645 1195 1686 1230 15
1725 1204 1728 1208 ’

207 1254 248 1295 ἐν
268 1251 475 1306 βασιλεῦσι
498 1256 707 1303 Βασίλειος
729 1256 783 1303 εἷς
804 1255 983 1307 θέματος
1006 1253 1116 1304 τάξιν
1135 1254 1282 1307 ταύτην
1303 1254 1534 1307 κατέστησε,
1569 1255 1636 1295 καὶ

209 1321 434 1375 διεπέρασεν
453 1321 492 1362 ἐν
510 1322 610 1376 αὐτῇ
628 1321 848 1377 στρατηγὸν
864 1320 1033 1371 Ἀλέξιον
1058 1323 1201 1362 ἐκεῖνον
1221 1321 1289 1362 τὸν
1309 1318 1556 1375 περιβόητον,
1589 1321 1634 1362 τὸ

207 1388 316 1442 γένος
331 1387 544 1442 Ἀρμένιον,
579 1388 623 1437 ὃς
644 1390 708 1429 καὶ
731 1386 990 1442 ἐπεκράτησεν
1012 1387 1134 1442 αὗτῆς
1149 1386 1321 1443 χρόνους
1342 1385 1453 1428 ἑπτά.
1519 1385 1637 1428 πάλιν

211 1455 253 1495 δὲ
284 1454 471 1509 ἀφῃρέθη
500 1452 577 1496 ὑπὸ
610 1459 687 1497 τῶν
716 1457 971 1511 Σαρακηνῶν,
1017 1457 1082 1496 καὶ
1108 1452 1256 1508 ταύτην
1279 1457 1565 1510 φορολογοῦσιν
1585 1451 1638 1503 ὦς

212 1522 276 1561 καὶ
297 1519 500 1576 πρότερον.
1650 1531 1694 1564 20

303 1649 321 1681 1
342 1644 381 1680 δὲ
397 1658 449 1680 om
469 1647 498 1680 C
631 1648 654 1681 3
679 1644 873 1691 ἱστόρησαν
896 1659 949 1681 οη]
973 1649 1002 1681 C
1126 1647 1150 1681 4
1169 1644 1323 1700 τοιαύτη
1349 1646 1516 1681 AMorelli
1539 1650 1575 1680 et
1598 1647 1641 1689 C,

302 1689 417 1734 αὐτῆς
440 1692 472 1723 V
496 1694 531 1724 et
553 1692 745 1726 Bandurius
836 1694 858 1726 6
881 1693 950 1725 τοῦ
972 1691 1146 1736 βασιλέως
1168 1691 1396 1724 Μακεδονων
1418 1692 1449 1725 A
1537 1689 1642 1732 ἐκρα-

301 1739 398 1770 τεῖτο
420 1733 475 1778 ἐφ’
500 1734 560 1770 AC
659 1738 682 1771 8
704 1735 779 1780 καὶ]
802 1733 859 1770 διὸ
882 1736 944 1769 καὶ
970 1737 1002 1769 V
1099 1737 1120 1770 9
1143 1734 1332 1779 ἐπεποίηκε
1358 1737 1387 1770 C
1479 1736 1520 1770 11
1544 1733 1587 1778 ιγ’
1611 1735 1644 1767 V

305 1783 347 1814 12
361 1779 616 1815 κατιωθέντων
629 1781 677 1814 Cz
693 1781 802 1815 ceteri
816 1780 1057 1814 κακωθέντων
1126 1782 1168 1815 13
1184 1779 1368 1824 βασιλείας
1382 1777 1573 1823 ἡρακλείου
1581 1779 1644 1813 AV

303 1823 466 1867 περάσας
488 1825 521 1856 V
642 1824 686 1861 14
709 1823 728 1859 ὁ
751 1825 869 1869 βουβοὶ
894 1837 982 1869 αρος
1003 1826 1044 1868 Λ,
1069 1822 1089 1858 ὁ
1115 1825 1320 1881 βούβαρχος
1346 1826 1375 1858 C
1465 1823 1586 1867 τάφος
1605 1822 1646 1858 ἐν

304 1867 401 1912 αὐτῆ
426 1871 455 1902 C
563 1870 605 1905 15
626 1868 854 1912 περιώνυμος
871 1837 914 1903 {v
936 1870 1151 1914 βασιλεῦσιν,
1177 1883 1197 1905 ο
1222 1866 1308 1912 ἐμός
1327 1867 1480 1909 ποίππος
1503 1871 1589 1905 Βασ.
1612 1869 1646 1902 V

308 1916 349 1949 16
373 1911 492 1957 αὖτὴν
517 1915 546 1948 C
683 1917 723 1950 17
745 1913 971 1959 Ἀλέξανδρον
995 1912 1197 1959 στρατηγὸν
1220 1915 1252 1950 V

217 2024 478 2069 appellationem
500 2035 583 2058 vero
606 2035 699 2058 suam
724 2025 858 2071 accepit
878 2037 899 2060 a
921 2026 1039 2070 Cypro
1060 2025 1131 2059 filia
1153 2024 1303 2069 Cinyrae
1326 2024 1383 2058 vel
1404 2023 1495 2058 Bibli
1517 2028 1553 2058 et
1575 2023 1646 2058 Ve-

217 2069 330 2112 neris,
359 2075 397 2103 ut
419 2070 704 2114 Philostephanus
726 2070 814 2105 libro
837 2072 879 2105 de
898 2071 1020 2105 insulis
1042 2076 1078 2104 et
1097 2071 1205 2104 Istrus
1228 2071 1271 2103 de
1291 2069 1435 2104 coloniis
1454 2069 1647 2122 Aegyptio-

217 2125 290 2147 rum
317 2116 498 2147 memoriae
521 2115 755 2158 prodiderunt.
801 2116 895 2150 multi
927 2122 1036 2149 autem
1067 2127 1107 2149 ac
1139 2114 1268 2148 diversi
1295 2125 1397 2158 reges
1426 2118 1527 2146 antea
1549 2124 1585 2146 in
1607 2124 1650 2147 ea

217 2164 416 2202 regnarunt.
452 2160 617 2202 dissipata
640 2172 722 2194 vero
749 2165 803 2195 est
822 2161 920 2204 regia
942 2162 1014 2194 eius
1039 2159 1288 2194 administratio
1309 2161 1372 2193 sub
1393 2158 1652 2201 Macedonibus,

218 2203 284 2236 hoc
308 2208 360 2237 est
381 2204 597 2237 Ptolemaeis:
635 2217 710 2238 nam
735 2206 778 2239 ad
799 2206 1023 2239 Alexandrum
1045 2216 1159 2249 regem
1182 2205 1403 2238 Macedonum
1427 2214 1533 2246 usque
1557 2202 1651 2246 regi-

217 2249 282 2281 bus
313 2249 387 2281 sive
417 2249 573 2291 tyrannis
609 2250 743 2293 paruit,
783 2262 804 2284 a
837 2252 958 2294 quibus
987 2250 1143 2293 tyrannis
1175 2248 1395 2282 Anaxarchus
1429 2247 1652 2293 philosophus

219 2292 373 2326 sublatus
397 2299 450 2326 est
472 2298 551 2337 post
572 2293 756 2327 Alexandri
779 2295 921 2330 obitum.
955 2301 991 2328 et
1011 2295 1180 2328 Isocrates
1202 2294 1320 2327 rhetor
1342 2292 1456 2326 varias
1479 2292 1652 2326 orationes

219 2337 262 2370 ad
285 2337 502 2371 Demonicum
524 2338 560 2370 in
583 2350 623 2371 ea
644 2347 844 2382 regnantem
868 2339 1082 2384 conscripsit.
1106 2344 1283 2383 postquam
1306 2349 1390 2371 vero
1414 2337 1556 2370 Romani
1579 2348 1652 2371 eam

218 2387 440 2426 occuparunt,
463 2383 497 2415 in
523 2383 769 2427 praefecturam
789 2385 929 2419 redacta
954 2390 990 2418 et
1010 2385 1044 2417 in
1069 2383 1279 2428 quindecim,
1303 2388 1341 2416 ut
1361 2381 1525 2425 diximus,
1548 2382 1652 2415 urbes

218 2426 284 2460 fuit
311 2426 434 2460 divisa.
482 2433 517 2460 at
539 2439 699 2462 successu
722 2430 884 2473 temporis
907 2429 1079 2463 enervatis
1101 2439 1164 2472 per
1188 2427 1429 2471 negligentiam
1453 2426 1554 2460 armis
1578 2427 1652 2459 Ro-

219 2482 403 2513 manorum,
427 2472 462 2505 in
485 2472 733 2507 Saracenorum
756 2479 960 2518 potestatem
984 2474 1090 2515 venit,
1111 2479 1278 2516 regnante
1298 2471 1472 2506 Heraclio.
1519 2482 1559 2504 ac
1579 2471 1653 2514 pri-'

219 2527 292 2548 mus
317 2516 451 2559 quidem
475 2516 510 2549 in
533 2529 605 2550 eam
629 2529 702 2552 cum
724 2519 918 2553 traiecisset
941 2518 1201 2560 Abubacharus,
1234 2517 1329 2550 cuius
1353 2516 1481 2561 pariter
1503 2521 1539 2549 et
1559 2515 1653 2550 filiae

219 2560 432 2604 sepulchrum
459 2561 509 2594 ibi
540 2562 708 2606 cernitur,
741 2563 778 2596 in
801 2575 893 2598 suam
917 2569 1119 2608 potestatem
1141 2574 1214 2596 eam
1237 2561 1384 2605 redegit.
1429 2562 1548 2595 beatus
1570 2571 1653 2594 vero

219 2617 259 2638 ac
283 2605 406 2639 nobilis
430 2606 692 2651 praeclarusque
715 2607 900 2652 imperator
922 2608 1069 2642 Basilius
1100 2619 1172 2641 eam
1204 2607 1239 2640 in
1269 2617 1440 2640 numerum
1472 2605 1654 2639 thematum

218 2650 374 2694 redegit,
408 2651 612 2696 traiecitque
634 2653 669 2686 in
693 2664 766 2686 eam
792 2653 943 2687 Alexium
967 2653 1195 2697 praefectum,
1229 2651 1343 2696 magni
1365 2649 1508 2684 nominis
1532 2649 1654 2692 virum,

218 2695 356 2728 natione
379 2696 591 2739 Armenium,
629 2697 688 2742 qui
711 2702 746 2731 et
767 2698 865 2731 annis
889 2703 1018 2742 septem
1042 2697 1076 2730 ei
1097 2697 1293 2740 imperavit.
1338 2706 1456 2730 rursus
1487 2700 1598 2729 autem
1633 2706 1654 2728 a

218 2739 401 2773 Saracenis
426 2746 545 2785 erepta
569 2746 633 2787 est,
661 2742 782 2786 quibus
805 2749 840 2777 et
862 2743 1024 2777 tributum
1047 2742 1184 2788 pendit,
1208 2746 1246 2775 ut
1269 2746 1304 2775 et
1328 2746 1440 2775 antea.
