1780 3132
313 128 368 170 iN
409 127 772 171 SYNECDEMUM
810 128 1251 173 COMMENTARmS.
1404 122 1499 172 497

69 239 140 280 sed
166 251 391 293 perperam,
422 243 614 295 appellat.
645 243 759 296 peius
785 244 911 285 multo
941 244 1186 286 Chalcedon.
1216 257 1256 298 p.
1276 246 1359 286 664
1384 244 1505 295 Poly-

71 295 260 336 chronius
294 294 504 347 Δαδύρων
535 298 710 339 dicitur:
730 299 882 339 rectius
898 301 1076 341 Nicaeno
1101 300 1274 341 secundo
1295 313 1334 354 p.
1351 302 1407 341 52
1435 301 1507 341 Ni-

69 354 180 392 oetas
206 347 455 403 Δαδύβρων.
511 353 605 393 vide
632 354 840 394 Probabil.
868 367 903 395 c.
935 359 1001 396 13.

175 419 270 468 396,
299 421 363 458 19.
430 416 471 456 Γ
470 414 656 468 αλαιίας]
699 419 813 459 deest
848 416 1025 471 πρώτης.
1094 420 1288 462 Socrates
1328 419 1376 461 Η.
1404 419 1452 461 Ε.
1482 423 1506 460 1

68 474 125 512 36
151 475 194 512 et
223 476 251 512 2
277 475 332 512 15
358 469 514 523 μικρὰν
546 471 759 512 Γαλατίαν
788 475 875 515 sive
903 488 1074 528 parvam
1094 475 1302 516 Galatiam
1328 475 1510 528 appellat

72 530 114 566 et
139 531 255 567 vetus
281 527 387 580 lapis
416 527 456 567 in
487 528 615 568 Roma
633 528 875 570 Subterran.
904 543 943 583 p.
960 532 1053 580 154,
1107 530 1184 570 uod
1202 535 1241 570 et
1265 530 1510 570 Holsteinius

69 581 184 630 vidit,
211 582 279 622 ubi
305 578 499 630 Δόκιμος.
530 581 692 632 χωρίου
721 580 878 636 Γολόης
906 585 1058 635 μικρᾶς
1116 583 1307 631 αλατιάς.
1364 583 1510 635 Ἀγκυ-

70 635 298 686 ρογαλατία
325 637 471 677 dicitur
500 637 540 677 in
569 638 824 679 Sardicensis
852 641 996 690 synodi
1024 640 1141 693 epist.
1171 644 1265 680 tom.
1296 644 1324 680 3
1352 640 1509 680 Concil.

69 691 218 732 Gener.
246 704 285 744 p.
304 693 371 740 51,
399 692 504 744 quod
533 691 697 743 Ancyra
723 694 839 734 huius
867 699 975 735 esset
1001 696 1253 747 metropolis.
1310 695 1511 735 subditam

70 751 205 787 autem
228 747 444 797 consulari,
476 759 592 800 quem
619 747 694 786 τοῦ
737 744 886 795 ἔθνους
914 744 1098 800 ἄρχοντα
1124 750 1374 791 Sozomenus
1402 752 1431 789 5
1457 754 1509 790 11

71 805 287 853 nuncupat,
313 802 450 852 fuisse,
480 814 534 843 ex
559 802 712 844 Notitia
749 804 842 856 imp.
874 805 1027 845 Orient.
1055 817 1091 845 c.
1119 809 1143 845 1
1175 809 1347 845 constat.

179 865 289 908 [bid.
306 871 372 908 20.
420 859 627 918 ’‘Ayxvya]
658 869 734 908 hoc
761 869 907 911 iustum
937 874 1010 910 est.
1068 867 1212 921 πρώτη
1244 868 1316 908 καί
1341 870 1514 921 μεγίστη

74 919 276 960 Γαλατῶν
314 918 433 966 πόλις
473 923 643 963 {libanio
682 924 897 977 Apologct.
935 930 1039 966 orat.
1077 939 1117 978 p.
1139 928 1235 974 599,
1277 925 1515 978 metropolis

76 975 270 1017 Galatiae
297 977 338 1017 in
365 977 572 1018 Theodori
612 979 805 1029 Syciotae
835 981 930 1021 Vita
959 982 1078 1022 XXll
1117 980 1248 1033 April.
1281 981 1516 1033 saepissime

75 1029 233 1084 dicitur.
263 1031 356 1073 vide
387 1031 481 1072 Aut.
513 1033 602 1074 [tin.
633 1047 672 1087 p.
695 1037 788 1075 143.

180 1095 291 1139 [bid.
353 1097 510 1152 Ταβία]
545 1104 635 1140 erat
664 1100 706 1141 in
735 1101 932 1152 Trocmis,
959 1101 1065 1142 unde
1093 1114 1238 1141 numus
1271 1099 1352 1138 ΟΕ.
1386 1099 1514 1140 ΤΡΟ.

79 1150 453 1203 ΤΛΟῚἸΑΝΩΝ,
493 1154 806 1196 severianorum
844 1158 1108 1197 Trocmorum
1154 1156 1443 1204 Tavianorum‚
1473 1156 1516 1195 in

73 1206 196 1248 Thes.
225 1207 381 1249 Britan.
410 1213 505 1249 tom.
533 1214 561 1250 2
583 1223 621 1264 p.
643 1214 738 1252 233.
795 1211 914 1264 plura
928 1211 1078 1252 Anton.
1098 1212 1188 1252 ltin.
1210 1224 1248 1264 p.
1272 1214 1367 1261 202,
1396 1215 1438 1250 ct
1465 1210 1516 1250 de

73 1260 239 1315 Aspona
267 1276 305 1315 p.
328 1266 419 1304 143.

182 1327 293 1370 lbid.
349 1328 505 1379 Κίννα]
535 1330 657 1372 habet
683 1331 789 1372 hanc
820 1332 959 1372 urbem
977 1331 1169 1372 Galatiae
1195 1332 1293 1372 vita
1310 1331 1518 1372 Theodori

73 1382 266 1433 Syciotae
293 1396 327 1425 c.
355 1387 408 1434 8,
440 1390 480 1425 et
507 1387 727 1427 Nicaenum
753 1388 968 1428 secundum
995 1399 1034 1439 p.
1056 1389 1124 1427 50.
1193 1386 1411 1438 Κιννηνών
1440 1382 1518 1423 πό-

71 1437 136 1484 λις
164 1439 306 1479 concil.
331 1438 639 1494 constantinop.
669 1442 788 1482 tertio
819 1455 858 1495 p.
872 1445 970 1483 501.
1042 1442 1273 1482 Ptolemaeo
1301 1453 1517 1493 perperam

71 1494 196 1547 vulgo
227 1492 408 1546 Κιάινα,
437 1497 543 1549 quod
575 1497 668 1538 hinc
710 1497 864 1550 corrigi
904 1497 1053 1539 debere
1094 1496 1243 1537 codicis
1275 1495 1516 1537 Coisliniani

71 1546 209 1588 Κίννα
237 1548 437 1591 adfirmat.
534 1551 536 1553 “

175 1602 287 1645 Ibid.
338 1601 658 1660 Ῥεγαναγαλιά]
683 1601 977 1658 Ῥεγελαγανιά
1003 1609 1253 1659 oportuerat,
1269 1605 1415 1658 quippe
1436 1606 1518 1646 La-

73 1658 200 1710 gania
224 1659 412 1700 Tabulae
438 1666 479 1700 et
506 1662 596 1702 ltin.
627 1663 725 1702 Ant.
755 1675 794 1713 p.
815 1665 908 1702 142.
965 1662 1050 1702 eius
1080 1661 1245 1714 praesul
1262 1661 1515 1712 Euphrasius

72 1710 297 1758 Λασανίας
331 1714 478 1755 dicitur
505 1729 544 1768 p.
563 1718 619 1756 95
656 1717 799 1757 concil.
829 1717 1098 1765 Chalcedon„
1126 1715 1262 1755 verius
1290 1713 1516 1764 Λαγανιάς

71 1779 110 1819 p.
130 1771 225 1808 662.
251 1768 359 1808 dicta
388 1770 575 1823 deinceps
591 1771 917 1824 Anastasiupolis
949 1771 1123 1820 videtur,
1153 1769 1340 1823 quoniam
1370 1770 1413 1810 in
1432 1771 1513 1810 Iac.

71 1822 200 1863 Goari
227 1824 388 1864 Notitiis
420 1825 496 1865 illa
523 1830 780 1874 memoratur,
810 1838 1008 1878 nusquam
1033 1825 1246 1877 Lagania3
1272 1836 1392 1877 quam
1420 1837 1517 1864 con-

71 1877 264 1918 iecturam
295 1879 395 1919 situs
423 1881 677 1932 plausibilem
705 1880 816 1921 facit.
873 1880 1060 1933 Lagania
1088 1882 1143 1919 24
1161 1881 1219 1919 Μ.
1251 1879 1293 1920 P.
1325 1878 1517 1932 luliopoli

70 1932 261 1982 distabat,
288 1935 410 1986 spatii
438 1936 607 1975 medium
642 1940 805 1975 secante
834 1934 968 1976 siben
998 1935 1134 1983 fluvio,
1164 1935 1227 1974 cui
1255 1933 1416 1983 Syceon
1444 1947 1517 1986 op-

69 1988 203 2040 pidum
228 1988 400 2030 vicinum
439 1996 554 2038 erat,
584 1990 779 2042 Procopio
808 1990 940 2030 Aedis.
981 1991 1077 2030 lust.
1105 1992 1133 2028 5
1161 1992 1187 2029 4
1212 1994 1408 2029 auctore:
1437 1988 1517 2037 Sy-

74 2054 174 2083 ceon
206 2056 304 2084 vero
330 2057 418 2085 cum
448 2050 500 2085 12
528 2046 582 2085 Μ.
612 2046 654 2086 Ρ.
686 2045 989 2099 Anastasiupoli
1018 2044 1180 2095 afuerit,
1209 2056 1290 2084 non
1318 2044 1404 2084 alia
1432 2044 1515 2084 uti-

71 2109 148 2150 que
191 2110 238 2138 ea
267 2111 316 2140 ac
358 2101 544 2154 Lagania
580 2101 749 2140 dicenda
791 2105 864 2140 est.
931 2101 1028 2141 Vita
1066 2099 1274 2140 Theodori
1314 2098 1516 2149 Syceotae

71 2164 107 2194 c.
133 2157 182 2194 2:
209 2154 254 2194 in
286 2151 545 2196 Galatarum
563 2158 737 2208 reyione
766 2159 836 2196 est
870 2154 1081 2208 oppidum,
1108 2153 1220 2208 qnod
1235 2151 1408 2207 Syceon
1438 2165 1515 2207 ap-

73 2206 276 2260 pellatur,
294 2209 533 2251 subiectum
547 2207 876 2263 Anastasiopoli
899 2212 1028 2264 primi
1047 2205 1372 2263 Ancyranorum
1393 2211 1514 2261 prin-

72 2264 272 2317 cipatus:
299 2265 437 2306 distat
461 2269 601 2306 autem
624 2262 956 2318 Anastasiopoli
974 2269 1026 2305 12
1050 2265 1105 2304 Μ.
1128 2265 1194 2313 Ρ.;
1224 2265 1292 2304 ubi
1322 2265 1363 2304 P.
1381 2264 1513 2304 Fran-

71 2318 200 2358 ciscus
230 2319 357 2360 Zinus
375 2352 387 2371 ‚
430 2323 492 2361 cui
519 2321 706 2362 Latinam
747 2333 835 2360 eam
864 2321 989 2361 vitam
1018 2319 1231 2367 debemus,
1255 2319 1363 2359 haud
1392 2319 1513 2359 dubie

71 2372 234 2413 offendit
261 2376 314 2414 ad
338 2373 506 2426 πρώτην
534 2374 797 2425 Ἀγκυρανῶν
827 2374 1050 2427 ἐπαρχίαν,
1078 2378 1126 2415 ut
1144 2386 1198 2416 ex
1224 2374 1353 2427 primo
1378 2373 1513 2423 Ancy-

72 2438 265 2470 ranorum
292 2430 522 2483 principatu
549 2431 801 2483 perspicitur.

180 2492 290 2536 Ibid.
317 2500 383 2537 21.
438 2493 727 2548 Ῥεγέμνηζος]
754 2493 916 2542 Μνίζος
946 2499 1019 2546 est,
1048 2495 1162 2536 cuius
1195 2495 1406 2548 episcopus
1427 2493 1511 2534 An-

71 2547 192 2590 dreas
223 2546 382 2595 πόλεως
412 2550 583 2598 ΙΙΙνίζου
623 2550 694 2600 τῆς
732 2545 894 2602 πρώτης
944 2549 1025 2588 τῶν
1064 2549 1268 2589 Γαλατῶν
1304 2548 1512 2600 ἐπαρχίας

73 2604 243 2644 concilio
255 2605 560 2658 Constantinop.
584 2606 703 2645 tertio
726 2619 763 2657 p.
780 2607 861 2645 501
894 2605 1121 2646 subscribit.
1153 2605 1319 2646 Nicaeni
1347 2604 1511 2644 secundi

73 2659 231 2700 concilii
262 2661 392 2701 adfuit
424 2661 533 2702 Actis
565 2661 740 2703 eiusdem
778 2660 990 2715 episcopus
1006 2662 1102 2712 Leo,
1133 2661 1204 2702 sed
1234 2661 1302 2714 qui
1331 2659 1510 2702 vitiosis-

163 2746 283 2781 Const.
312 2746 441 2794 Porph.
1271 2745 1317 2780 32
