1780 3132
279 162 371 206 366
601 166 855 205 BANDURII
897 163 1388 208 ANlMADVERSlONES

276 278 341 330 qui
370 281 408 317 et
419 276 698 317 Constantinus
721 276 848 315 dictus
867 276 950 326 fuit,
981 276 1038 315 uti
1062 288 1182 328 supra
1207 276 1572 326 demonstravimus,
1610 277 1686 318 hoc

276 333 530 378 adtribuunt3
560 330 652 381 quin
680 334 720 368 et
744 334 935 381 perpetua
964 330 1068 381 apud
1089 334 1288 383 nostrates
1313 332 1476 371 traditio
1505 333 1685 378 habetur,

275 398 392 424 unum
430 397 480 423 ex
527 384 677 422 duobus
715 384 939 435 alphabetis
976 384 1202 423 Slavonicis
1241 382 1496 425 Kiurilizam
1545 387 1690 425 dictum

275 440 400 490 ipsius
427 437 569 486 Cyrilli
598 448 705 487 esse,
748 449 774 476 a
801 435 960 478 Kiurul
998 438 1156 477 nomine
1182 438 1330 487 Slavo,
1363 440 1464 488 quod
1494 439 1685 488 cyrillum

276 494 416 533 Latine
446 495 584 539 sonat,
613 491 928 540 denominatum3
969 493 1137 531 alterum
1165 503 1261 532 vero
1291 489 1522 532 Bukm'zam
1552 494 1687 544 appel-

276 548 399 586 latum
429 545 519 584 Divi
541 545 780 594 Hieronymi.
836 546 886 584 de
913 545 975 584 his
999 546 1150 584 duobus
1179 545 1404 597 alphabetis
1422 547 1587 585 loannes
1611 547 1686 586 Pa-

275 601 423 639 latinus
459 599 499 638 in
538 611 659 650 opere
686 600 823 638 Italico
864 600 913 638 de
949 603 1036 639 arte
1069 598 1289 648 scribendi,
1318 600 1367 637 de
1395 599 1687 639 characteribus

274 665 371 693 vero
399 653 442 693 S.
473 653 698 701 Hieronymi
728 653 960 692 Guillelmus
995 654 1204 692 Postellus.
1261 653 1354 704 quid
1392 665 1489 692 vero
1527 652 1612 704 ipse
1638 654 1690 692 de

273 707 317 747 S.
338 708 566 756 Hieronymi
595 707 807 758 alphabeto
836 712 875 746 et
901 707 1084 746 versione
1111 718 1250 746 sacrae
1270 707 1490 757 scripturae
1509 707 1560 746 ab
1587 707 1687 758 ipso,

274 766 317 801 ut
344 762 465 807 aiunt,
499 761 539 800 in
567 760 821 800 Slavonicam
860 761 1037 810 linguam
1068 762 1176 800 facta
1205 760 1396 809 sentiam,
1426 760 1596 799 libenter
1625 761 1684 799 fa-

273 816 400 855 tebor.
455 815 594 854 nullibi
621 815 662 853 in
691 815 876 866 operibus
904 815 994 853 Divi
1021 815 1248 863 Hieronymi
1278 826 1327 852 ne
1357 814 1568 865 vestigium
1596 814 1684 866 qui-

273 871 360 908 ‹lem
385 869 517 921 reperi
543 869 705 919 linguae
722 868 982 908 Slavonicae:
1011 880 1126 920 quam
1157 868 1312 919 quidem
1338 867 1370 906 si
1400 867 1615 917 calluisset,
1643 867 1682 907 in

273 923 536 975 explanandis
565 923 784 973 scripturis,
811 926 850 961 et
876 921 1024 973 pluries
1051 933 1136 960 cum
1161 923 1211 960 de
1237 921 1454 960 nominibus
1466 921 1683 970 Hebraicis,

273 991 320 1017 ea
347 977 484 1028 procul
512 976 630 1015 dubio
651 989 743 1015 usus
774 981 891 1015 esset.
946 977 1016 1015 ubi
1045 987 1142 1015 vero
1170 976 1294 1014 Divus
1323 975 1583 1023 Hieronymus
1609 987 1682 1026 pa-

274 1032 391 1071 trium
421 1042 637 1069 sermonem
666 1031 844 1082 appellat
882 1033 951 1069 aut
988 1034 1210 1068 nostratum
1241 1029 1430 1079 linguam,
1459 1029 1498 1067 id
1529 1029 1579 1066 de
1610 1028 1685 1067 lin-

274 1099 356 1137 gua
380 1085 538 1133 Latina,
569 1096 670 1136 quae
699 1089 792 1123 tunc
816 1096 889 1135 per
914 1084 1141 1123 universum
1154 1084 1370 1122 Romanum
1388 1082 1522 1122 orbem
1546 1081 1588 1120 in
1613 1093 1684 1120 usu

273 1144 381 1186 erat,
420 1138 717 1191 intelligendum
756 1150 844 1176 esse
882 1150 995 1176 nemo
1039 1137 1213 1176 eruditus
1255 1136 1430 1187 ignorat.
1512 1139 1684 1174 ceterum

272 1195 377 1246 quod
405 1193 463 1233 ait
489 1193 554 1231 hic
579 1192 749 1243 scriptor
774 1192 1002 1241 Anonymus
1030 1193 1178 1231 Russos
1214 1190 1373 1229 tandem
1413 1189 1603 1230 miraculo
1632 1188 1685 1228 li-

272 1247 334 1288 bri
354 1247 688 1299 evangeliorum,
731 1247 797 1298 qui
835 1258 921 1285 cum
948 1246 990 1285 in
1028 1246 1161 1297 ignem
1190 1243 1388 1282 coniectus
1414 1247 1518 1282 esset
1547 1242 1602 1281 ibi
1631 1242 1686 1283 il-

272 1303 404 1341 laesus
442 1313 490 1340 ac
524 1301 682 1352 integer
720 1304 902 1352 repertus
930 1304 1009 1346 est,
1052 1299 1102 1338 ad
1141 1297 1289 1338 Christi
1324 1298 1438 1337 fidem
1473 1307 1687 1335 conversos

272 1357 409 1404 fuisse,
439 1355 535 1394 satis
565 1355 750 1394 convenit
778 1366 864 1394 cum
896 1354 945 1393 iis
987 1365 1088 1405 quae
1120 1353 1169 1391 de
1203 1351 1340 1392 eadem
1367 1362 1412 1390 re
1443 1347 1563 1390 habet
1588 1351 1685 1389 Por-

273 1410 559 1462 phyrogenitus
584 1409 625 1448 in
654 1409 721 1449 avi
749 1409 836 1448 vita
864 1421 902 1447 n·
928 1412 994 1447 96.

378 1478 471 1525 163,
503 1477 568 1515 13.
620 1473 770 1513 Eadem
799 1473 897 1512 haec
926 1485 964 1511 v.
994 1483 1115 1523 supra
1142 1482 1175 1509 c.
1202 1473 1267 1510 29.

383 1538 490 1579 Ibid.
519 1539 585 1578 15.
649 1535 837 1588 Ἀρέντα]
877 1537 996 1577 hodie
1037 1536 1152 1588 regio
1181 1535 1254 1574 illa
1281 1534 1458 1574 Narenta
1484 1536 1524 1572 et
1551 1530 1686 1584 populi

276 1594 383 1635 illius
409 1592 629 1633 Narentani
657 1593 850 1632 dicuntur.

383 1657 491 1700 Ibid.
522 1661 588 1698 1⁷.
645 1651 821 1707 Μάκρον
851 1655 977 1696 Slave
1005 1652 1162 1695 Moero
1188 1655 1447 1704 nuncupatur.

382 1722 490 1763 Ibid.
519 1726 583 1762 18.
634 1719 812 1770 Ὀστρωκ
841 1721 965 1761 slave
993 1718 1151 1771 Ostroy
1189 1718 1428 1769 appellatur.

382 1797 489 1838 Ibid.
520 1802 589 1837 19.
657 1794 854 1846 Κούρκρα
899 1787 986 1846 ἦτοι
1031 1790 1074 1832 τὸ
1117 1791 1262 1842 Κίκερ]
1303 1791 1446 1832 Latine
1489 1787 1691 1837 Consta,

278 1854 404 1896 Slave
426 1850 606 1893 Karkar
631 1851 786 1890 dicitur.

384 1917 492 1958 Ibid.
521 1921 587 1956 20.
660 1915 828 1954 Ms'zera
851 1905 937 1963 ἦτοι
967 1908 1256 1959 Μαλοζεάται]
1288 1910 1411 1950 Slave
1442 1905 1584 1952 Mliet,
1614 1906 1691 1945 La-

276 1973 360 2012 tine
388 1984 485 2012 vcro
514 1971 659 2011 dicitur
687 1967 843 2010 Melita
870 1966 1010 2006 Plinio.
1082 1966 1173 2005 hinc
1200 1965 1321 2004 catuli
1349 1961 1537 2008 Melitaei‚
1565 1960 1690 2000 Calli-

277 2027 415 2067 macho
447 2030 629 2074 auctore,
670 2023 775 2075 apud
802 2021 982 2060 Plinium.
1055 2019 1169 2059 huius
1210 2024 1340 2059 autem
1369 2016 1524 2056 insulae
1553 2025 1690 2064 supre-

278 2094 379 2120 mum
425 2079 636 2119 dominium
674 2077 791 2117 hodie
833 2079 893 2114 cst
926 2086 1047 2126 penes
1088 2085 1171 2113 rem
1206 2073 1402 2124 publicam
1436 2068 1691 2121 Ragusinam,

279 2136 376 2174 utile
405 2146 526 2184 vero,
551 2137 595 2172 ut
622 2132 753 2176 aiunt,
795 2129 1008 2169 dominium
1037 2139 1158 2179 penes
1193 2124 1472 2166 monasterium
1513 2125 1690 2161 nostrum

279 2190 322 2230 S.
351 2189 505 2228 Mariae
534 2187 691 2226 dictum.
756 2185 805 2223 de
842 2184 917 2223 hac
954 2182 1086 2222 insula
1118 2185 1158 2220 et
1196 2178 1437 2219 monasterio
1476 2180 1613 2215 nostro
1641 2175 1692 2212 cf.

279 2245 443 2283 Maurus
470 2242 639 2282 Orbinus
668 2243 805 2280 noster
844 2238 885 2277 in
912 2248 1032 2288 opere
1072 2235 1133 2274 cui
1161 2234 1296 2274 titulus
1335 2231 1377 2274 Il
1403 2229 1546 2283 Reyno
1582 2227 1694 2280 deyli

281 2297 418 2338 slavi.

389 2359 495 2400 Ibid.
526 2363 592 2400 21.
648 2358 691 2396 ἐν
718 2358 808 2400 ταῖς
838 2349 1008 2405 πράξεσι
1039 2351 1119 2390 τῶν
1142 2344 1418 2395 Ἀποστόλων]
1445 2362 1478 2389 c.
1507 2350 1573 2387 28.
1622 2345 1693 2385 sed

282 2428 371 2457 num
401 2415 499 2454 illud
530 2413 643 2453 Pauli
669 2410 922 2462 naufragium
962 2405 1153 2447 acciderit
1178 2417 1302 2457 prope
1326 2404 1503 2443 Melitam
1524 2400 1693 2440 insulam

282 2470 403 2511 maris
428 2468 621 2508 Adriatici
652 2479 703 2505 an
731 2476 828 2504 vero
856 2474 980 2515 prope
1007 2461 1185 2500 Melitam
1208 2459 1329 2499 maris
1355 2457 1482 2496 Africi
1511 2455 1692 2501 insulam,

282 2538 360 2565 non
392 2524 509 2563 facile
550 2532 601 2559 ex
624 2520 786 2559 Actibus
814 2517 1092 2569 Apostolorum
1130 2512 1316 2565 cognosci
1354 2514 1512 2563 potest3
1541 2512 1582 2547 et
1604 2518 1690 2546 meo

285 2578 437 2632 quidem
468 2575 612 2616 iudicio
641 2573 819 2626 quaestio
849 2572 922 2611 illa
949 2568 1173 2610 insolubilis
1202 2567 1370 2606 videtur.

392 2644 482 2692 164,
509 2643 548 2680 3.
606 2634 747 2690 Φάρα]
778 2637 917 2677 Latine
949 2635 1065 2675 etiam
1093 2633 1237 2682 Phara,
1267 2630 1390 2671 Slave
1417 2639 1513 2668 vero
1530 2622 1664 2667 Huar.
