1780 3132
263 140 354 182 510
804 140 1017 179 WESSEL
1020 140 1148 178 lNGll

258 251 358 292 becii
386 251 487 290 Bibl.
516 249 677 290 Caesar.
705 251 733 288 8
772 261 809 300 Ρ.
828 251 909 287 256
939 252 1123 288 accurate
1163 249 1220 288 ita
1257 248 1502 289 describunt:
1531 248 1663 299 Αἰγαι

256 302 373 349 πόλις
401 303 506 342 ἐστιν
548 299 617 339 ἐπι
647 298 788 362 κόλπῳ
826 301 902 348 μὲν
924 300 1049 362 Ἰονίῳ
1080 302 1255 366 κειμένη,
1295 299 1374 339 υπό
1406 301 1586 340 Κιλίκων
1615 303 1661 340 δὲ

255 357 481 407 οικουμένη.
536 349 585 406 ἧς
615 351 660 392 τὸ
685 355 760 402 μὲν
788 352 890 404 πρὸς
918 339 1083 418 ἤπειρον
1122 353 1171 392 ου’
1198 352 1315 392 πολύ.
1371 357 1566 394 πλατεῖαν
1594 355 1664 393 καὶ

255 409 404 455 ἱκανῶς
449 409 505 454 εἰς
547 408 671 457 μῆκος
701 405 924 469 διήκουσαν
951 405 972 445 ὁ
1006 409 1076 457 τῆς
1103 408 1276 457 γείιτοιος
1298 405 1519 470 θαλάσσης
1535 404 1662 458 ὅρμος

257 464 474 512 ἐκὸέχεται
531 463 636 501 male
662 466 792 502 tamen
821 457 955 515 κόλπω
986 460 1104 515 Ἰονίω
1131 463 1358 513 adstruitur,
1388 473 1488 515 quae
1507 456 1662 516 ‘lamma

261 519 392 559 vicina
423 517 508 556 fuit.

365 565 842 617 397,13.Ἐιιιφανιά]
879 569 1140 630 Epiphaniam
1168 568 1331 609 Ciliciae
1358 568 1540 620 oppidum
1565 568 1662 608 Am-

255 626 407 665 mianus
422 628 474 662 22
504 628 554 662 11
585 623 777 673 appellat
806 622 978 662 Basilius
1003 620 1157 667 πόλεως
1187 619 1444 674 Ἐπιφάνειας
1470 623 1541 673 τῆς
1568 621 1662 659 δευ-

256 679 375 727 τέρας
404 691 482 715 των
514 675 696 714 Κιλίκων
736 675 935 725 ἐπαρχίας
971 676 1269 728 Constantinop.
1312 677 1431 716 tertio
1457 689 1495 728 Ρ.
1515 680 1596 716 670
1624 680 1664 714 et

254 734 413 772 Nicetas
446 731 764 782 Epiphaneorum
803 730 976 770 civitatis
1003 729 1300 782 Constantinop.
1329 731 1501 770 secundo
1529 733 1664 782 Ρ.132

254 786 502 836 subscripsit.
560 786 608 823 de
641 784 888 823 Alexandria
915 785 1048 824 itiner.
1077 784 1122 824 Η.
1150 798 1189 836 Ρ.
1207 787 1300 824 580.

367 837 476 879 lhid.
510 841 571 877 14.
623 831 787 882 Ρωσος]
816 838 1017 878 assidebat
1043 838 1164 876 Issico
1194 839 1279 878 sive
1290 837 1451 883 Rhosio,
1477 840 1522 876 ut
1545 837 1664 886 Poly-

256 905 356 932 aeno
384 894 538 940 dicitur,
567 891 681 930 sinui.
739 891 1013 931 Theodoretus
1044 886 1554 952 Pl1i10th.c.1o:‘4³a300;
1578 888 1666 928 ἐστι

257 943 440 984 Κίλισσα
471 943 598 995 πόλις,
630 945 672 981 ἑν
690 943 800 996 δεξιᾷ
829 943 1052 983 εἰσπλέοντι
1080 940 1151 982 τὸν
1171 943 1358 982 Κιλίκιον
1383 939 1546 982 κόλπον.
1571 955 1664 996 pro-

254 1001 360 1040 xime
390 1001 524 1039 urbem
568 1011 710 1038 saxum
738 1004 826 1038 erat
862 999 1070 1049 excelsum,
1097 999 1200 1050 quod
1227 998 1472 1038 Ptolemaeus
1500 1001 1541 1037 et
1569 997 1663 1038 ste,-

256 1055 410 1105 phanus
436 1047 629 1090 Ῥωσικὸν
656 1048 851 1090 σκόπελον
880 1057 1036 1092 vocant.
1101 1052 1271 1092 eiusdem
1299 1051 1472 1091 meminit
1497 1051 1665 1101 Polyae-
1726 1099 1728 1103 ι

255 1121 328 1147 ιιιι5
359 1111 385 1147 4
412 1112 440 1146 6
469 1111 508 1153 9,
536 1106 611 1145 etsi
640 1118 742 1145 nunc
775 1106 871 1145 vitio
900 1106 1126 1146 deformati.
1183 1103 1204 1142 ὁ
1234 1103 1310 1153 μὲν
1338 1104 1581 1165 Σωσιγένης,
1603 1105 1665 1144 in-

255 1162 348 1214 quit,
378 1160 447 1198 ἑνιί
472 1156 774 1210 Ὀρθιουμοίγου
812 1157 1033 1209 διέτριβεν,
1063 1158 1306 1196 α’ποσκοπων
1339 1153 1414 1207 τήν
1440 1158 1515 1196 τοῦ
1543 1152 1665 1196 πελά·

255 1227 352 1265 γους
379 1214 556 1265 κίνησιν.
587 1214 687 1252 nihil
711 1213 814 1274 enin}
833 1213 898 1253 hic
922 1218 982 1252 est
1009 1191 1325 1263 Ὀρθιουμάγου,
1355 1211 1544 1252 Celticum
1571 1211 1665 1265 quid

254 1269 436 1320 spirans,
466 1268 713 1308 vocabulum.
742 1267 838 1306 Abr.
869 1267 1042 1306 Ortelius
1071 1267 1120 1305 de
1152 1266 1412 1315 orthosiade,
1448 1265 1665 1305 Phoenices

255 1323 424 1374 oppido,
468 1321 684 1373 cogitavit;
714 1321 842 1385 quod
870 1333 955 1360 cum
992 1321 1152 1372 longius
1191 1333 1216 1360 a
1243 1320 1378 1360 Rhoso
1405 1323 1445 1358 et
1481 1319 1664 1360 vocabuli

253 1377 433 1416 ductibus
460 1375 590 1425 distet,
619 1370 765 1423 ὀρθίου
787 1369 918 1423 πάγου
947 1374 1105 1424 malim,
1137 1386 1223 1436 quo
1253 1374 1368 1414 modo
1400 1370 1568 1422 ὀρθίους
1595 1371 1666 1410 πὲ-

252 1442 355 1478 τρας
382 1433 409 1468 4
434 1432 463 1469 3
491 1432 545 1468 23
575 1429 687 1468 dixit.
744 1440 892 1490 posses
915 1428 1031 1468 etiam
1063 1405 1299 1489 ὀρθοπᾰγου
1326 1428 1462 1478 legere
1488 1427 1539 1466 ob
1566 1426 1666 1466 haec

250 1482 455 1522 Plutarchi
480 1483 521 1522 in
540 1481 702 1545 Syllap
709 1485 838 1522 &463
866 1477 954 1519 ἔστι
985 1481 1031 1519 δὲ
1059 1476 1217 1532 κορυφὴ
1250 1482 1424 1531 τραχεῖα
1451 1476 1522 1518 καί
1546 1490 1666 1530 στρο-

252 1535 425 1586 βιλῶδες
456 1528 562 1587 ὅρος,
592 1530 615 1572 ὃ
644 1534 846 1583 καλοῦμεν
876 1531 1120 1584 ὄρθόηαγον.

360 1589 469 1630 Ibid.
527 1584 838 1653 Ειρηνούηολις]
868 1590 1031 1628 Paullus
1058 1583 1394 1637 Εἰρηνουπόλεως
1421 1584 1493 1636 τῆς
1521 1583 1666 1624 δευτέ-

252 1656 328 1693 ρας
358 1657 437 1680 των
460 1643 642 1680 Κιλίκων
671 1640 873 1691 ἐπαρχίας
902 1647 963 1680 est
990 1642 1032 1681 in
1050 1641 1349 1692 Constantinop.
1368 1640 1486 1679 tertio
1515 1652 1557 1692 Ρ.
1571 1644 1665 1689 670,

253 1703 293 1737 et
322 1698 363 1736 in
394 1697 534 1736 Hilarii
563 1697 725 1756 Fragm.
755 1696 896 1746 Operis
930 1696 1070 1737 histor.
1097 1694 1307 1734 Narcissus
1334 1693 1566 1746 Irenopolis,
1600 1693 1667 1746 qui

252 1764 339 1791 cum
372 1749 605 1799 Νάρκισσος
643 1745 723 1786 αἠὁ
766 1745 1029 1800 Νερωνιάὸος
1072 1748 1293 1788 Athanasio
1334 1748 1503 1800 Apolog.
1528 1747 1668 1788 Arian.

255 1819 292 1857 Ρ.
312 1806 391 1844 155
418 1805 481 1854 sit,
510 1807 746 1843 monuerunt
786 1803 1029 1842 Benedictini
1070 1803 1280 1853 Neropolis
1318 1802 1360 1841 in
1396 1801 1546 1841 Hilario
1571 1801 1665 1840 olim

253 1860 388 1906 fuisse,
417 1870 556 1910 parum
587 1869 683 1897 sane
712 1857 959 1896 considerate
977 1856 1208 1909 ‚siquidem
1236 1855 1431 1895 Neronias
1460 1859 1499 1894 et
1529 1856 1668 1894 Ireno-

256 1913 361 1964 polis
403 1913 539 1952 eadem
570 1912 667 1950 urbs
698 1914 778 1960 est,
817 1915 857 1950 et
891 1911 1104 1950 Narcissus
1149 1910 1371 1949 Sozomeno
1412 1909 1459 1949 H.
1485 1908 1533 1948 E.
1559 1911 1588 1948 3
1613 1912 1666 1947 10

252 1967 413 2018 praesul
443 1960 747 2016 Ειρηνοηόλεως
774 1964 846 2014 τῆς
877 1963 1067 2009 Κιλικίας
1093 1964 1246 2003 dicitur.
1303 1963 1459 2003 videtur
1473 1962 1670 2002 Neronia-

257 2022 318 2059 dis
343 2020 498 2059 nomine
527 2020 676 2058 donata
703 2030 729 2057 a
748 2017 927 2067 Claudio,
956 2018 1059 2070 quod
1088 2018 1159 2057 sub
1174 2017 1398 2057 Domitiano
1427 2017 1667 2067 imperatore

255 2075 334 2113 iam
365 2075 623 2125 deposuerat·
665 2071 851 2111 discimus
890 2072 965 2111 hoe
1001 2083 1052 2110 ex
1079 2071 1246 2122 egregio
1274 2071 1412 2110 Gazae
1439 2069 1666 2109 Wildianae

253 2141 382 2173 numo,
414 2127 479 2179 qui
508 2139 586 2165 una
614 2130 729 2177 parte
758 2123 969 2163 AYTOK.
1004 2124 1242 2163 ΚΑΙΣΑΡ.
1277 2122 1584 2162 ΔΟΜΙΤΙΑ.

255 2186 296 2220 et
328 2183 458 2221 altera
488 2176 1036 2218 ΕΙΡΗΝΟΠΟΛΕΙΤΩΝ
1062 2177 1145 2216 ET.
1176 2177 1281 2216 ΒΜ.
1310 2189 1395 2217 cum
1423 2178 1555 2229 figura
1583 2180 1668 2216 tur-

254 2235 364 2275 ribus
410 2238 577 2273 ornatae
621 2233 819 2282 mulieris,
861 2233 1024 2283 rupibus
1051 2231 1282 2280 insidentis,
1324 2243 1346 2269 e
1373 2242 1542 2283 quorum
1570 2231 1671 2282 pede

256 2289 382 2329 amnis
411 2289 589 2339 emergit.
654 2298 751 2326 aera
779 2287 819 2325 in
848 2285 1004 2325 Claudii
1035 2262 1323 2337 principatum,
1349 2285 1383 2324 si
1411 2285 1667 2324 conferantur

256 2343 361 2382 numi
387 2354 484 2393 quos
503 2341 744 2381 Vaillantius
773 2340 904 2387 habet,
937 2340 1093 2379 incidet

363 2395 471 2435 Ibid
505 2390 706 2445 Φλαβιὰς]
741 2371 1018 2438 Φλαυϊόήολις
1037 2393 1260 2433 Ptolemaeo
1290 2395 1330 2431 et
1357 2391 1482 2431 numis
1501 2389 1668 2428 Φλαου-

257 2449 488 2486 ιοπολειτῶν
514 2448 556 2487 in
571 2448 690 2487 Thes.
707 2448 858 2487 Britan.
887 2451 977 2486 tom.
997 2451 1023 2486 2
1049 2461 1087 2499 Ρ.
1106 2449 1186 2486 250
1214 2451 1253 2486 et
1270 2445 1487 2486 Vaillantio
1515 2457 1552 2495 p.
1571 2447 1665 2492 3⁷8,

257 2516 279 2542 e
307 2514 470 2555 quorum
499 2502 660 2553 signata
689 2501 839 2553 epocha
864 2513 893 2547 a
920 2501 1166 2552 Vespasiano
1202 2500 1443 2551 imperatore
1468 2498 1668 2538 instaura-

255 2562 338 2596 tam
363 2557 494 2596 dicere
523 2559 690 2606 oportet.
755 2555 919 2594 Flavias
959 2555 1048 2595 ltin.
1091 2555 1236 2594 Anton.
1270 2567 1309 2604 Ρ
1327 2556 1409 2592 212
1435 2556 1475 2592 et
1502 2550 1668 2592 Chalce-

259 2612 353 2651 don.
380 2610 518 2651 concil.
547 2622 585 2661 Ρ.
603 2613 695 2659 660,
724 2609 789 2648 ubi
813 2610 978 2648 loannes
1008 2605 1222 2653 ἐπίςσκοπο
1239 2601 1488 2658 Φλαβιάδος.
