1780 3132
209 166 263 206 IN
291 161 647 206 CONSTANTINI
674 163 870 206 PORPH.
897 163 995 203 ΜΒ.
1024 162 1096 203 DE
1116 159 1250 202 ΑΒΜ.
1289 162 1396 202 lMP.
1434 151 1526 202 347

92 276 191 319 eius.
247 277 291 318 in
314 277 391 318 hac
421 281 554 318 autem
590 277 689 318 urbe
718 280 932 329 supersunt
960 275 1250 330 quamplurima
1277 277 1531 316 monumenta

95 337 220 374 testes
248 332 377 386 ipsius
405 333 657 386 antiquitatis
683 332 1003 385 nobilitatisque:
1032 333 1083 371 cf.
1123 330 1312 383 Sponius.

200 401 294 449 139,
322 402 388 438 12.
420 390 521 448 ἦτον
540 411 615 451 pro
645 391 693 449 ἦν
722 398 938 438 barbarum
968 402 1042 438 est.
1073 397 1249 437 occurrit
1277 408 1400 448 saepe
1425 397 1530 449 apud

87 453 427 559 xgamuwlpmdg
448 454 555 494 bello
586 466 704 494 sacro
734 459 774 492 et
791 454 1033 493 Demetrium
1053 453 1205 493 Zenum
1234 452 1276 492 in
1306 452 1530 493 Batracho-

202 573 311 617 lbid.
332 577 397 615 15.
462 570 681 625 Διάδωρα]
723 574 941 614 notandum
971 574 1077 627 quod
1117 573 1181 613 hic
1212 573 1270 614 ait
1299 572 1530 625 Porphyre-

88 629 413 727 Igjtizp‘iltlulsagrbem
441 629 546 670 hanc
574 631 759 670 laderam
786 642 857 669 seu
883 629 1044 670 ladram
1072 629 1299 682 vulgariter
1328 627 1529 680 appellari

197 748 309 792 Ibid.
329 754 395 791 19.
451 749 509 803 τῷ
536 748 867 801 Χαλκοπρατίων
896 748 1009 803 ναῷ]
1044 750 1094 789 de
1120 749 1221 790 aede
1238 749 1428 802 deiparae
1458 760 1530 788 sa-

87 817 304 901 aeequae
333 809 423 846 erat
458 805 500 845 in
539 804 864 857 ChalcopratiiS‚
906 806 1087 858 pluribus
1125 804 1278 858 egimus
1310 803 1527 845 Commeat.

197 934 308 978 Ibid.
338 940 405 976 21.
487 935 531 983 ἐξ
571 934 854 990 ὖλογραφιάς]
904 937 1101 977 Mem-sius
1135 934 1180 974 ἐκ
1222 933 1530 988 στηλογραφιάς

85 991 304 1046 legendum
332 991 404 1041 ait,
433 994 474 1031 et
500 991 726 1033 Salmasius
755 993 808 1033 ad
836 992 1006 1032 Plinium
1034 1006 1073 1045 p
1095 996 1203 1032 1219
1233 990 1528 1043 ξυὶογραφιᾝας

85 1047 159 1088 sed
185 1059 399 1113 perperam
426 1051 606 1113 uterque,
636 1060 723 1112 cum
751 1047 836 1100 legi
867 1047 1024 1098 debeat,
1052 1052 1097 1087 ut
1124 1048 1164 1087 in
1193 1060 1252 1087 ms
1281 1046 1367 1086 cod.
1397 1045 1528 1098 Regio

85 1101 258 1144 habetur
285 1101 329 1150 ἐξ
356 1098 618 1168 ὖλογραφίας
650 1099 845 1152 ἀρχαίας.
909 1103 1156 1142 recentiores
1184 1102 1329 1154 quippe
1357 1101 1530 1153 scripto-

84 1169 154 1198 res
180 1153 446 1209 ὖλογραφιάν
465 1169 541 1210 pro
573 1155 861 1210 κηρογραφιάν
889 1157 1044 1209 dixere,
1069 1162 1116 1198 ut
1145 1157 1250 1198 hanc
1277 1156 1531 1210 distinguant

84 1225 114 1254 a
141 1210 387 1253 musivaria:
425 1211 624 1264 duplicem
664 1212 768 1252 enim
803 1213 1000 1265 picturam
1026 1216 1220 1263 statuunt,
1252 1212 1424 1253 alteram
1456 1205 1526 1249 διὰ

85 1263 319 1318 κηροχύτου
348 1259 462 1317 ὕλης,
491 1267 533 1306 id
559 1271 622 1307 est
652 1280 739 1307 cum
767 1279 863 1308 cera
904 1272 945 1307 et
970 1268 1173 1308 coloribus
1199 1268 1243 1307 in
1272 1266 1416 1320 quavis
1443 1277 1529 1306 ma·-

85 1321 206 1373 teria,
232 1321 406 1362 alteram
444 1317 516 1359 ὃιὰ
547 1321 746 1374 ψηφίδων
782 1322 870 1362 sive
899 1335 1022 1376 opere
1049 1321 1530 1363 musivario.'1·heodo-

85 1377 170 1418 sius
197 1375 408 1442 episcqpus
438 1375 593 1417 Amorii
624 1377 666 1418 in
692 1376 858 1427 synodo
886 1381 914 1418 7
944 1382 1022 1418 act.
1053 1381 1102 1418 4:
1140 1373 1184 1416 αἱ
1215 1372 1331 1427 ἅγιαι
1359 1389 1428 1414 και
1457 1387 1528 1414 σε-

83 1428 266 1482 βᾰσμιαι
293 1425 445 1477 εἰκόνες
471 1444 542 1470 και
573 1430 811 1484 ζωγραφίαι
831 1445 900 1471 και
931 1429 1188 1483 υλογραφιάι
1218 1446 1287 1470 και
1321 1427 1392 1470 διὰ
1422 1442 1531 1480 μου-

83 1485 221 1525 σείων.
248 1486 545 1551 Theophanes
584 1499 622 1528 a.
648 1491 702 1527 2⁷
731 1486 1000 1550 Copronymi:
1042 1486 1096 1540 τῶ
1126 1486 1163 1525 δ’
1193 1483 1307 1540 αὐτῶ
1337 1482 1422 1524 ἔτει
1449 1484 1533 1524 Νι-

83 1536 212 1603 mirac
239 1536 262 1578 ὅ
291 1539 567 1590 ψευδωνυμος
595 1538 862 1607 πατριάρχης
898 1539 972 1588 τὰς
998 1541 1043 1581 ἐν
1071 1541 1130 1580 ‘roi’
1159 1525 1444 1604 πατριαρχείῳ
1473 1537 1532 1578 εἰ·

84 1592 209 1641 κύνας
238 1595 315 1634 τοῦ
343 1595 506 1647 μικροῦ
542 1594 738 1647 σεκρὲτου
777 1592 849 1634 διὰ
889 1595 1088 1647 μουσείου
1131 1609 1260 1642 ουσας
1283 1591 1433 1645 ἐξεσεν,
1462 1592 1535 1633 καί

82 1648 162 1688 τοῦ
197 1648 382 1701 μεγάλου
425 1648 621 1700 σεκρὲτου
667 1653 738 1701 τῆς
778 1652 975 1704 τροπικῆς
1018 1651 1061 1700 εξ
1100 1648 1364 1703 ὗλογραφίας
1406 1662 1533 1701 ουσης

85 1699 238 1752 ἔξεσεν.
306 1705 374 1746 ubi
401 1704 445 1746 S.
475 1706 723 1759 Nicephorus
756 1706 828 1759 Cp.
858 1708 949 1748 loco
992 1708 1158 1748 laudato
1188 1707 1310 1748 hahet
1339 1704 1384 1744 ἐκ
1412 1716 1535 1768 κηρο-

84 1754 216 1810 χῦτου
245 1753 360 1812 υλης.
417 1772 456 1802 v.
488 1773 591 1814 quae
618 1761 742 1802 hahet
768 1762 1006 1816 Ducangius
1035 1763 1076 1804 in
1114 1762 1180 1803 Gl.
1213 1762 1286 1803 Gr.
1317 1773 1356 1801 v.
1390 1757 1535 1811 Κηρὸ-

0 1819 2 1821 ’
82 1825 210 1863 κῦτος
235 1810 410 1867 γραφή,
438 1816 507 1856 ubi
551 1816 602 1855 de
631 1816 812 1870 pictura,
859 1830 961 1871 quae
999 1818 1046 1859 fit
1085 1817 1276 1859 resolutis
1303 1816 1400 1868 igne
1428 1815 1533 1856 ceris

84 1880 173 1909 cum
199 1870 404 1922 penicillo,
431 1870 616 1923 pluribus
644 1872 745 1924 agit.

191 1933 301 1976 [bid.
329 1939 397 1975 22.
462 1932 644 1987 συγκοπὴ
679 1949 789 1990 opus
834 1936 1105 1980 tessellatum
1146 1938 1360 1991 significat.
1393 1935 1534 1977 Conti-

81 1992 230 2030 nuator
247 1991 510 2043 Theophanis
539 1995 567 2033 3
596 1996 645 2033 7:
680 1992 724 2030 ἑκ
744 1993 961 2044 συγκοπῶν
980 1993 1026 2032 δὲ
1045 2007 1112 2032 και
1134 1972 1349 2047 διαφόρων
1374 2004 1534 2045 χροιων

82 2037 128 2083 τὸ
155 2039 314 2098 ἐδαφος
345 2044 442 2085 πᾶν.

194 2114 288 2162 140,
316 2114 357 2152 3.
431 2109 560 2162 μέχρι
582 2110 864 2164 Βενεβενδοῦ]
897 2113 1013 2165 quasi
1041 2114 1311 2154 Beneventum
1342 2113 1395 2154 ad
1421 2124 1534 2153 mare

81 2163 334 2207 Adriaticum
374 2166 492 2207 situm
533 2167 606 2207 sit:
648 2180 787 2207 verum
818 2168 938 2207 trium
964 2170 1091 2209 ferme
1120 2170 1274 2210 dierum
1303 2169 1448 2210 itinere
1479 2167 1532 2208 ab

82 2231 132 2259 eo
160 2220 304 2272 distat,
334 2226 375 2262 et
402 2234 429 2263 a
458 2221 627 2274 Neapoli
657 2226 712 2262 32
740 2222 978 2264 miliaribus.

191 2283 302 2328 Ibid.
331 2291 372 2328 6.
427 2282 452 2338 ἦ
482 2286 642 2340 muza]
680 2300 782 2341 quae
810 2289 971 2341 Porphy
976 2290 1158 2343 rogenito
1188 2289 1310 2330 Becla
1345 2288 1533 2341 appella-

82 2343 161 2390 tur,
192 2338 348 2391 Οὖεγιά
393 2343 623 2383 Ptolemaeo
658 2343 831 2393 dicitur,
862 2345 992 2384 Plinio
1023 2358 1121 2385 vero
1156 2342 1356 2399 Veyim;
1390 2341 1533 2396 Viylia

81 2394 200 2436 hodie
227 2402 496 2450 nuncupatur,
523 2398 638 2437 Italis
675 2395 837 2451 Vestia,
862 2399 1002 2440 slavis
1032 2398 1159 2441 Kirk.

190 2459 301 2503 Ibid
369 2455 507 2513 ’Ἀοβη
545 2463 698 2505 Arbum
736 2465 856 2505 hodie
884 2471 1137 2519 nuncupatur
1181 2470 1222 2507 et
1247 2465 1385 2518 Arba,
1414 2465 1531 2506 Italis

80 2511 212 2567 Arbe‚
241 2515 382 2558 Slavis
410 2515 520 2559 Rab.

189 2580 298 2624 Ibid-
319 2587 359 2623 ⁹7.
407 2575 580 2635 Ὅψαρα
607 2585 726 2625 hodie
743 2585 925 2626 Absarus
954 2590 1134 2628 vocatur.
1192 2587 1302 2627 dicta
1331 2586 1407 2627 fuit
1432 2586 1530 2626 olim

79 2635 182 2678 haec
210 2638 346 2679 insula
376 2642 416 2678 et
447 2639 545 2679 urbs
577 2641 751 2683 eiusdem
781 2642 954 2683 nominis
974 2639 1172 2685 Absarus
1202 2648 1243 2684 ct
1268 2640 1528 2697 Absyrtium.

81 2692 197 2734 ltalis
222 2691 364 2735 Osero
393 2694 552 2736 dicitur.
