1780 3132
490 149 565 192 DE
602 149 956 194 THEMATIBUS
992 148 1096 192 LIB.
1135 147 1168 190 I.
1495 147 1558 192 33

107 265 255 315 δέξιος,
291 262 336 306 ὃν
355 264 458 306 κατὰ
477 263 549 318 τὴν
571 266 649 305 τῶν
670 262 884 318 Ἀρμενίων
904 260 1107 305 διάλεκτον
1123 262 1291 314 Ἀζῶτον
1310 257 1491 313 ε’κάλουν,
1510 286 1557 292 -

106 335 252 382 ἐκεῖνος
280 332 358 389 γὰρ
391 332 524 375 ἐλθών
551 331 654 388 πρὸς
682 332 848 374 Λέοντα
872 331 942 374 τὸν
967 331 1149 386 ἀοίδιμον
1171 330 1369 385 βασιλέα,
1409 330 1482 372 εἴτε
1506 327 1560 378 ὡς

107 399 295 458 πρόσφυξ
324 400 398 443 εἶτε
430 399 486 451 ὥς
516 401 652 457 φίλος,
701 400 773 442 οὐκ
793 398 907 452 οῗδα,
949 400 1094 451 ἐκεῖνος
1121 398 1197 454 εἶχε
1227 397 1462 456 θεράποντα
1488 398 1558 439 τὸν

105 471 208 523 χθὲς
225 471 290 511 καὶ
309 470 387 525 πρὸ
405 473 553 525 μικροῦ
570 466 882 523 τελευτήσαντα,
917 470 1080 510 Μελίαν
1097 470 1197 524 λέγω
1219 469 1288 510 τὸν
1306 465 1558 523 περιβόητον,

74 536 152 588 ὁὸς
170 540 236 580 καὶ
257 536 588 594 συνεστράτευσεν
611 537 721 594 αὐτῷ
739 537 842 592 πρὸς
857 535 926 579 τὸν
947 537 1262 592 δυστυχέστατον
1281 534 1467 590 πόλεμον,
1492 534 1561 577 τὸν

106 611 180 649 τοῦ
197 605 439 663 Βουλγάρου
466 606 580 661 λέγω.
649 608 723 648 τοῦ
747 609 844 661 γοῦν
866 606 1073 661 Ἀρμενίου
1102 603 1296 655 πεσόντος
1320 606 1361 646 ἓν
1382 608 1440 661 τῷ
1461 620 1563 659 προ-

105 675 288 730 λεχθέντι
317 675 479 732 πολέμῳ
508 673 610 731 πρὸς
637 677 833 727 Συμεῶνα
863 674 934 716 τὸν
964 672 1198 716 ἀθεώτατον
1220 672 1457 728 Βούλγαρον
1490 666 1565 725 (ἦν

106 743 186 799 γὰρ
209 742 388 800 ἐξάρχων
412 746 486 785 τοῦ
510 746 725 797 βασιλικοῦ
757 740 962 798 τάγματος
989 746 1069 784 τῶν
1098 743 1352 796 καλουμένων
1385 741 1567 794 ἒξκουβί-

108 812 232 865 των),
277 810 343 854 ὅτε
365 813 431 853 καὶ
454 810 672 862 Θεοδόσιος
698 808 719 853 ὅ
742 810 1108 868 πρωτοβεστιάριος
1140 815 1212 854 τοῦ
1237 810 1425 864 ἀοιδίμου
1448 814 1570 863 βασι-

54 891 100 927 10
110 879 209 930 λε’ως
238 880 279 922 ἓν
302 879 413 937 αὐτῷ
436 884 494 937 τῷ
515 880 677 937 πολέμῳ
700 878 928 936 ἧφαντώθη
951 882 1016 921 καὶ
1040 880 1195 936 γε’γονεν
1215 878 1385 934 ἄδηλος,
1432 876 1453 921 ὃ
1473 882 1569 934 γοῦν

107 950 348 1005 προλεχθεὶς
375 949 539 999 Μελίας
569 949 612 990 ἐκ
645 946 790 990 τούτου
819 953 892 991 τοῦ
919 949 1095 1002 πολέμου
1125 949 1345 997 διασωθεὶς
1371 948 1439 989 καὶ
1470 946 1571 1003 πρὸς

106 1016 184 1072 τὴν
203 1021 284 1060 τῶν
300 1017 516 1074 Ἀρμενίων
531 1015 674 1072 χώραν
697 1014 879 1073 ἀπάρας,
915 1016 1069 1074 εὐφυὴς
1092 1015 1146 1059 ὢν
1168 1018 1234 1059 καὶ
1253 1016 1354 1073 πρὸς
1371 1020 1570 1072 λῃστουρ-

107 1087 198 1141 γίαν
219 1085 476 1143 βαρβαρικὴν
495 1084 717 1140 ἐπιτήδειος
727 1117 740 1136 ,
774 1086 1003 1142 συμμορίαν
1020 1085 1109 1128 τινὰ
1131 1090 1212 1127 τῶν
1237 1085 1452 1141 Ἀρμενίων
1472 1084 1571 1126 ἀνα-

101 1152 346 1208 λεξάμενος,
394 1155 462 1196 καὶ
491 1155 659 1208 ταυτησὶ
681 1157 753 1208 τῆς
773 1152 929 1204 πόλεως
949 1153 1023 1208 τὴν
1051 1153 1181 1211 ἄκραν
1208 1151 1496 1210 κατοχυρώσας
1519 1150 1574 1201 ὥς

54 1231 99 1268 15
110 1220 286 1276 ἠδύνατο
296 1253 310 1272 ,
355 1223 422 1264 καὶ
451 1221 553 1264 κατὰ
580 1222 725 1278 μικρὸν
748 1221 899 1277 προϊὼν
922 1220 1018 1275 ὅλην
1047 1220 1102 1272 ὡς
1131 1224 1250 1263 εἴπεῒν
1271 1222 1343 1274 τὴν
1363 1220 1479 1263 πόλιν
1500 1224 1574 1263 τοῦ

107 1288 324 1343 πτώματος
346 1289 476 1346 ἤγειρε
486 1321 500 1340 ,
534 1291 600 1330 καὶ
625 1291 901 1346 προβαίνουσα
919 1290 981 1330 ἐπὶ
1003 1288 1049 1331 τὸ
1075 1287 1258 1345 πρόσθεν
1277 1293 1389 1331 πᾶσα
1410 1287 1435 1343 ἦ
1455 1287 1572 1346 χώρα

106 1358 233 1413 μεστὴ
255 1358 387 1413 γέγονε
407 1362 488 1400 τῶν
503 1357 732 1414 Ἀρμενίων,
765 1355 1042 1414 κουροτρόφος
1063 1352 1166 1399 οὖσα
1186 1355 1326 1413 ἀγαθή
1349 1375 1390 1400 τε
1414 1359 1481 1399 καὶ
1503 1358 1566 1398 ἷπ-
1593 1368 1620 1402 P
1649 1368 1690 1402 14

106 1426 282 1481 πόβοτος
310 1427 378 1468 καὶ
406 1427 604 1468 παντοίων
636 1423 907 1479 βοσκημάτων
939 1428 995 1476 εἷς
1026 1426 1183 1483 τροφὴν
1206 1424 1437 1480 ἐπιτήδειος.
1508 1426 1570 1467 διὸ

109 1497 176 1538 καὶ
211 1494 323 1550 θὲμα
363 1492 665 1549 κατωνομάσθη
705 1496 771 1536 καὶ
804 1497 859 1545 εἷς
889 1496 1134 1551 στρατηγίδα
1166 1497 1375 1552 περίδοξον
1409 1492 1571 1549 ἀνήχθη

53 1565 270 1620 Ξοσπουδῇ
291 1566 460 1606 τουτουῖ·
482 1568 555 1605 τοῦ
578 1564 738 1605 Μελιόυ
762 1567 837 1605 τοῦ
861 1561 1196 1619 κραταιόφρονος.
1265 1561 1291 1617 ἦ
1311 1564 1354 1605 δὲ
1374 1563 1571 1616 ὀνομασία

107 1636 180 1686 τῆς
198 1631 353 1682 πόλεως
379 1631 528 1689 ἀρχαία
556 1649 616 1681 τις
641 1632 706 1673 καὶ
727 1631 880 1673 παλαιὰ
901 1631 981 1673 ἀπὸ
1001 1636 1073 1686 τῆς
1092 1636 1173 1674 τῶν
1199 1631 1414 1688 Ἀρμενίων
1438 1637 1572 1687 γενεᾶς

197 1730 216 1764 1
241 1726 317 1762 τῶν
342 1738 395 1761 om
420 1726 451 1760 C
616 1727 640 1762 2
660 1723 757 1770 πρὸς
779 1723 847 1760 τὸν
871 1724 1077 1770 μακαρίτην
1099 1725 1162 1760 καὶ
1184 1721 1294 1770 ἅγιόν
1317 1737 1390 1769 μου
1414 1725 1571 1768 πατέρα,

198 1772 271 1807 εἴτε
293 1773 327 1805 V
442 1773 464 1807 6
485 1770 556 1816 γὰρ
582 1772 611 1806 C
731 1774 753 1806 7
778 1770 936 1815 Συμεών
959 1772 1028 1806 τοῦ
1052 1767 1275 1806 οἷθεωτοὶτου
1300 1770 1514 1815 Βουλγοέρου
1539 1772 1571 1803 V

195 1820 220 1854 9
242 1819 311 1853 τοῦ
335 1818 517 1861 μακαρίου
540 1830 613 1861 μου
636 1815 780 1861 πατρὸς
805 1819 837 1851 V
991 1819 1034 1852 12
1056 1818 1133 1851 ταῖν
1158 1830 1211 1852 om
1238 1819 1268 1852 C
1423 1814 1571 1863 123'6vk-

195 1862 388 1908 λεξάμενος
412 1865 441 1898 C
534 1865 577 1900 16
599 1862 661 1897 καὶ
685 1875 736 1897 om
760 1864 790 1897 C
880 1862 1096 1908 προβαίνων
1117 1864 1179 1897 ΑΟ
1271 1863 1373 1897 πᾶσα
1398 1863 1468 1897 οὐν
1491 1861 1514 1907 ἡ
1543 1864 1572 1897 C

198 1911 241 1945 19
264 1910 316 1950 εἰς
340 1921 393 1944 om
419 1909 448 1943 C
540 1909 734 1952 περίδοξος
754 1909 785 1942 C
877 1905 1026 1952 ἀνήχθη
1051 1921 1103 1943 om
1129 1909 1158 1942 C

105 1989 213 2024 striae
237 1999 363 2033 gener,
398 1987 611 2032 longimanus
649 1987 708 2021 ille
742 1992 778 2021 et
801 1987 1037 2030 ambidexter,
1073 1998 1172 2031 quem
1194 1987 1433 2021 Armeniorum
1458 1986 1576 2031 lingua

105 2037 250 2069 Azotum
273 2040 454 2077 vocarunt,
479 2034 556 2078 ille,
582 2035 740 2078 inquam,
770 2045 845 2067 cum
869 2034 912 2066 ad
935 2033 1086 2066 Leonem
1112 2032 1204 2066 illum
1229 2033 1399 2066 celebrem
1425 2033 1574 2078 impera-

105 2086 214 2114 torem
230 2080 398 2124 venisset,
424 2080 501 2114 sive
527 2086 566 2114 ut
590 2080 758 2124 profugus
780 2080 856 2113 sive
880 2085 918 2112 ut
942 2079 1083 2122 amicus,
1109 2090 1177 2112 non
1199 2079 1284 2113 satis
1300 2079 1386 2123 scio,
1411 2079 1573 2113 famulum
1623 2089 1627 2093 ·

105 2126 228 2161 habuit
249 2125 420 2160 celebrem
443 2125 536 2160 illum
559 2125 712 2171 Meliam,
739 2126 797 2171 qui
823 2137 890 2158 non
913 2125 963 2158 ita
986 2125 1118 2169 pridem
1146 2136 1165 2157 e
1187 2125 1280 2160 vivis
1303 2124 1476 2167 decessit3
1513 2125 1574 2169 qui

95 2172 210 2221 *etiam
235 2183 310 2206 cum
333 2172 452 2206 eodem
476 2171 688 2217 imperatore
711 2171 966 2217 expeditionem
993 2170 1078 2204 fecit
1103 2170 1237 2205 infelici
1259 2170 1318 2204 illo
1342 2170 1489 2215 praelio,
1517 2171 1573 2204 ni-

104 2218 227 2253 mirum
248 2217 447 2262 Bulgarico.
475 2229 550 2252 cum
577 2218 696 2263 itaque
718 2218 754 2251 in
779 2217 956 2262 praedicto
982 2216 1125 2261 praelio,
1151 2217 1243 2261 quod
1269 2228 1343 2251 cum
1366 2216 1571 2261 impiissimo

104 2264 165 2298 illo
180 2264 354 2308 Symeone
371 2263 519 2308 Bulgaro
545 2264 758 2297 commissum
782 2264 907 2306 suerat,
933 2262 1138 2307 profligatus
1161 2269 1255 2296 esset
1275 2263 1456 2296 Armenius
1479 2263 1574 2306 (erat

105 2310 195 2344 enim
231 2310 430 2354 praefectus
462 2309 678 2354 imperatorii
712 2309 857 2353 agminis
881 2307 972 2352 quod
997 2308 1235 2343 excubitorum
1261 2308 1417 2352 dicitur),
1442 2308 1479 2341 in
1503 2319 1571 2352 quo

103 2355 209 2390 etiam
234 2355 454 2393 Theodosius
486 2355 777 2400 protovestiarius
800 2353 971 2399 praeclari
993 2354 1085 2389 illius
1107 2354 1329 2399 imperatoris
1352 2354 1572 2388 desideratus

103 2412 218 2446 neque
239 2400 330 2435 ultra
353 2401 451 2435 visus
475 2407 551 2444 est,
588 2402 713 2435 Melias
744 2400 883 2445 itaque,
920 2400 964 2433 de
992 2411 1060 2445 quo
1091 2401 1191 2434 modo
1228 2400 1397 2443 diximus,
1430 2412 1474 2433 ex
1505 2400 1571 2433 hoc

128 2446 236 2481 raelio
261 2445 377 2481 salvus
402 2458 477 2480 cum
501 2448 545 2481 ad
568 2447 749 2482 Armenios
773 2458 811 2480 se
833 2445 1058 2490 contulisset,
1098 2446 1290 2480 industrius
1314 2445 1444 2490 alioqui
1469 2451 1504 2479 et
1528 2445 1571 2478 ad

101 2459 319 2527 barbaricam
351 2492 611 2538 praedationem
644 2492 871 2539 peridoneus,
907 2502 1009 2526 manu
1031 2492 1269 2526 Armeniorum
1295 2491 1458 2535 collecta,
1497 2502 1573 2524 cum

102 2549 216 2573 arcem
240 2539 344 2572 etiam
371 2538 472 2573 huius
499 2539 595 2574 urbis
620 2550 721 2584 quam
747 2543 887 2584 poterat
906 2537 1035 2583 optime
1056 2538 1271 2581 munivisset,
1297 2536 1460 2582 paulatim
1487 2547 1571 2581 pro-

103 2584 231 2619 cedens
254 2584 362 2618 totius
385 2586 631 2630 propemodum
655 2585 751 2619 urbis
777 2583 895 2618 ruinas
917 2583 1144 2625 instauravit3
1171 2589 1277 2628 atque
1299 2584 1350 2617 ita
1373 2583 1469 2626 regio
1491 2581 1570 2615 uni-

104 2641 209 2664 versa
231 2629 270 2664 in
291 2635 446 2664 veterem
474 2635 598 2666 statum
626 2631 788 2665 restituta
819 2629 990 2663 Armeniis
1022 2629 1090 2663 fuit
1121 2630 1274 2672 referta,
1317 2629 1447 2674 quippe
1478 2639 1569 2672 quae

102 2675 232 2710 fertilis
262 2676 441 2711 admodum
474 2682 510 2710 et
537 2676 723 2722 pascendis
758 2676 856 2720 equis
889 2687 930 2709 ac
963 2675 1083 2719 pecori
1115 2675 1437 2720 peraccommodata
1461 2679 1567 2707 esset.

105 2721 269 2766 quocirca
291 2727 327 2756 et
343 2722 506 2756 thematis
528 2722 794 2768 appellationem
818 2732 900 2755 acce
927 2720 966 2763 it,
987 2726 1092 2766 atque
1114 2721 1208 2754 inter
1233 2720 1441 2754 celebriores
1462 2730 1566 2764 prae-

103 2772 200 2802 turas
223 2772 277 2802 est
298 2767 410 2802 relata
432 2779 515 2802 cura
537 2781 578 2802 ac
600 2768 715 2802 studio
738 2767 890 2812 praefati
902 2733 1035 2801 R‘leliae
1058 2767 1160 2800 fortis
1184 2777 1225 2800 ac
1250 2765 1444 2811 prudentis.
1469 2764 1566 2798 urbis

104 2823 188 2847 vero
211 2813 398 2860 appellatio
419 2819 559 2849 vetusta
582 2814 762 2849 admodum
787 2818 857 2859 est,
883 2814 926 2847 ab
949 2812 1027 2858 ipsa
1051 2811 1290 2847 Armeniorum
1314 2816 1418 2855 gente
1442 2816 1478 2845 et
1498 2810 1566 2844 lin-

159 2866 271 2899 Consi.
300 2865 424 2910 Por-ph.
1260 2861 1286 2900 3
