1780 3132
308 194 380 234 DE
416 188 862 234 ADMlNlSTRANDO
902 189 1124 231 lMPEmO
1162 188 1281 232 CAP.
1314 189 1388 232 45.
1478 178 1573 223 205

136 289 453 340 ὖπεισελθόντες
482 289 518 332 οἱ
538 287 699 345 Ἴβηρες
727 287 957 344 ἐκράτησαν
979 286 1090 330 αὐτό.
1147 288 1251 331 διότι
1274 282 1369 328 οὕτε
1395 284 1471 326 τοῦ
1488 297 1575 324 τοι-

140 359 264 402 ούτου
303 356 482 410 κάστρου
514 358 590 398 τοῦ
629 355 869 397 Μαστάτου
908 349 1003 395 οὔτε
1042 357 1116 396 τοῦ
1154 355 1364 407 ’Λβνίκου
1407 348 1579 402 ἔχουσιν

135 427 326 475 ἐξουσίαν
353 424 577 477 ἐπιζητεῖν,
624 422 717 463 ἀλλ’
759 419 901 474 ἐπειδὴ
932 418 953 460 ὁ
984 419 1296 475 κουροπαλάτης
1325 414 1471 462 πιστὸς
1508 413 1580 453 καί

136 489 266 544 ὄρθός
296 490 443 536 δοῦλος
472 487 544 528 καί
571 488 690 542 φίλος
719 486 835 541 ἡμῶν
867 486 967 540 ἐστι’,
1000 484 1068 527 διὰ
1099 485 1172 540 τὴν
1205 484 1337 526 αὐτοῦ
1363 478 1578 533 παράκλη·

103 562 216 608 5σιν,
258 555 325 596 ἵνα
363 556 526 608 γένηται
561 549 733 606 σύνορον
774 553 846 605 τῆς
889 552 1104 604 Φασιανῆς
1145 550 1167 590 0‘
1199 547 1384 601 ποταμὸς
1412 540 1578 598 δ”Εραξ

135 615 226 676 ἢτοι
256 617 276 660 ὅ
306 622 456 672 Φᾶσις,
485 618 557 660 καί
583 617 633 660 τά
663 620 739 670 μὲν
768 616 968 671 ἀριστερά
998 618 1103 670 μέρη
1134 614 1186 657 ‘cci
1215 614 1318 670 πρὸς
1346 613 1418 667 τὴν
1440 613 1576 655 Ἰλλυ-

137 689 233 739 ριάν
266 687 493 738 κατέχωσιν
525 682 563 725 οἱ
594 679 784 738 Ἴβηρες,
831 681 878 724 τὰ
912 684 957 723 δὲ
994 682 1105 730 δεξιοὶ
1142 679 1221 723 ὅσα
1263 681 1346 722 εἰσί
1372 677 1475 732 πρὸς
1501 676 1578 730 τὴν

140 748 498 805 Θεοδοσιούπολιν,
525 744 601 790 κίἷν
621 765 662 791 τε
687 748 842 801 κάστρα
871 743 947 788 κᾶἷν
967 762 1011 787 τε
1040 746 1178 800 χωρία
1210 745 1326 799 εἰσίν,
1356 740 1459 785 αἷσιν
1490 740 1573 782 ὕπὸ

136 817 209 868 τὴν
235 818 454 869 βασιλείαν
498 816 628 870 ἡμῶν,
673 817 751 854 τοῦ
789 815 981 865 ποταμοῦ
1011 814 1194 867 δηλονότι
1227 810 1404 865 σύνορον
1431 805 1575 864 οἷμφο-

81 893 124 928 10
135 885 264 935 τέρων
280 879 546 935 ὑπάρχοντος,
576 879 716 930 καθώς
744 879 815 920 καί
842 881 922 930 ζῶν
948 877 969 918 ὃ
992 876 1197 931 μακάριος
1216 875 1408 931 Ἰωάννης
1433 877 1575 927 Κουρ-

135 946 259 995 κούας
298 944 394 1000 περὶ
417 944 566 988 τούτου
595 943 823 1001 ἐρωτηθείς
854 945 986 993 ἐξεῖπε
1018 946 1236 998 συμφέρον
1264 938 1371 983 εἶναι
1398 939 1467 981 τὸν
1498 954 1575 979 πο-

133 1011 266 1064 ταμὸν
303 1011 492 1066 σύνορον.
546 1011 590 1053 τὸ
626 1013 704 1064 μὲν
731 1010 812 1065 γὰρ
842 1010 1011 1063 α’κριβὲς
1043 1010 1201 1050 δίκαιον
1231 1007 1431 1059 θῦὃέμίαν
1460 1006 1575 1055 ἔξω·

133 1080 229 1119 σιἀν
250 1080 426 1131 παρέχει
461 1079 518 1133 τῷ
547 1078 838 1132 κουροπαλάτῃ
871 1075 953 1117 εἴτε
982 1077 1040 1124 εἰς
1069 1074 1119 1116 τὰ
1149 1073 1269 1116 ἔνθεν
1295 1075 1367 1114 τοῦ
1387 1073 1576 1123 ποταμοῦ

134 1141 219 1185 εἴτε
247 1146 306 1192 εἰς
330 1142 380 1184 τὰ
411 1144 569 1185 ἐκεῖθεν
588 1141 861 1196 διακράτησιν
882 1140 1006 1195 ἔχειν,
1039 1141 1147 1182 διότι
1171 1138 1223 1182 τὰ
1245 1140 1422 1181 τοιαῦτα
1439 1138 1575 1178 πάντα

80 1223 122 1256 15
135 1211 273 1262 χωρία
302 1211 382 1250 τῶν
428 1210 837 1251 Θεοδοσιουπολιτῶν
865 1206 916 1248 τά
944 1206 1236 1260 στρατεύματα
1260 1207 1334 1257 τῆς
1360 1205 1575 1257 βασιλείας

134 1271 253 1327 ἡμῶν
291 1271 593 1330 ᾗχμαλιότισαν
636 1273 708 1314 καί
749 1271 1069 1327 ἐπυρπόλησαν,
1108 1274 1180 1313 καί
1219 1271 1414 1312 οὐδέποτε
1442 1267 1574 1322 χωρίς

133 1339 336 1394 ἡμετέρου
364 1341 471 1380 λαοῦ
488 1334 648 1393 Ἴβηρες
691 1340 865 1392 ἐξῆλθον
903 1336 976 1378 καί
1013 1338 1295 1391 έπραίδευσαν
1325 1334 1574 1378 Θεοδοσιού-

131 1407 263 1458 πολιν,
290 1403 379 1446 ἄλλ’
407 1405 475 1446 αέἰ
502 1406 652 1459 φίλους
670 1400 783 1457 εἶχον
812 1402 966 1451 αύτούς
996 1402 1067 1444 καί
1090 1401 1452 1457 ἐπραγματεύοντο
1479 1405 1571 1453 μετ’

132 1469 293 1523 αὐτῶν,
331 1469 405 1511 καί
433 1472 491 1526 τῷ
512 1471 590 1522 μὲν
615 1467 788 1522 στόματι
823 1463 974 1522 ἤθελον
1019 1469 1285 1523 πορθηθῆναι
1316 1467 1387 1520 τὴν
1419 1467 1574 1509 Θεοδο-

75 1549 121 1585 20
134 1535 374 1590 σιούπολιν,
414 1537 467 1592 τῇ
509 1536 555 1576 δὲ
583 1537 734 1592 καρδίᾳ
776 1534 972 1587 οὐδαμῶς
1001 1533 1217 1587 ἐβούλοντο
1245 1534 1577 1588 παραληφθῆναι

135 1599 275 1656 αὐτήν.
332 1602 421 1642 ἄλλ’
450 1601 476 1655 ἦ
500 1603 692 1654 βασιλεία
723 1600 855 1656 ἡμῶν,
884 1600 940 1649 ὥς
969 1599 1144 1655 εἴρηται,
1173 1598 1242 1641 διὰ
1269 1598 1343 1652 την
1371 1597 1476 1650 πρὸς
1506 1596 1577 1639 τὸν

133 1665 447 1721 κουροπαλάτην
464 1665 627 1721 οἷγάπην
643 1667 823 1720 ἠθέλησε
838 1668 1045 1720 ’γενέσθαι
1071 1665 1140 1707 τὸν
1162 1663 1350 1718 ποταμὸν
1366 1663 1439 1705 τὸν
1450 1659 1577 1716 ’Ἐραξ

130 1730 217 1785 ἦτοι
245 1730 319 1773 τὸν
337 1733 476 1774 Φᾶσιν
503 1733 678 1786 σύνορον
706 1728 968 1787 ἀμφοτέρων,
997 1733 1068 1773 καί
1096 1730 1336 1787 ὀφείλουσιν
1359 1732 1577 1783 α’ρκεῖσθαι

133 1799 193 1846 εἰς
233 1797 307 1851 τὴν
332 1795 524 1852 τοιαύτην
566 1795 838 1852 διακράτησιν
874 1800 946 1838 καί
988 1798 1118 1852 μηδὲν
1146 1799 1269 1839 πλέον
1302 1797 1522 1850 ἐπιζητεῖν.

229 1892 274 1925 22
295 1889 408 1937 Ἱέραξ
423 1891 460 1924 Μ

134 1949 303 1994 polit-'inis
327 1950 496 1982 restituit.
545 1960 695 1994 cumque
713 1948 1016 1993 Theodosiopolis
1035 1954 1138 1994 capta
1157 1953 1263 1989 esset,
1290 1949 1475 1981 venientes
1494 1948 1577 1981 lbe-

135 2007 189 2029 res
226 2006 300 2028 eam
336 2001 541 2029 tenuerunt.
590 1997 711 2042 itaque
735 2007 854 2042 neque
879 1995 975 2028 urbis
1006 1996 1147 2029 Mastati
1175 2006 1292 2040 neque
1316 1995 1444 2028 Abnici
1472 2006 1576 2039 repe·
1622 2028 1625 2032 ,

134 2042 264 2076 tendae
289 2042 493 2076 facultatem
511 2043 657 2076 habent.
708 2043 770 2076 sed
796 2047 987 2088 postquam
1011 2042 1233 2087 curopalates
1259 2042 1349 2074 fidus
1376 2047 1412 2075 et
1439 2042 1577 2086 integer

134 2101 253 2122 servus
280 2100 321 2122 ac
344 2090 476 2122 amicus
512 2096 633 2123 noster
658 2095 728 2129 est,
766 2089 812 2123 ad
846 2090 955 2135 ipsius
990 2089 1268 2134 postulationem
1308 2089 1369 2121 flat
1403 2089 1575 2122 terminus

133 2136 320 2170 Phasianes
342 2137 433 2170 Erax
458 2136 583 2169 fluvius
608 2137 680 2170 sive
706 2136 846 2178 Phasis3
882 2141 917 2168 et
941 2136 1101 2168 sinistras
1128 2140 1245 2181 partes
1270 2135 1430 2179 Illyrium
1455 2147 1576 2169 versus

133 2183 252 2216 lberes
281 2188 437 2223 teneant,
462 2182 607 2216 dextrae
631 2195 713 2216 vero
737 2195 858 2216 versus
887 2182 1208 2227 Theodosiopolim
1234 2187 1306 2216 tam
1335 2182 1438 2215 urbes
1465 2194 1573 2227 quam

133 2231 206 2273 agri
229 2231 342 2262 nostri
370 2230 510 2274 imperii
531 2231 612 2270 sint,
638 2230 785 2263 flumine
803 2230 939 2263 scilicet
956 2235 1122 2274 utrasque
1141 2230 1423 2269 disterminante,
1450 2241 1577 2274 quem-

133 2275 320 2309 admodum
347 2277 454 2309 etiam
478 2276 604 2310 beatae
620 2278 811 2311 memoriae
836 2279 986 2309 loannes
1000 2277 1166 2315 Curcuas,
1187 2288 1264 2309 cum
1287 2277 1431 2316 viveret,
1459 2277 1575 2309 inter-

133 2328 273 2367 rogatus
298 2322 462 2367 expedire
487 2325 743 2367 pronuntiavit,
771 2330 810 2357 ut
826 2324 955 2356 flumen
974 2335 1038 2367 pro
1064 2324 1214 2356 termino
1242 2329 1343 2356 esset.
1391 2334 1472 2356 nam
1491 2324 1574 2356 stri-

133 2375 191 2402 cto
220 2370 298 2402 iure
322 2370 422 2402 nulla
447 2375 604 2415 potestas
644 2371 871 2416 curopalatae
900 2370 1073 2414 competit
1106 2381 1223 2414 neque
1249 2370 1287 2402 in
1312 2371 1477 2403 citeriora
1500 2370 1571 2402 flu-

130 2416 237 2449 minis
252 2426 371 2461 neque
385 2417 422 2449 in
441 2417 621 2456 ulteriora,
638 2417 814 2463 siquidem
829 2418 941 2450 omnis
955 2417 1017 2449 iile
1033 2416 1482 2462 Theodosiopolitanorum
1497 2422 1570 2450 tra-

131 2468 208 2496 ctus
229 2473 250 2495 a
265 2468 386 2496 nostro
414 2463 529 2496 milite
555 2465 648 2497 ferro
671 2466 824 2510 igneque
842 2469 997 2498 vastatus
1019 2468 1085 2503 est,
1101 2475 1219 2509 neque
1237 2475 1392 2510 unquam
1416 2464 1492 2497 sine
1523 2475 1566 2497 eo

130 2509 249 2542 Iberes
266 2510 392 2553 egressi
407 2509 720 2556 Theodosiopolim
742 2511 902 2556 populati
923 2515 1015 2549 sunt,
1034 2510 1096 2543 sed
1110 2517 1268 2543 mutuam
1286 2516 1460 2556 perpetuo
1477 2511 1567 2543 ami-

131 2557 248 2589 citiam
262 2557 422 2590 colentes
435 2558 577 2600 negotia
590 2558 683 2591 inter
698 2569 734 2591 se
753 2558 977 2597 exercebant,
991 2562 1026 2590 et
1038 2556 1149 2589 verbo
1160 2557 1303 2602 quidem
1318 2557 1430 2590 deleri
1445 2557 1567 2592 Theo-

131 2601 347 2648 dosiopolim
370 2603 548 2643 volebant,
571 2615 607 2637 re
626 2610 743 2638 tamen
767 2606 842 2649 ipsa
860 2604 961 2637 nullo
981 2603 1086 2636 modo
1101 2604 1346 2649 cupiebantur.
1363 2616 1403 2637 ea
1420 2616 1566 2649 capere-

128 2654 198 2682 tur.
231 2649 295 2683 sed
314 2656 435 2683 nostra
452 2651 627 2692 maiestas,
647 2657 686 2684 ut
705 2651 837 2684 dictum
853 2657 918 2691 est,
933 2656 1079 2695 propter
1092 2653 1254 2684 affectum
1271 2652 1306 2684 in
1324 2652 1565 2695 curopalatem

128 2696 315 2729 terminum
337 2696 587 2731 intermedium
607 2709 683 2730 esse
707 2699 821 2731 voluit
845 2698 989 2730 fluvium
1004 2698 1092 2731 Erax
1122 2699 1194 2731 sive
1218 2698 1357 2739 Phasim
1386 2709 1455 2743 qua
1481 2698 1563 2743 qui-

130 2740 207 2776 dem
222 2743 447 2788 possessione
470 2746 630 2778 contenti
652 2756 726 2778 esse
748 2755 868 2790 neque
890 2743 1086 2790 quidquam
1106 2745 1255 2791 amplius
1272 2751 1395 2790 petere
1417 2744 1559 2779 debent.
