1780 3132
251 201 323 241 DE
361 198 810 240 ADMINISTRANDO
846 198 1070 239 IMPERIO
1118 196 1236 238 CAP.
1276 196 1342 237 43.
1376 194 1443 240 44.
1522 191 1609 239 191

173 314 248 342 του
279 297 367 340 υἱοὶ
395 296 435 339 οἱ
463 300 541 339 τοῦ
567 295 853 345 ἀποθανόντος
880 295 1115 352 ἐξάδελφοι,
1147 298 1358 348 α’ξιοῦντες
1388 297 1537 338 δοῦναι
1569 297 1614 338 τὸ

175 362 416 418 Ου’λνούτην
440 363 513 405 καί
543 362 654 418 ἔχειν
678 363 752 417 τήν
779 364 923 417 χώραν
960 366 1036 404 τοῦ
1070 365 1303 418 ἑξαδέλφου
1331 362 1498 404 αὐτῶν·
1557 362 1613 416 μὴ

169 429 249 484 γὰρ
279 430 490 472 δύνασθαι
522 427 629 479 ὅλως
657 428 808 478 αὐτοῦς
840 431 924 484 ζῆν,
948 432 988 471 εἰ
1013 428 1086 483 τήν
1113 431 1188 471 τοῦ
1216 429 1447 484 ἑξαδέλφου
1478 428 1619 470 αὐτῶν

173 495 318 549 χώραν
346 493 404 545 ὥς
433 497 587 538 οἰκείαν
614 493 804 550 κατάσχῃ
836 494 857 535 ὅ
887 495 1098 549 βασιλεύς.
1155 495 1284 552 οἰκείᾳ
1314 495 1360 535 δὲ
1390 494 1620 549 ἄγαθότητι

140 559 342 614 5ὖπ.ι’ξας
375 560 395 603 ὅ
439 561 642 615 βασιλεῦς
691 560 768 615 τήν
797 560 961 616 αἴτησιν
988 562 1127 603 αὐτῶν
1156 558 1428 615 ἐξεπλήρωσε,
1457 561 1530 601 καί
1556 562 1622 601 δέ-

174 631 306 671 δωκεν
335 630 478 678 αὐτοῖς
518 631 594 682 μὲν
633 627 706 682 τὴν
744 627 890 683 χώραν
918 630 989 669 τοῦ
1029 628 1263 680 Ἀπογάνεμ
1294 627 1365 668 τοῦ
1390 628 1622 682 ε’ξαδέλφου

173 695 335 750 αὐτῶν,
380 694 504 744 αὐτὸς
550 697 596 736 δὲ
628 692 852 747 άνελάβετο
895 693 941 735 τὸ
976 693 1214 748 Οὖλνοιῖτην
1249 691 1519 751 μετάπάσης
1551 694 1622 745 τῆς

173 758 414 814 περιχώρου
447 763 597 803 αὐτοῦ.
657 759 680 815 ἧ
715 762 760 802 δὲ
791 757 866 814 ὅλη
895 760 967 801 τοῦ
1004 755 1154 813 Ταρών
1180 757 1303 813 χώρα
1333 761 1392 807 εἰς
1425 757 1501 798 δύο
1531 760 1622 799 δια-

176 830 409 881 νεμηθεῖσα
438 825 696 880 ἐτύγχανεν·
751 825 823 867 καί
850 826 896 867 τὸ
927 827 1004 878 μὲν
1042 824 1172 879 ἥμισυ
1207 823 1244 866 οἱ
1278 826 1352 866 τοῦ
1388 823 1622 877 μαγίστρου

121 892 164 927 10
181 892 453 946 Κρικορικίου
493 889 608 946 εἶχον
647 891 753 947 υἱοί,
792 891 835 933 τὸ
864 893 909 933 δὲ
953 888 1082 946 ἥμισυ
1112 890 1151 933 οἱ
1183 894 1259 934 τοῦ
1282 886 1518 945 Ἀπογάνεμ
1547 892 1624 931 τοῦ

176 957 413 1014 πατρικίου,
442 957 481 1001 οἱ
507 957 664 1001 τούτων
693 957 931 1014 ἐξάδελφοι.

635 1035 1029 1092 Κεφάλαιον
1083 1033 1167 1088 μὸ’.

178 1126 264 1171 περὶ
287 1127 349 1168 τῆς
368 1125 499 1173 χώρας
523 1125 585 1168 τῆς
607 1124 834 1170 Ἀπαχουνῆς
855 1128 919 1161 καὶ
944 1126 1007 1159 τοῦ
1028 1124 1192 1171 κὰστρου
1216 1125 1282 1161 τοῦ
1295 1127 1539 1173 Μαντζικίερτ
1565 1129 1628 1161 καὶ

179 1172 244 1207 τοῦ
267 1175 415 1218 Περκρὶ
451 1175 515 1208 καὶ
538 1172 604 1207 τοῦ
627 1171 745 1207 Χλιιὶτ
780 1175 843 1208 καὶ
870 1173 935 1207 τοῦ
967 1168 1115 1207 Χαλιάτ
1148 1174 1210 1206 καὶ
1241 1173 1306 1208 τοῦ
1323 1172 1451 1219 ’Ἁρζες
1478 1175 1628 1210 καὶτοῦ

130 1226 175 1260 15
317 1220 404 1266 Τιβῆ
426 1223 490 1255 καὶ
513 1220 577 1256 τοῦ
599 1220 702 1267 Χὲρτ
725 1223 789 1255 καὶ
816 1222 882 1255 τοῦ
894 1220 1075 1267 Σαλαμᾶς
1097 1223 1162 1255 καὶ
1187 1220 1254 1255 τοῦ
1277 1223 1308 1255 Τ
1308 1221 1517 1268 ζερματζοῦ.

281 1298 432 1342 Ἰστὲον
461 1295 523 1342 ὅτι
553 1299 633 1354 πρὸ
677 1302 753 1340 τοῦ
781 1298 986 1342 Ἀσωτιόυ
1026 1301 1102 1341 τοῦ
1130 1294 1333 1353 ἄρχοντος
1359 1301 1441 1340 ταῖν
1469 1297 1627 1355 α’ρχόν..

175 1381 270 1421 των,
297 1368 373 1407 τοῦ
398 1365 556 1420 πατρὸς
583 1367 659 1407 τοῦ
685 1367 926 1419 Συμβατίου
956 1367 1031 1407 τοῦ
1059 1361 1261 1419 ἄρχοντος
1285 1367 1368 1407 τῶν
1397 1365 1627 1419 ἀρχόντων,

178 1427 226 1473 ὃν
262 1431 570 1488 ἀπεκεφάλισεν
612 1431 635 1472 ὅ
675 1434 843 1487 α’μηρᾶς
872 1432 1087 1486 Περσίδος
1127 1431 1146 1471 ὅ
1187 1432 1439 1486 Ἀποσάτας,
1484 1429 1530 1480 ὃς
1557 1431 1631 1473 καὶ

178 1499 343 1554 ἐποίησε
369 1498 446 1539 δύο
475 1496 606 1553 υἱούς,
637 1498 703 1540 τόν
732 1513 776 1540 τε
810 1497 1012 1539 Ἀσώτιον
1039 1497 1112 1539 τὸν
1138 1499 1224 1551 μετ’
1254 1496 1383 1539 αὐτὸν
1411 1495 1627 1551 γενόμενον

122 1558 365 1618 Ξθᾶρχοντα
391 1566 473 1605 τῶν
501 1559 716 1618 ἀρχόντων
759 1565 831 1604 καί
854 1563 1109 1605 Ἀηασάκιον
1148 1562 1219 1605 τὸν
1244 1563 1349 1616 μετὰ
1378 1566 1513 1605 ταῦτα
1542 1562 1626 1617 μά-

181 1644 353 1683 γιστρον
377 1630 621 1683 τιμηθέντα,
651 1627 699 1671 τά
730 1630 828 1683 τριά
854 1631 988 1670 ταῦτα
1018 1628 1187 1683 κάστρα,
1218 1629 1262 1670 τό
1290 1644 1335 1670 τε
1363 1630 1534 1683 Περκρί
1558 1629 1629 1671 καί

178 1693 225 1736 τό
249 1693 422 1736 Χαλιάτ
452 1694 526 1736 καὶ
548 1693 592 1737 τὸ
613 1692 779 1750 ”Αρσες,
809 1691 887 1736 ὖπό
919 1694 996 1749 τὴν
1023 1698 1092 1751 τῆς
1119 1697 1333 1750 Περσίδος
1364 1694 1628 1750 ἐπικράτειαν

183 1758 421 1815 ἐτύγχανον.
1413 1763 1419 1768 '

273 1850 296 1884 8
321 1849 407 1885 ὅλου
432 1850 468 1883 Μ
566 1847 846 1898 διανεμιςθεῑσα
886 1852 991 1895 vulgo
1089 1850 1111 1883 9
1136 1851 1211 1898 καὶ]
1237 1853 1288 1891 εἰς
1311 1853 1418 1898 vulgo
1523 1853 1565 1887 10
1593 1855 1630 1888 οἱ

274 1898 463 1979 ΣιοιιΙὶςοΜοω
584 1897 628 1931 14
653 1900 769 1945 παρκὶ
787 1899 824 1932 Μ
991 1897 1125 1946 Χλιατ]
1148 1896 1281 1944 χαλιὰι
1307 1900 1344 1933 Μ
1464 1901 1510 1934 22
1536 1898 1624 1950 ὑπὸ]

181 2026 298 2059 tinere
338 2025 480 2059 liceret:
512 2037 631 2072 neque
668 2026 761 2060 enim
795 2026 904 2059 vitam
933 2026 1078 2058 omnino
1104 2026 1258 2059 tolerare
1284 2037 1321 2060 se
1346 2038 1449 2073 posse
1474 2028 1630 2070 aiebant',

184 2073 214 2106 si
235 2073 409 2118 patruelis
447 2074 500 2106 sui
539 2079 667 2107 terram
699 2074 810 2106 veluti
839 2073 1017 2118 propriam
1059 2073 1251 2117 imperator
1274 2078 1424 2107 teneret.
1474 2080 1511 2109 et
1536 2078 1630 2121 peti-

183 2120 276 2153 tioni
313 2119 456 2165 quidem
500 2120 644 2153 illorum
681 2132 745 2166 pro
795 2120 958 2152 bonitate
1000 2131 1060 2152 sua
1097 2120 1290 2165 imperator
1320 2133 1454 2155 morem
1492 2133 1629 2167 gerens,

184 2178 326 2200 omnem
351 2167 402 2200 eis
425 2167 598 2212 patruelis
618 2171 738 2200 eorum
763 2168 967 2212 Apoganem
990 2171 1118 2199 terram
1145 2169 1330 2209 concessit,
1354 2170 1432 2215 ipse
1455 2181 1538 2203 vero
1563 2170 1629 2203 Ul-

183 2220 306 2247 nutem
330 2215 493 2259 accepit,
530 2226 608 2247 cum
645 2215 808 2247 universo
835 2219 947 2247 tractu
976 2213 1139 2246 finitimo.
1189 2221 1341 2248 ceterum
1375 2221 1453 2250 tota
1477 2217 1629 2250 Tan-onis

183 2262 281 2304 regio
306 2261 344 2293 in
371 2261 442 2294 duo
467 2261 580 2295 divisa
605 2267 692 2302 erat,
716 2267 751 2295 et
779 2260 964 2293 dimidium
1002 2260 1146 2305 quidem
1173 2261 1354 2296 Cricoricii
1381 2264 1537 2308 magistri
1560 2265 1627 2297 filii

182 2312 398 2349 tenuerunt,
422 2307 610 2342 dimidium
637 2320 720 2343 vero
745 2308 810 2341 filii
835 2310 1041 2352 Apoganem
1068 2309 1221 2353 patricii,
1244 2308 1371 2343 horum
1395 2311 1588 2356 patrueles.

229 2374 287 2410 44.
335 2376 380 2412 de
404 2385 506 2411 terra
529 2377 766 2423 Apachunes,
803 2375 1009 2422 oppidoque
1033 2378 1285 2417 Mantziciert,
1320 2387 1356 2412 et
1382 2380 1524 2422 Percri,
1546 2389 1583 2414 et

231 2423 377 2466 miliat,
402 2432 438 2458 et
467 2423 637 2465 Chalia,
662 2434 699 2460 et
714 2427 852 2505 Arzeqs,
881 2432 915 2457 et
941 2423 1029 2457 Tibe
1044 2449 1054 2464 ‚
1076 2432 1110 2457 et
1131 2424 1261 2465 Chen,
1288 2433 1323 2459 et
1345 2425 1525 2468 Salamas,
1550 2436 1584 2462 et

828 2479 1021 2505 zermatzu.

277 2540 370 2572 Anto
398 2538 558 2573 Asotium
594 2539 798 2584 principum
835 2539 1057 2583 principem,
1095 2538 1268 2582 Symbatii
1302 2539 1388 2573 item
1426 2541 1628 2586 principum

182 2585 355 2631 principis
380 2591 529 2630 patrem,
553 2597 658 2632 quem
683 2587 810 2632 capitis
837 2585 1013 2630 supplicio
1047 2587 1163 2628 affecit
1194 2586 1345 2620 Persidis
1375 2599 1509 2620 ameras
1534 2590 1629 2633 Apo-

183 2637 302 2673 satas,
329 2633 464 2679 quique
502 2633 590 2667 duos
631 2634 725 2667 filios
751 2632 878 2666 habuit
895 2658 903 2673 ‚
930 2632 1090 2666 Asotium
1112 2634 1296 2675 nimirum,
1320 2635 1382 2680 qui
1409 2640 1490 2679 post
1514 2635 1629 2679 ipsum

184 2679 256 2711 suit
279 2680 481 2724 principum
503 2681 669 2726 princeps
684 2706 694 2721 ,
729 2686 765 2714 et
790 2680 996 2725 Apasacium
1012 2705 1021 2719 ‚
1057 2681 1119 2725 qui
1153 2686 1276 2726 postea
1312 2682 1469 2726 magistri
1493 2681 1629 2715 honore

184 2731 310 2758 auctus
337 2726 417 2766 fuit,
441 2726 508 2761 hae
532 2733 602 2762 tres
626 2727 753 2769 urbes,
779 2728 895 2761 Percri
920 2725 1060 2760 Chaliat
1086 2732 1122 2760 et
1145 2729 1272 2769 Arses,
1296 2728 1362 2762 sub
1386 2728 1538 2762 Persidis
1564 2728 1630 2762 do-

184 2773 294 2806 minio
324 2778 436 2806 erant.
