1780 3132
364 147 418 186 lN
457 145 817 188 SYNECDEMUM
859 140 1294 184 CommN'rAmUs.
1437 132 1528 180 431

107 255 236 308 τιδας,
264 252 450 310 ἔρχεται.
506 260 666 299 coniicit
694 258 849 312 quidem
870 256 975 298 God.
1001 248 1273 296 llenschenius
1301 253 1414 305 (tom.
1441 252 1532 292 5A.

107 312 156 354 S.
186 312 286 352 Iunii
313 325 354 365 p.
371 314 475 363 417)
505 315 642 356 urbem
655 315 804 355 Lucam
833 325 859 352 a
883 313 972 352 luce
1002 306 1191 360 Φωτικὴν
1215 307 1403 360 scriptori
1434 307 1535 356 dici;

107 379 210 420 quae
238 367 498 419 Epirotarum
525 382 726 422 nunquam
752 368 856 408 fuit:
894 371 937 407 at
971 372 1148 406 nostram
1183 363 1387 416 intelligit,
1419 373 1537 415 quam

107 422 290 474 imperite
326 423 556 463 Mediolano
594 425 747 464 iunxit:
783 421 932 474 oppida
969 421 1085 471 enim,
1122 420 1227 473 quod
1268 418 1537 459 Callimachus

106 477 178 528 ait,
206 471 306 515 τάδε
330 474 476 516 τόσσον
505 473 600 516 ὅσον
630 474 698 516 διὰ
730 478 921 515 πλεῖστον
948 471 1106 525 ἔχουσι.

217 535 322 582 393,
352 536 391 572 2.
473 529 497 583 ἢ
540 529 683 583 Θρακῆ
719 530 858 582 νῆσος]
887 531 946 571 sic
979 543 1083 578 mss;
1123 529 1229 569 unde
1256 528 1342 568 sine
1378 531 1538 567 contro-

110 587 247 627 versia
277 588 454 628 eruenda
492 588 572 628 erit
603 585 769 639 Ἰθάκη,
795 591 839 626 ut
868 585 962 628 Car.
990 598 1017 627 a
1053 585 1098 626 S.
1127 584 1272 624 Paullo
1302 587 1343 623 et
1368 583 1415 623 L.
1441 582 1538 622 Hol-

109 641 278 682 steinius
307 641 503 682 viderunt.

220 694 328 737 Ιῠὶί]Ὅ
356 700 397 737 3.
465 692 544 734 ὑπὸ
583 691 893 747 κονσουλοίριον]
937 695 1041 734 idem
1083 693 1125 733 in
1168 705 1240 733 Suo
1269 692 1405 732 codice
1433 689 1539 731 Con-

110 752 310 792 stantinus
337 752 365 791 l.
395 756 422 792 2
451 752 634 792 Them.9
662 750 776 803 legit,
807 755 848 789 et
874 751 1022 790 falsum
1055 753 1189 789 tamen
1218 760 1308 787 esse
1336 747 1536 788 arbitror:

110 817 206 846 nam
234 811 275 846 et
302 807 454 847 Notitia
481 807 573 860 imp.
602 807 752 846 Orient.
788 817 822 844 c.
846 809 869 845 1
899 805 1068 858 utrique,
1101 807 1140 842 et
1168 815 1299 843 novae
1327 806 1368 842 et
1399 801 1541 852 veteri,

114 859 241 913 Epiro
269 862 494 914 praesidem
520 861 698 914 imponit,
726 864 767 899 et
792 860 1055 912 imperatores
1075 858 1380 899 Valentinianus
1405 861 1445 896 et
1459 857 1541 897 Va-

114 915 204 955 lens
229 916 282 956 ad
311 916 511 956 Zosimum
542 928 674 956 novae
689 915 802 967 Epiri
831 915 1056 966 praesidem
1086 914 1184 953 dant
1210 914 1238 953 l.
1266 913 1421 952 unicam
1451 911 1539 950 cod.

112 970 266 1011 Theod.
294 971 345 1010 de
372 971 636 1021 stratoribus,
664 971 908 1022 innuuntque
946 968 1186 1022 Apolloniae
1213 979 1338 1020 agere
1367 966 1539 1007 solitum.

110 1025 247 1078 itaque
273 1023 348 1078 ὑφ’
379 1021 557 1077 ἡγεμόνα
591 1026 854 1078 praestiterit.

154 1101 158 1106 ·
222 1088 330 1131 Ibid.
346 1093 384 1132 4.
440 1085 699 1142 Δυρράχιον]
729 1089 962 1142 metropolis
990 1092 1079 1129 erat
1106 1089 1219 1141 Epiri
1250 1100 1407 1135 novae,·
1438 1087 1543 1127 unde

114 1145 245 1185 Lucas
273 1143 491 1190 ἐπίσκοπος
505 1144 768 1197 Δυρραχίου,
794 1139 1087 1196 μητροπόλεως
1103 1144 1198 1189 νέας
1222 1140 1422 1192 Ἠπείρου
1449 1155 1544 1182 con-

114 1200 181 1240 cil.
209 1199 399 1240 Chalced.
433 1214 472 1254 p.
488 1203 582 1240 565.

223 1263 334 1306 Ibid.
389 1261 581 1313 Σκάμπα]
619 1266 678 1305 ita
725 1269 835 1304 recte
864 1263 1149 1306 Constantinus
1194 1264 1237 1304 in
1266 1263 1439 1303 editione
1467 1262 1545 1303 Ba-

114 1323 234 1361 tava:
262 1333 355 1361 nam
385 1315 606 1370 Σκάμπτα,
636 1321 741 1372 quod
772 1320 868 1360 Ans.
901 1319 1128 1359 Bandurius
1152 1319 1326 1371 recepit,
1354 1318 1447 1358 hinc
1476 1319 1545 1357 de-

111 1378 260 1416 tortum
286 1379 360 1415 est.
416 1375 507 1415 vide
535 1375 587 1415 ad
614 1375 708 1415 Ant.
737 1375 826 1414 ltin.
855 1388 893 1427 p.
926 1377 1021 1415 318.

222 1439 332 1482 Ibid.
397 1439 569 1489 Βοῦλις]
607 1441 836 1480 Ptolemaeo
888 1439 1090 1490 Βουλλίς,
1129 1438 1336 1491 Stephano
1376 1434 1545 1483 Βυλλίς.

115 1495 212 1536 urbs
238 1500 327 1536 erat
351 1496 562 1546 maritima,
592 1495 833 1549 Apolloniae
861 1495 1007 1545 vicina,
1035 1494 1140 1534 unde
1168 1494 1342 1534 eiusdem
1370 1493 1546 1545 episcopi

114 1563 236 1592 curae
263 1553 424 1591 fuerunt
460 1551 713 1600 commissae,
758 1551 827 1603 qui
871 1550 912 1590 in
942 1550 1143 1601 Ephesino
1186 1549 1355 1588 concilio
1395 1561 1434 1600 p.
1465 1552 1546 1588 4:37

108 1597 392 1652 Ἀπολλωνίας
418 1602 490 1643 καί
515 1601 742 1649 Βελλιάδος
771 1609 810 1644 et
836 1619 876 1658 p.
906 1607 989 1644 524
1020 1601 1298 1648 Ἀπολλωνίας
1327 1604 1398 1641 καί
1425 1602 1548 1641 Βελί-

117 1657 187 1706 δος
214 1661 358 1700 vitiose
387 1661 545 1702 dicitur.
601 1661 695 1701 vide
722 1660 850 1701 Holst.
878 1660 919 1700 in
949 1659 1146 1712 Stephani
1173 1657 1341 1704 Βυλλίς.

226 1723 334 1766 Ibid.
361 1727 401 1765 5.
452 1722 665 1776 Ἀμαντία]
706 1725 782 1765 fuit
818 1725 860 1765 in
900 1725 1007 1765 Orici
1047 1724 1214 1774 finibus,
1243 1724 1295 1764 ab
1321 1722 1549 1763 Abantibus

116 1779 278 1820 condita
304 1783 345 1820 et
371 1781 489 1821 dicta.
551 1781 643 1820 vide
684 1780 922 1820 Palmerium
954 1780 1003 1820 G.
1034 1779 1082 1820 A.
1115 1783 1137 1818 1
1166 1782 1218 1818 31
1247 1792 1286 1831 p.
1318 1782 1409 1818 171.
1468 1778 1549 1817 Eu-

116 1834 239 1875 lalius
267 1835 476 1887 episcopus
518 1836 570 1876 ab
599 1835 788 1876 Amantia
817 1839 878 1874 est
914 1835 955 1874 in
994 1835 1142 1887 fragm.
1164 1837 1192 1873 3
1218 1846 1257 1885 p.
1290 1836 1397 1875 1323
1426 1834 1547 1886 Oper.

115 1887 257 1929 histor.
286 1890 444 1931 Hilarii.

226 1952 335 1996 Ibid.
392 1951 797 2007 Πουλχεριούπολις]
824 1959 933 1995 recte
963 1954 1038 1994 boc
1065 1953 1325 1994 Holsteinium
1354 1953 1549 2005 probasse

119 2007 407 2051 Constantinus
432 2011 459 2052 l.
491 2015 518 2050 2
545 2011 684 2051 Them.
713 2015 742 2051 9
776 2010 960 2050 ostendit.
1018 2022 1163 2049 nomen
1191 2013 1252 2048 est
1277 2021 1304 2048 a
1335 2009 1548 2049 Pulcheria

119 2064 338 2105 Theodosii
376 2066 538 2106 secundi
567 2077 734 2117 sorore,
777 2065 876 2105 situs
904 2077 1002 2105 vero
1042 2063 1368 2112 obscurissimus;
1406 2064 1486 2116 qui,
1513 2064 1550 2104 si

121 2131 278 2171 nomen,
305 2132 383 2173 quo
412 2126 507 2161 ante
530 2134 605 2162 usa
630 2122 727 2171 fuit,
759 2125 865 2160 esset
892 2121 1170 2172 exploratum,
1198 2118 1438 2158 commodius
1460 2119 1549 2159 fini-

119 2179 244 2215 retur.
314 2177 535 2216 Palmerius
577 2177 628 2216 de
655 2176 874 2229 Bulgarica
900 2175 1105 2227 Belgrado
1149 2173 1413 2226 suspicionem
1441 2173 1548 2223 iecit,

121 2240 226 2324 ιῙΑιιεὲο
253 2234 298 2270 ut
312 2231 491 2326 :gibai
518 2232 649 2284 possit
675 2233 932 2272 vehementer
971 2241 1128 2270 vereor.
1196 2230 1247 2268 de
1273 2228 1430 2269 Aulone
1455 2229 1548 2270 ltin.

159 2296 186 2324 n
205 2314 216 2324 .
273 2315 284 2325 .
396 2313 406 2322 .

258 2338 340 2380 bid.
416 2338 657 2387 Αὕλύνιδος
698 2338 961 2391 μητρόπολις]
1000 2338 1076 2379 suit
1118 2338 1212 2378 olim
1248 2334 1478 2388 Λυχνιὸός,
1505 2341 1550 2377 ut

122 2393 225 2434 bene
248 2395 494 2443 palmerius,
525 2407 630 2448 quae
670 2408 757 2435 cum
794 2395 991 2435 Hieroclis
1027 2406 1128 2434 aevo
1167 2393 1282 2446 Epiri
1317 2394 1551 2445 metropolis

122 2461 204 2488 non
234 2450 370 2501 fuerit,
398 2450 590 2490 credibile
616 2455 678 2490 est
704 2445 994 2501 μητροπόλεως
1022 2461 1159 2489 vocem
1186 2449 1263 2488 huc
1281 2461 1308 2488 a
1324 2448 1551 2498 Dyrrachio

125 2504 337 2556 migrasse,
366 2510 436 2545 aut
465 2505 672 2554 Lychnido
718 2517 744 2544 a
771 2504 995 2544 recentiore
1032 2503 1203 2544 librario
1230 2504 1356 2544 fuisse
1386 2503 1553 2555 apposi-

127 2564 230 2600 tam:
262 2559 339 2599 suit
362 2561 465 2600 enim
491 2560 644 2601 seriore
682 2564 816 2601 aetate
843 2560 916 2599 sub
945 2559 1137 2612 Bulgaris
1162 2557 1418 2611 metropolis3
1447 2558 1554 2611 quod

125 2618 170 2654 ut
201 2619 423 2667 appareat,
463 2615 666 2656 sciendum
708 2619 769 2655 est
812 2615 949 2655 urbem
983 2614 1087 2655 hanc
1121 2627 1147 2654 a
1187 2618 1308 2666 gente
1335 2614 1555 2665 Bulgarica

126 2668 343 2711 Aeni-idam
371 2670 495 2711 fuisse
521 2673 801 2724 nuncupatam.
860 2669 1076 2722 cedrenus,
1097 2669 1312 2722 Nicephori
1341 2669 1553 2720 Gregoras
