1780 3132
291 163 382 209 306
605 171 858 211 BANDURH
898 165 1386 214 ANimADvEnsmNEs

294 279 397 330 apud
427 280 640 330 scriptores
677 281 838 319 Latinos
877 281 1038 320 eandem
1086 294 1221 321 vocem
1258 287 1485 334 usurpatam
1535 282 1691 333 reperio

293 333 426 372 eadem
455 333 624 372 notione.
679 334 911 373 Anastasius
941 336 1116 375 biblioth.
1149 336 1189 375 in
1221 335 1264 376 S.
1299 337 1517 376 Zacharia:
1544 335 1690 376 simal-

292 397 370 438 que
394 390 437 424 et
465 384 559 425 vela
586 388 731 426 serica
752 386 928 427 alithina
949 393 1157 441 quattuor.
1214 390 1386 429 occurrit
1413 389 1558 441 passim
1585 390 1689 440 apud

291 451 375 477 eum
406 439 648 489 scriptorem.
704 442 773 481 alii
794 453 888 480 vero
915 447 1095 481 auctores
1116 443 1328 482 chlamides
1359 454 1577 494 purpureas
1599 444 1692 483 veri

289 491 458 531 laminis
501 497 663 532 vocant:
691 494 802 534 sicuti
842 496 942 534 enim
970 496 1113 535 Graeci
1143 492 1339 545 ἀληθινὸν
1377 495 1526 545 χρῶμα
1551 495 1690 536 dixere

287 558 357 595 pro
384 557 579 596 purpureo
605 547 667 584 vel
702 549 893 597 coccineo,
922 550 978 588 ita
1006 549 1087 586 κατ’
1123 545 1269 598 ἐξοχὴν
1297 549 1450 589 Latinis
1474 560 1594 588 verus
1621 562 1688 588 co-

282 600 347 637 lor
379 604 438 636 vst
465 611 692 650 purpureus.
757 602 902 641 idcirco
942 600 1140 651 δἐρμάτια
1184 599 1359 653 ἀληθινὰ
1390 598 1571 653 mintium
1598 603 1688 654 pel-

283 652 341 690 les
372 653 581 703 pardorum
630 666 848 705 purpureas
890 656 1141 707 interpretati
1172 668 1316 696 sumus.
1380 656 1471 696 vide
1500 655 1688 696 Salmasii

283 710 397 744 notas
427 706 468 744 in
495 707 529 745 T
533 707 734 747 rebellium
768 709 983 749 Pollionem
1015 714 1054 748 et
1081 710 1277 762 Ducangii
1301 714 1506 762 utrumque
1534 709 1667 748 Gloss-

383 773 447 820 72,
482 775 523 809 9.
579 769 793 819 βασιλικὸς
832 773 871 812 id
913 778 972 812 est
1006 772 1308 814 Caesarianas.
1365 774 1422 814 sic
1449 774 1685 825 interpreta-

278 826 340 862 tus
370 837 453 863 sum
481 826 660 876 exemplo
679 825 844 877 Cuiacii‚
873 828 938 878 qui
970 828 1020 866 ad
1048 829 1146 867 Nov.
1178 832 1201 866 1
1230 827 1437 868 Iustiniani
1455 825 1686 868 caesaria-

276 889 370 917 nam
408 879 692 928 interpretatur
734 880 818 918 sive
861 878 1091 931 officialem
1125 878 1343 922 Caesaris.
1426 881 1549 920 Divus
1587 892 1684 922 vero

272 931 529 980 Hieronymus
556 933 596 970 in
627 932 697 971 illo
726 934 886 972 Ioannis
915 937 940 973 4
964 937 1035 983 46,
1077 927 1126 983 ἦν
1154 947 1214 978 τις
1240 929 1462 984 βασιλικός,
1489 935 1684 986 interpre-

273 989 380 1024 tatur
407 989 504 1024 erat
544 985 710 1038 quidam
738 986 969 1038 palatinas.
1037 988 1264 1039 Ducangius
1301 985 1516 1036 βασιλικοί,
1545 988 1684 1039 inquit,

273 1039 388 1079 iidem
414 1039 478 1091 qui
497 1036 776 1089 μαινὸᾰτωρες,
799 1043 868 1093 qai
894 1043 1045 1080 scilicet
1069 1042 1342 1093 imperatoris
1358 1041 1555 1081 mandata
1585 1052 1683 1093 per-

267 1091 476 1143 ferebant.
549 1093 650 1131 vide'
679 1094 850 1133 eiusdem
889 1095 1021 1136 Gloss.
1064 1095 1164 1135 med.
1213 1095 1357 1136 Graec.
1401 1108 1438 1135 v.
1465 1091 1683 1144 βασιλικοί,

269 1159 419 1186 necnon
449 1146 548 1185 med.
580 1147 668 1186 Lat.
702 1160 739 1186 v.
771 1145 1004 1189 Basilicas.

375 1210 480 1252 [bid.
513 1215 577 1249 11.
634 1207 864 1257 ὁίασώστας
890 1213 930 1252 id
961 1218 1022 1252 est
1048 1211 1180 1252 duces
1206 1214 1324 1253 viae.-
1355 1213 1412 1252 ita
1432 1216 1471 1252 et
1487 1212 1682 1264 Meursius

267 1266 561 1317 iuterpretatur.
638 1266 866 1316 saepissime
910 1266 987 1306 hac
1016 1279 1112 1305 voce
1145 1271 1306 1306 utuntur
1346 1267 1482 1306 eadem
1522 1266 1682 1306 notione

266 1320 411 1360 Graeci
448 1316 701 1358 recentiores.
766 1320 856 1359 vide
894 1319 1100 1359 Suicerum
1157 1321 1198 1359 in
1234 1317 1487 1368 Διασώζειν,
1528 1331 1681 1360 necnon

266 1374 456 1425 Ducangii
490 1378 695 1423 utrumque
722 1373 855 1412 Gloss.
886 1387 923 1413 v.
953 1373 1184 1414 Diasostes
1212 1381 1251 1413 et
1277 1373 1526 1413 conducere.

374 1436 481 1477 Ibid.
502 1441 564 1476 16.
636 1432 818 1484 ξενάλιον
847 1437 913 1477 hic
944 1443 982 1477 et
1020 1451 1051 1476 c.
1087 1441 1140 1477 43
1172 1438 1342 1478 eiusdem
1370 1438 1467 1478 libri
1492 1437 1596 1478 idem
1624 1437 1679 1476 si-

264 1491 428 1543 gnificat
455 1492 557 1543 quod
586 1492 690 1542 apud
719 1495 874 1529 veteres
897 1491 1073 1531 Graecos
1100 1489 1239 1536 ξένιον.

371 1559 437 1604 73,
467 1558 505 1594 5.
562 1552 776 1603 χελοίνδιον
804 1556 956 1608 navigii
986 1555 1148 1607 species,
1178 1556 1287 1595 cuius
1319 1557 1503 1607 frequens
1532 1554 1678 1594 mentio

264 1609 435 1648 occurrit
465 1609 566 1660 apud
594 1608 836 1656 Byzantinos
865 1610 1101 1660 scriptores,
1129 1622 1279 1648 necnon
1307 1610 1411 1659 apud
1438 1609 1540 1648 hunc
1569 1608 1678 1648 Con-

262 1663 475 1702 stantinum
506 1675 538 1700 c.
568 1665 634 1711 39,
657 1665 707 1700 41
736 1666 776 1701 et
803 1664 869 1701 51.
937 1663 1027 1702 vide
1062 1663 1256 1715 Ducangii
1284 1663 1416 1702 Gloss.
1457 1662 1556 1702 med.
1586 1663 1676 1702 hat.

265 1729 300 1755 v.
336 1716 605 1756 chelandium.

372 1779 478 1820 Ibid.
535 1774 723 1826 Διλναπρι
768 1777 836 1816 καί
865 1775 1092 1829 Λάναστρι]
1133 1792 1213 1819 non
1244 1780 1371 1819 solum
1401 1780 1677 1832 Porphyroge.

262 1835 346 1874 nito
376 1846 513 1873 verum
543 1833 660 1872 etiam
691 1833 871 1872 Cedreno
908 1846 944 1884 p.
980 1836 1059 1873 464
1085 1834 1273 1884 Danaper
1301 1839 1340 1872 et
1369 1834 1570 1875 Danaster
1599 1835 1677 1873 duo

261 1894 351 1928 sunt
375 1888 536 1927 flumina
580 1886 760 1935 diversa,
788 1892 827 1925 et
871 1887 1026 1937 quidem
1055 1888 1256 1927 Danaster
1295 1887 1434 1927 fluvius
1469 1887 1572 1927 idem
1610 1887 1678 1939 qui

260 1942 554 1991 Borysthenes,
584 1940 810 1978 Sarmatiae
839 1940 1072 1992 Europaeae
1102 1940 1266 1988 fluvius,
1296 1941 1361 1992 qui
1389 1941 1505 1980 etiam
1535 1953 1559 1981 a
1589 1941 1678 1980 lor-

261 1996 390 2036 nande
433 1996 633 2034 Danaster
669 1995 914 2045 appellatum
954 1994 1056 2032 unde
1090 1995 1317 2045 Danaprum
1357 1998 1396 2033 et
1435 1995 1675 2034 nanastrum

261 2064 334 2102 pro
362 2049 498 2088 eodem
529 2047 685 2086 flumine
717 2047 937 2098 geographi
958 2049 1102 2098 passim
1129 2052 1334 2098 usurpant.
1389 2049 1456 2086 sed
1487 2060 1576 2087 num
1596 2048 1675 2086 Da-

263 2107 399 2143 naster
430 2103 531 2141 idem
578 2102 642 2152 qui
672 2101 904 2140 Marcellino
933 2102 1128 2140 Danastus
1167 2100 1308 2140 fluvius
1336 2101 1515 2141 diversus
1544 2114 1570 2140 a
1597 2101 1676 2140 Bo-

263 2157 460 2207 rysthene,
491 2167 601 2206 quem
631 2155 734 2193 idem
762 2155 932 2204 scriptor
960 2154 1064 2193 inter
1076 2154 1296 2193 Danubium
1322 2159 1361 2193 et
1392 2155 1675 2203 Borysthenem

261 2211 400 2262 ponit?
467 2209 661 2247 Martinus
691 2207 900 2246 (jn-omerus
928 2214 1054 2247 autem
1095 2208 1143 2246 de
1175 2208 1292 2246 rebus
1319 2210 1552 2247 Polonorum
1582 2221 1618 2260 p.
1647 2212 1675 2247 8

261 2266 318 2304 sic
355 2264 501 2302 habet:
533 2261 751 2301 Dana-ster
781 2273 878 2300 aero
897 2293 906 2307 ‚
934 2264 1003 2314 qai
1050 2261 1252 2300 lornandi
1282 2259 1567 2314 Borysthenes
1593 2265 1672 2311 est,

263 2320 305 2357 ni
335 2315 498 2367 fallor,
538 2317 640 2354 atii-s·
669 2327 770 2354 vero
819 2314 957 2366 'lyras
976 2346 986 2365 ,
1017 2316 1085 2367 qni
1127 2328 1151 2353 e
1179 2312 1438 2355 Sarmaticis
1466 2314 1672 2355 montibus

262 2369 473 2424 profluens
502 2371 723 2408 etiamnum
753 2367 912 2408 Nes-ter
949 2371 1040 2407 sive
1069 2367 1257 2408 Dnester
1291 2367 1343 2408 ab
1371 2368 1538 2409 accolis
1566 2369 1672 2408 dici-

263 2429 344 2474 tur,
374 2426 416 2463 et
442 2425 537 2473 ipse
566 2425 611 2461 in
640 2421 859 2462 Sarmatia
886 2425 963 2462 est.
1007 2426 1045 2460 et
1072 2435 1110 2472 p.
1140 2427 1212 2461 11:
1242 2434 1295 2461 ac
1324 2425 1365 2462 si
1393 2422 1556 2476 quidem
1583 2421 1672 2462 Da-

259 2481 407 2518 naster
434 2474 720 2528 Borysthenes
749 2479 827 2525 est,
858 2479 902 2515 at
932 2476 1165 2515 [ornandes
1191 2475 1300 2515 velle
1331 2476 1496 2516 videtur
1522 2479 1565 2515 et
1594 2486 1672 2515 nos

261 2535 359 2572 ante
386 2530 594 2578 diaeimus,
624 2541 742 2581 quem
767 2541 845 2569 nos
874 2528 1061 2580 Neprum
1101 2541 1179 2569 sea
1210 2529 1423 2581 Dnepram
1460 2540 1671 2579 vocamus,

266 2583 442 2626 Valachi
473 2595 526 2622 ac
551 2582 715 2622 Podolz'i
753 2595 862 2622 nanc·
901 2594 950 2622 ea
976 2582 1074 2623 loca
1103 2587 1272 2623 tenent.-
1298 2585 1368 2623 sin
1394 2582 1553 2624 Nestor
1580 2585 1672 2622 sive

259 2638 493 2687 Mnester,
525 2641 568 2676 ut
595 2639 721 2676 eliam
765 2648 874 2676 nanc
902 2635 955 2676 ab
992 2636 1161 2677 accolis
1192 2635 1350 2678 Rassz's
1381 2641 1423 2677 et
1453 2634 1670 2677 Moldavis
