1780 3132
266 142 360 188 332
589 146 844 188 BANDURlI
883 146 1371 191 ANIMADVERSINOES

262 262 355 298 tunc
380 258 560 311 Augusta
587 259 674 308 suit,
702 271 781 298 non
798 259 923 307 Irene,
953 262 996 298 ut
1023 262 1063 298 et
1089 271 1193 311 papa
1209 261 1375 301 Ioannes
1403 262 1555 313 tertius,
1582 274 1662 303 non

263 313 496 352 Zacharias,
566 317 658 351 sunt
682 317 813 351 autem
855 313 920 364 qui
943 312 1045 353 hanc
1072 314 1396 365 Langobardicae
1433 316 1662 368 irruptionis

262 371 423 406 auctore
440 366 606 405 Narsete
632 366 799 416 patricio
813 366 989 416 spadone
1017 367 1223 407 historiam
1252 368 1356 407 inter
1381 369 1539 409 fabulas
1566 370 1663 409 reii-

263 420 382 459 ciant.
465 420 506 458 in
545 419 606 457 his
641 422 701 457 est
741 419 960 469 Baronius,
989 421 1060 459 sed
1100 421 1216 461 venia
1242 422 1395 473 quidem
1424 427 1484 462 est
1507 423 1663 474 dignus,

260 486 341 512 non
366 474 491 512 solum
520 472 611 523 quia
639 476 750 512 aetas
779 474 892 512 unius
919 473 1088 513 hominis
1128 487 1207 513 non
1235 479 1295 514 est
1324 476 1421 515 satis
1448 475 1500 515 ad
1527 477 1664 528 siugu-

260 527 323 566 las
352 538 417 565 res
444 526 580 565 sedulo
607 527 918 577 perpendendas,
946 540 1080 567 verum
1117 529 1236 568 etiam
1263 529 1354 580 quia
1382 529 1666 581 quamplurima

258 584 509 619 monumenta
538 581 700 632 antiqua
729 585 819 631 post
846 582 948 620 tanti
968 582 1044 621 viri
1073 581 1218 621 obitum
1245 582 1287 621 in
1313 583 1438 622 lucem
1467 583 1663 634 prodiere.

258 633 415 684 plurimi
450 638 579 672 autem
624 639 715 673 sunt
758 635 824 686 qui
860 634 962 674 hanc
1000 635 1205 674 historiam
1241 636 1420 675 Narsetis
1457 647 1593 676 veram
1618 649 1666 676 ae

258 687 469 738 genuinam
501 699 587 726 esse
614 688 870 736 arbitrantur,
899 693 938 727 et
976 689 1094 728 facile
1122 688 1284 729 Baronii
1312 689 1565 729 difficultates
1595 690 1666 728 eli-

259 740 422 789 minant,
453 753 537 780 cum
565 741 697 792 plures
726 742 915 780 Narsetes
943 742 1024 781 illis
1052 743 1291 794 temporibus
1320 742 1499 782 floruisse
1525 755 1576 783 ex
1603 742 1666 784 hi-

257 794 416 833 storicis
447 795 669 834 ostendant.
735 799 895 846 praeter
934 796 1137 835 petavium
1176 796 1217 836 in
1255 796 1489 836 Rationario
1517 800 1667 848 tempo-

257 859 356 896 rum,
384 849 561 899 pluribus
587 849 796 888 veritatem
822 848 935 887 huius
962 849 1151 890 historiae
1179 850 1322 889 asserit
1339 850 1486 902 Pagius
1515 851 1568 890 ad
1595 862 1667 890 an-

255 914 349 940 num
377 902 526 941 Christi
555 903 648 941 567.
718 902 783 954 qui
814 906 944 942 tamen
978 903 1131 942 fallitur
1167 916 1254 943 cum
1291 904 1348 943 ait
1387 903 1576 944 neminem
1615 915 1667 943 ex

256 956 483 995 auctoribus
511 955 678 996 Graecis
704 955 817 995 huius
845 956 1034 996 historiae
1051 957 1230 996 Narsetis
1257 957 1491 997 mentionem
1518 959 1664 1008 facere,

256 1021 341 1048 cum
371 1010 457 1048 fuse
485 1010 534 1048 de
576 1021 624 1048 ea
664 1009 1027 1061 Porphyrogenitus
1059 1010 1255 1062 loquatur,
1290 1011 1460 1063 scriptor
1489 1010 1667 1051 Graecus

256 1062 394 1102 decimi
426 1062 548 1102 seculi
578 1063 656 1102 fide
683 1063 950 1115 dignissimus.

366 1131 457 1176 119,
487 1131 526 1168 6.
595 1124 748 1165 πάκτον
785 1126 984 1168 tributum
1011 1140 1069 1169 επ
1100 1131 1229 1182 pacto
1257 1127 1470 1179 indiction,
1496 1129 1669 1183 quaevis

256 1182 499 1233 pensitatio.
555 1181 678 1221 utitur
710 1183 938 1233 frequenter
976 1182 1052 1222 hac
1079 1195 1177 1222 voce
1217 1183 1354 1223 eadem
1381 1182 1670 1235 significatione

257 1236 429 1287 scriptor
452 1238 602 1275 noster.
666 1236 866 1287 reperitur
895 1240 936 1275 et
972 1237 1076 1288 apud
1103 1237 1204 1276 alios
1232 1236 1446 1288 scriptores
1475 1235 1667 1286 Byzanti-

256 1301 329 1329 nos
356 1290 492 1329 eadem
520 1289 824 1341 significatione.
883 1302 921 1330 v.
954 1290 1149 1343 Ducangii
1178 1291 1242 1331 Gl.
1272 1290 1344 1330 Gr.

364 1352 472 1395 lbid.
502 1358 567 1393 21.
625 1351 829 1406 κατῴκουν
868 1352 926 1399 εἰς
954 1354 1193 1402 Πανωνιάν]
1238 1354 1468 1394 habitarunt
1494 1352 1535 1393 in
1563 1353 1668 1392 Pan-

256 1408 379 1448 nonia
396 1408 655 1459 Longobardi
685 1420 811 1447 annos
823 1410 887 1457 42,
915 1420 1053 1460 nempe
1082 1409 1133 1448 ab
1163 1420 1200 1448 a.
1222 1408 1371 1448 Christi
1385 1409 1466 1448 526
1493 1406 1546 1447 ad
1572 1408 1665 1446 568.

256 1463 348 1503 vide
375 1462 591 1501 Diaconum
622 1461 672 1500 de
703 1465 804 1513 gest.
832 1462 1013 1514 Longob.
1034 1465 1060 1501 2
1089 1465 1115 1500 7
1141 1462 1290 1501 anzs.

361 1524 469 1567 Ibid.
499 1530 563 1566 22.
620 1520 692 1562 καὶ
726 1523 1002 1574 ἀποστείλας]
1043 1526 1188 1565 Paulus
1225 1526 1424 1565 Diaconus
1465 1524 1515 1564 de
1542 1523 1667 1576 gestis

257 1578 485 1631 Longobar.
514 1584 540 1619 2
568 1580 614 1619 5:
642 1581 785 1632 itaque
827 1579 922 1619 odio
956 1583 1148 1632 metuque
1176 1582 1422 1632 eoeayitatas
1451 1577 1665 1629 (Narses)

261 1635 306 1673 in
333 1633 664 1686 Neapolitanam
691 1635 905 1673 civitatem
922 1633 1142 1683 secedens,
1171 1632 1334 1686 leyatos
1354 1644 1454 1672 moa:
1483 1631 1539 1672 ad
1553 1629 1667 1672 Lon-

251 1685 535 1739 9obardoram
568 1690 733 1739 gentem
763 1686 933 1739 divicit,
972 1686 1176 1727 mandans
1205 1691 1251 1728 ut
1277 1688 1530 1739 paupertina
1556 1683 1666 1725 Pan-

255 1743 406 1781 noniae
435 1752 542 1782 rura
583 1741 830 1781 desererent
868 1744 908 1780 et
953 1740 1009 1781 ad
1047 1739 1220 1781 Italiam
1255 1742 1424 1781 canetis
1460 1737 1668 1790 refertam

255 1795 420 1835 divitiis
446 1795 745 1848 possidendam
770 1797 971 1835 venirent.
1027 1794 1234 1848 simulque
1260 1792 1502 1835 multimoda
1528 1803 1667 1845 pomo-

254 1860 347 1890 rum
371 1860 531 1901 yenera
558 1849 820 1902 aliarumque
846 1859 987 1889 reram
1018 1851 1201 1900 species,
1234 1859 1406 1902 quorum
1436 1845 1569 1887 Italia
1595 1844 1667 1896 se·-

254 1914 344 1944 raae
374 1907 454 1952 est,
481 1906 621 1954 mittit,
641 1907 847 1956 quatenus
863 1913 1006 1942 eorum
1028 1902 1084 1942 ad
1110 1903 1351 1943 veniendum
1377 1903 1540 1942 animos
1567 1911 1669 1952 pos-

253 1960 327 1997 set
364 1956 547 1998 illicere.
623 1961 663 1996 et
700 1957 937 1996 Anastasius
984 1956 1312 1996 Bibliothecarius
1347 1955 1388 1995 in
1428 1956 1575 1994 Ioanne
1616 1957 1669 1994 3:

254 2015 356 2051 tunc
385 2022 587 2063 egressas
613 2009 785 2052 Narses
812 2010 863 2050 de
889 2008 1024 2050 Roma
1045 2012 1157 2050 venit
1175 2008 1458 2062 Campaniam,
1487 2011 1530 2048 et
1554 2009 1666 2048 scri-

253 2066 344 2117 psit
369 2067 486 2117 genti
514 2063 888 2118 Lonyobardorum
917 2067 964 2104 at
990 2066 1181 2105 venirent
1210 2067 1253 2104 et
1277 2062 1548 2116 possiderent
1573 2059 1666 2102 Ita-

253 2118 368 2158 liam.
396 2120 548 2159 Menas.

363 2177 454 2224 121,
473 2177 512 2212 2.
567 2173 626 2212 De
653 2172 747 2213 Sico
780 2176 820 2212 et
846 2170 1014 2212 Sicardo
1044 2183 1082 2211 ν.
1111 2168 1319 2210 Camillmn
1342 2169 1601 2222 Peregrinum
1627 2167 1670 2208 in

255 2225 424 2267 historia
461 2227 678 2279 principum
704 2226 1071 2278 Longobardorum.
1398 2225 1402 2227 ’

362 2290 471 2331 Ibid.
501 2295 540 2331 3.
614 2289 844 2336 Σιπενὸοῦ]
887 2302 967 2329 non
997 2289 1131 2328 dubito
1172 2287 1264 2340 quin
1294 2286 1360 2327 hic
1386 2298 1460 2339 pro
1489 2284 1669 2339 Sipendi

255 2345 467 2396 legendum
505 2345 557 2385 sit
594 2343 778 2396 Siponti.
847 2343 1051 2395 Sipontum
1100 2343 1243 2394 quippe
1282 2341 1453 2392 Apuliae
1488 2341 1670 2381 Dauniae

254 2401 349 2438 urbs
379 2402 439 2437 est
466 2403 507 2438 et
533 2399 692 2438 colonia
721 2399 912 2438 Romana.
980 2396 1117 2436 eadem
1145 2395 1337 2436 Straboni
1366 2393 1544 2446 Σηπιοῧς
1571 2393 1668 2434 dici-

253 2457 330 2503 tur,
362 2451 525 2501 Σηποῦς
551 2453 789 2502 Ptolemaeo,
818 2455 857 2490 et
885 2450 1038 2495 Σιποῦς
1067 2449 1284 2502 Stephano.

362 2515 471 2556 Iln‘d.
503 2519 565 2556 14.
623 2510 865 2565 Καπαντήν]
891 2515 947 2554 sic
974 2514 1124 2566 legitur
1151 2518 1190 2552 et
1214 2514 1254 2552 in
1282 2525 1374 2553 mss.
1429 2511 1498 2552 sed
1525 2522 1669 2562 perpe·

253 2581 360 2609 ram:
392 2570 534 2621 quippe
563 2570 661 2609 haec
691 2570 786 2609 urbs
820 2582 934 2620 quam
962 2568 1218 2618 Landulphus
1255 2568 1463 2618 episcopus
1491 2566 1543 2604 ad
1572 2577 1668 2615 pon-

254 2629 332 2664 tem
360 2623 576 2665 Casilinum
617 2623 787 2665 fluminis
814 2622 1001 2664 Vulturni
1040 2622 1344 2672 aedificaverat,
1381 2618 1606 2673 appellatur
1643 2630 1670 2658 a
