1780 3132
269 146 363 195 498
798 155 1143 196 wassssmNGn

268 264 365 304 sime
394 277 432 317 p.
453 266 505 304 51
533 261 687 308 πόλεως
718 260 917 312 'Ammon
948 269 987 304 et
1026 278 1064 317 p.
1079 268 1157 304 591
1189 263 1381 315 Μιζοιὲης
1411 266 1565 314 dicitur,
1591 281 1671 309 me-

270 319 347 358 lius
375 332 412 370 p.
433 321 525 358 351.
580 318 705 370 digna
732 318 864 370 itaque
895 321 1028 358 fuerat
1058 331 1158 370 quae
1185 318 1225 357 in
1255 319 1416 370 Geogra
1445 321 1508 361 hia
1536 322 1579 363 S.
1610 325 1670 362 lo-

265 384 351 411 cum
382 376 603 422 occuparet.
667 371 757 411 vide
797 373 889 411 Ant.
917 373 1006 411 ltin.
1037 385 1074 424 p.
1093 376 1193 412 142:
1228 384 1319 412 naui
1349 369 1441 425 ῥεγε
1469 379 1512 414 ut
1540 377 1668 416 denuo

198 466 206 473 ,
264 426 514 477 explicemus,
541 425 639 464 nihil
668 425 789 465 fuerit
815 438 986 465 necesse.

369 493 461 537 396,
490 493 556 529 21.
606 485 884 538 ιΗλιούτιολις]
927 490 1151 542 Heliopolin
1192 489 1378 530 Galatiae
1405 491 1498 531 Vita
1536 493 1668 534 Theo-

262 543 349 581 dori
379 543 573 590 Syceotae
616 555 649 580 c.
676 545 704 582 5
731 548 770 582 et
799 548 826 583 9
853 549 1066 592 memorat;
1104 549 1313 596 praeterea
1346 545 1667 600 Meliphthongus

255 593 574 633 ζΗλιουπολιτῶν
605 596 843 637 Chalcedon.
886 598 1051 637 concilio
1079 611 1118 649 p.
1137 600 1217 637 195
1252 599 1442 639 interest:
1470 601 1573 639 unde
1601 614 1667 641 sa-

259 662 351 688 num
380 649 453 688 hoc
482 662 567 688 esse
597 651 750 690 diceres
768 682 779 700 ,
823 651 1014 702 siquidem
1052 657 1090 690 et
1132 656 1288 691 ceterae
1307 653 1482 692 Notitiae
1509 655 1668 706 conspi-

258 707 360 742 rent.
418 708 644 755 corruptum
670 708 800 744 tamen
841 709 927 753 est,
957 709 997 744 et
1035 705 1076 744 in
1099 699 1386 750 Ἰουλιούπολις
1425 709 1665 755 mutandum,

257 761 338 795 tum
368 757 471 809 quod
500 758 822 809 Meliphthongus
861 764 1090 799 constanter
1122 759 1243 807 alibi,
1271 763 1314 798 ut
1348 772 1386 811 p.
1407 763 1487 800 243
1516 766 1557 800 et
1584 767 1666 802 662
1731 813 1734 817 ,

251 807 582 855 Ἰουλιουπόλεως
597 812 805 858 scribatur,
835 816 873 851 et
891 813 1055 852 concilio
1070 813 1366 864 Constantinop-
1387 814 1506 854 tertio
1532 827 1571 867 p.
1583 819 1662 856 501

254 864 474 912 Martyrius
504 864 574 914 τῆς
599 863 944 903 Ἰουλιουηολιταῖν
975 863 1148 914 πόλεως,
1187 865 1260 915 τῆς
1284 863 1444 916 πρώτης
1472 867 1551 906 τῶν
1580 868 1618 906 Γ
1617 883 1664 907 α-

255 918 386 954 λατῶν
413 917 614 965 ἐπαρχίας
643 920 889 970 appelletur3
917 924 996 960 tum
1022 921 1191 959 maxime
1219 921 1322 971 quod
1347 922 1459 960 nulla
1484 921 1525 961 in
1539 922 1663 964 Gala-

254 971 312 1011 tia
342 971 462 1010 fuerit
490 971 719 1023 Heliopolis.
776 973 825 1012 de
853 974 1035 1025 Iuliopoli
1063 975 1154 1013 Ant.
1191 974 1327 1013 ltiner.
1351 987 1390 1026 p.
1411 978 1502 1016 142.

360 1033 466 1075 Ibid.
496 1040 560 1076 22.
640 1036 847 1082 Γαλατίας
874 1035 1175 1087 Σαλουταρίας]
1215 1038 1416 1079 Galatiam
1451 1040 1662 1081 secundam

251 1090 430 1140 appellat
457 1090 663 1130 concilium
692 1091 993 1143 Constantinum
1025 1092 1183 1132 tertium
1204 1097 1244 1132 et
1270 1093 1417 1144 passini
1445 1093 1527 1134 alii.
1581 1095 1662 1135 Zo-
1733 1109 1735 1112 ·

250 1143 349 1182 simo
378 1148 438 1182 est
469 1139 493 1192 ἦ
524 1143 627 1180 κατὰ
661 1143 849 1194 Φρυγίαν
884 1143 923 1182 Γ
922 1145 1072 1183 azaria
1100 1149 1126 1185 4
1154 1150 1203 1196 7,
1236 1147 1340 1199 quod
1369 1146 1568 1200 Phrygiae
1598 1161 1662 1187 es-

249 1201 309 1236 set
332 1197 509 1236 finitima·
573 1198 746 1238 Notitiae
784 1199 875 1250 imp.
913 1199 1066 1239 Orient.
1094 1211 1127 1240 c.
1156 1205 1204 1247 1,
1233 1201 1290 1240 uti
1316 1204 1467 1251 nostro,
1497 1201 1662 1243 Galatia

248 1251 454 1299 salutaris,
485 1251 659 1302 praesidi
685 1252 874 1292 subiecta.

354 1312 461 1356 lbid.
482 1319 548 1356 23.
603 1315 821 1365 Πισινοῦς]
853 1317 986 1357 verius
1015 1316 1247 1362 Πεσσινοῦς
1274 1319 1339 1357 vel
1369 1317 1585 1368 Πεσινοῦς,
1611 1320 1662 1360 de

246 1381 325 1421 qua
353 1369 402 1409 A.
438 1370 527 1409 ltin.
559 1383 598 1421 p.
618 1374 712 1410 201.
779 1372 1010 1423 metropolis
1059 1371 1288 1422 provinciae
1329 1375 1438 1420 erat;
1478 1373 1586 1413 unde
1618 1374 1660 1414 in

245 1423 412 1462 concilio
441 1423 744 1475 Constantinop-
771 1425 891 1463 tertio
923 1438 963 1476 p.
985 1429 1067 1464 663
1095 1425 1376 1465 Constantinus
1406 1425 1660 1466 Πεσσινουν-

244 1476 342 1513 τίων
367 1475 436 1526 τῆς
464 1476 660 1526 δευτέρας
685 1477 767 1515 τῶν
796 1477 994 1515 Γαλατῶν
1023 1478 1355 1528 ἑπαρχιάς’-ὶηῐει·
1382 1481 1659 1532 metropolita-

246 1542 319 1568 nos
360 1536 678 1572 connumeratur.
753 1532 870 1572 Vitae
896 1532 1096 1571 Theodori
1137 1532 1333 1580 Syceotae
1372 1545 1406 1572 ο.
1437 1537 1486 1573 11
1529 1535 1659 1574 Pessi-

247 1584 425 1623 nuntium
455 1586 699 1636 metropolis,
728 1585 834 1625 haud
865 1586 982 1626 dubie
1009 1586 1114 1638 quod
1139 1586 1179 1626 in
1196 1586 1352 1627 Graeco
1379 1587 1524 1627 inesset
1541 1588 1658 1627 Πεσ-

245 1637 483 1681 σινουνῖίων
511 1637 776 1688 μητρόπολις.

351 1699 463 1741 Ibid.
513 1699 870 1752 Ῥεγεμαυρέκιον]
898 1703 956 1743 sic
982 1701 1074 1753 mss,
1103 1704 1207 1743 unde
1232 1704 1361 1750 vicum
1383 1705 1520 1757 fuisse,
1547 1717 1660 1758 quem
1726 1697 1731 1707 ’

246 1755 385 1807 legere
406 1768 486 1794 non
507 1757 677 1805 memini,
708 1763 888 1808 apparet.

354 1817 462 1860 Ihm.
519 1816 770 1870 Πητινησὸς]
800 1834 878 1861 ηοιι
905 1822 988 1863 alia
1016 1827 1076 1862 est
1105 1835 1152 1863 ac
1177 1823 1391 1862 Ptolemaei
1422 1819 1658 1875 Πετενισός,

246 1873 345 1922 sive,
374 1878 419 1912 ut
447 1873 575 1913 Palat.
607 1878 647 1913 et
676 1874 839 1914 Coislin.
868 1888 960 1924 mss,
985 1873 1254 1926 Πετενησσός.
1309 1877 1429 1917 habet
1460 1877 1658 1918 etNotitia

249 1927 327 1965 lac.
361 1927 499 1967 Goari.

354 1979 461 2020 Ibid.
519 1977 721 2032 Αἰώριον]
752 1983 950 2035 putabam,
979 1996 1064 2023 cum
1079 1983 1244 2035 primum
1260 1984 1334 2023 hoc
1349 1983 1532 2036 oppidum
1559 1996 1657 2024 con-

247 2034 477 2080 siderarem,
506 2036 632 2074 lucem
658 2035 750 2074 hinc
788 2041 906 2088 atque
943 2038 1132 2076 auxilium
1169 2038 1347 2089 accipere
1377 2039 1657 2078 Philostratum

246 2088 327 2126 Vit.
359 2088 534 2140 Sophist.
564 2093 590 2127 2
621 2093 669 2128 11
697 2102 825 2141 posse,
853 2086 924 2127 καί
947 2088 1120 2135 Ἀκύλας
1147 2087 1168 2126 ὁ
1196 2090 1240 2128 ἐκ
1266 2091 1333 2140 τῆς
1363 2087 1492 2129 ἑώλου
1520 2090 1559 2129 Γ
1557 2093 1657 2130 αλα-

246 2141 364 2185 ϊ1ἀς;
409 2144 537 2182 latere
565 2143 667 2182 euim
703 2144 742 2182 in
772 2155 869 2182 voce
909 2142 1036 2181 ἑώλου
1068 2145 1254 2183 Galatiae
1295 2146 1490 2197 quandam
1519 2146 1654 2185 urbem

250 2195 393 2234 dudum
421 2197 516 2235 mihi
543 2209 817 2247 persuaseram
833 2229 842 2247 ‚
869 2198 1120 2250 mirabarque
1153 2199 1421 2249 doctissimum·
1443 2199 1656 2249 Olearium,

248 2255 384 2299 spreta
414 2250 604 2289 Salmasii
647 2251 936 2298 admonitione,
975 2251 1206 2291 orientalem
1244 2253 1446 2292 Galatiam
1472 2253 1655 2303 vertisse,

248 2308 288 2340 et
314 2302 418 2341 serio
447 2304 669 2343 defendisse
699 2300 823 2342 ἕωλον
849 2303 1058 2342 Γαλατίαν
1082 2310 1209 2353 recte,
1241 2307 1274 2345 si
1306 2311 1528 2358 opponatur
1557 2307 1656 2347 Gal-

247 2357 326 2395 liae
355 2356 601 2408 Europaeae,
633 2358 721 2406 dici,
753 2359 984 2410 praesertim
1018 2372 1103 2398 cum
1130 2372 1243 2399 nemo
1276 2360 1519 2400 Graecorum
1545 2361 1655 2411 (nam

249 2410 433 2458 Hesychii
468 2411 593 2450 verba
631 2412 819 2451 aliorsum
857 2415 1056 2463 spectant)
1102 2419 1171 2453 aut
1201 2415 1400 2454 Galatiam
1438 2417 1506 2454 aut
1534 2414 1655 2455 aliam

249 2464 428 2515 quamvis
474 2465 526 2502 ad
554 2465 745 2505 orientem
790 2467 959 2517 positam
999 2467 1203 2518 regionem
1233 2468 1305 2507 tali
1346 2468 1461 2507 titulo
1490 2469 1655 2519 ornarit.

249 2521 456 2568 postquam
496 2529 592 2556 vero
618 2517 804 2568 Αἰώριον
848 2532 1013 2571 pravum
1057 2533 1142 2560 esse
1170 2521 1454 2571 animadverti,
1485 2522 1654 2573 suspicio

248 2572 411 2618 incidit,
452 2570 641 2610 fuissetne
680 2574 771 2612 olim
814 2572 857 2611 ἐκ
901 2574 972 2622 τῆς
1015 2571 1176 2611 Ὠλένου
1207 2573 1413 2619 Γαλατίας
1446 2576 1487 2615 ἰιι
1518 2575 1655 2614 Philo-

248 2630 399 2674 strat03
432 2636 549 2677 quam
564 2626 826 2667 coniecturam
849 2628 1061 2667 Ptolemaei
1085 2629 1319 2668 auctoritate
1344 2628 1650 2680 constabilitam,
