1780 3132
271 154 366 204 410
797 167 1139 208 wizssfflNen

270 274 452 314 Valesius
480 274 520 314 in
548 274 740 315 Ammian.
766 279 818 315 27
835 278 873 315 5.
929 276 1042 315 obest
1066 278 1196 315 tamen
1225 275 1431 327 suspicioni
1460 276 1673 329 Procopius

269 328 389 368 Fabr.
417 329 552 368 lustin.
581 331 607 368 4
629 333 654 368 7
682 342 767 369 eam
795 330 834 369 in
854 330 1005 370 Moesia
1034 329 1204 369 secunda
1230 330 1440 369 collocans.
1495 343 1546 370 an
1575 342 1675 382 ergo

271 394 323 422 ex
361 382 565 433 superiore
602 382 642 421 in
685 383 787 423 hanc
829 384 1074 435 provinciam
1107 382 1326 434 migravit?
1393 383 1675 424 Constantinus

271 439 379 475 certe
405 436 432 473 l.
462 439 489 473 2
533 435 669 476 Them.
698 441 734 486 1,
775 437 841 477 ubi
867 438 1042 489 reliquas
1080 435 1300 487 excerpsit,
1326 435 1428 475 hanc
1455 438 1675 488 praeteriit,

270 491 324 528 14
351 492 502 528 tantum
528 490 646 529 urbes
672 491 901 542 provinciae
930 491 1117 530 tribuens.
1171 489 1305 541 utique
1332 493 1400 529 aut
1424 489 1499 529 hoc
1525 496 1592 531 aut
1621 491 1674 530 si-

270 542 354 581 mili
391 542 546 582 nomine
572 544 692 584 aliam
735 545 775 584 in
805 545 970 593 Scythia
1007 544 1129 583 fuisse
1157 543 1361 583 dicendum
1391 543 1492 591 erit;
1518 548 1675 596 tumque

271 595 486 647 Procopius
512 597 662 637 auxilio
690 603 927 649 arcessatur,
953 598 994 638 in
1022 597 1187 647 Scythia
1200 596 1526 638 Constantianam
1548 598 1674 638 Fabr.

270 651 367 689 lust.
396 650 425 688 l.
452 652 479 689 4
507 662 539 689 c.
570 652 641 691 ult.
669 664 830 704 ponenS.

379 717 473 763 391,
501 718 540 755 8.
611 715 817 766 Σέλδαπα]
861 716 935 756 hoc
971 716 1207 768 recepimus,
1242 716 1424 768 quoniam
1463 716 1624 769 propius
1652 729 1679 756 a

272 779 369 808 vero
398 769 536 808 abest:
566 767 762 807 Σάλδαπα
791 770 982 822 Procopio
1009 769 1137 809 Aedif.
1171 770 1306 810 lustin.
1334 773 1362 810 4
1389 774 1454 821 11,
1479 766 1675 807 Σαλπαδά

273 822 314 862 in
344 822 531 873 Excerpt·
559 823 848 875 Theophylacti
876 824 980 875 apud
1000 824 1199 863 Labbeum
1223 836 1262 875 p.
1277 827 1370 874 1⁷8,
1394 824 1464 863 sed
1490 824 1607 874 male,
1635 826 1679 862 ut

270 888 321 916 ex
347 876 445 916 nist.
468 877 632 917 Mauric.
654 882 676 916 1
705 881 743 917 8.
769 889 994 929 cognosces.

378 938 486 981 lbid.
555 937 774 990 Τρόπαιος]
820 941 926 981 Frid.
966 941 1157 981 Morellus
1194 939 1243 979 de
1270 941 1418 992 Topiro
1446 940 1678 992 Doberoque

270 994 478 1046 cogitavit,
503 1006 664 1046 quarum
702 1000 869 1047 utraque
909 995 1011 1035 citra
1043 994 1156 1034 huius
1201 994 1431 1045 provinciae
1458 995 1556 1034 fines
1586 994 1674 1034 fuit.

268 1048 388 1087 credo
415 1061 441 1087 a
481 1053 646 1100 tropaeo
688 1049 737 1087 de
778 1049 893 1088 victis
919 1048 1097 1088 hostibus
1138 1048 1267 1098 posito
1295 1048 1373 1088 loci
1401 1060 1541 1087 nomen
1569 1059 1677 1095 esse;

269 1113 509 1195 {luamguam
537 1115 622 1142 eum
654 1102 730 1142 huc
757 1114 881 1155 usque
912 1103 1063 1142 frustra
1093 1101 1283 1154 quaesivi.
1337 1102 1386 1141 de
1411 1101 1599 1154 Axiopoli
1627 1101 1678 1142 ad

291 1156 359 1198 tin.
426 1182 435 1193 .
461 1169 500 1208 p.
533 1159 623 1197 224.

302 1231 305 1234 -
376 1207 491 1251 Ibid.
547 1208 794 1259 Καπίδαβα]
828 1209 885 1250 sic
911 1211 1091 1262 praestat
1118 1221 1139 1247 e
1164 1220 1244 1248 mss
1272 1213 1312 1249 et
1341 1208 1600 1249 Constantino
1630 1206 1681 1247 ob

273 1265 367 1304 ltin.
402 1263 450 1303 A.
481 1275 722 1304 consensum.
777 1264 968 1303 Morellus
996 1275 1081 1302 cum
1107 1262 1322 1303 Comidava
1349 1262 1564 1302 Ptolemaei
1589 1261 1682 1302 ltin.

267 1322 296 1358 3
333 1322 360 1358 8
403 1318 540 1359 eadem
581 1322 739 1369 censet,
788 1318 952 1359 Daciam
990 1316 1204 1357 Ptolemaei
1251 1329 1337 1356 cnm
1372 1316 1537 1366 Scythia
1585 1327 1679 1355 con-

270 1371 414 1412 fundit.
1061 1395 1063 1398 ι

379 1423 487 1466 lbid.
544 1419 729 1476 Κάρσος]
761 1419 932 1474 Κάρπος
958 1424 1060 1464 male
1074 1422 1365 1464 Constantinus.
1420 1423 1499 1464 vid.
1527 1423 1616 1465 ltin.
1630 1423 1678 1464 A.

270 1492 309 1532 p.
337 1482 418 1519 224
448 1483 488 1518 et
512 1489 595 1531 seq.
611 1509 622 1531 ,
649 1479 716 1518 ubi
744 1483 784 1518 et
808 1478 886 1518 hae
914 1478 1032 1518 urbes
1068 1481 1335 1518 recensentur.

378 1542 485 1584 lbid.
518 1547 559 1583 9.
610 1538 824 1592 Ἁλμυρίς]
854 1542 937 1583 vita
964 1541 1007 1583 S.
1028 1541 1197 1594 Epicteti
1227 1545 1267 1580 et
1292 1541 1467 1581 Astionis
1497 1554 1532 1580 c.
1559 1545 1606 1581 6:
1635 1542 1680 1581 in

271 1595 526 1650 Scytharum
557 1594 665 1647 fines
704 1598 889 1649 inpressi
931 1598 975 1637 in
1009 1593 1340 1649 Almyfidensem
1367 1597 1580 1636 civitatem
1605 1594 1676 1635 de-

269 1655 483 1691 venerunt.
539 1651 574 1690 si
602 1651 771 1690 Morello
801 1651 941 1699 credis,
972 1662 1051 1689 non
1080 1650 1162 1689 alia
1188 1650 1386 1698 Halmyris
1420 1654 1480 1689 est
1508 1661 1556 1689 ac
1583 1649 1677 1689 Sal-

269 1706 487 1756 mydessus,
517 1716 643 1757 neque
671 1705 712 1744 in
732 1703 890 1744 dubium
917 1704 1054 1743 vocari
1083 1715 1198 1755 posse
1214 1708 1345 1754 putat;
1374 1707 1414 1742 et
1441 1707 1573 1743 tamen
1599 1703 1678 1742 fal-

271 1759 467 1799 sissimum
497 1763 570 1798 est.
624 1758 823 1807 Halmyris
850 1759 892 1798 in
916 1758 1055 1797 ultima
1093 1757 1166 1796 fuit
1195 1757 1360 1805 Scythia
1382 1756 1574 1808 Procopio
1601 1756 1679 1795 Ae-

273 1814 342 1853 dis.
376 1813 512 1855 lustin.
544 1815 571 1852 4
595 1815 621 1852 ’7
660 1817 822 1852 auctore
838 1843 848 1862 ‚
874 1811 1056 1863 proxima
1093 1812 1195 1850 lstro
1223 1810 1367 1860 fluvio3
1404 1811 1679 1860 Salmydessus

273 1880 370 1907 vero
399 1867 484 1907 sive
501 1866 781 1915 Halmydessus
808 1865 1030 1906 vastissimo
1059 1869 1254 1905 terrarum
1279 1868 1408 1904 tractu
1431 1864 1523 1904 inde
1553 1864 1680 1904 disso-

271 1921 379 1962 ciata
406 1925 446 1961 et
471 1922 597 1960 Ponto
625 1921 668 1960 in
694 1920 832 1959 Astica
858 1919 1023 1971 regione
1050 1920 1134 1958 sive
1161 1918 1350 1971 Rhodope
1376 1917 1582 1971 provincia
1608 1930 1680 1970 ap-

272 1976 414 2027 posita.
470 1975 551 2015 vid.
580 1974 745 2014 Arriani
782 1974 979 2025 Periplum
1007 1973 1113 2012 circa
1137 1973 1264 2012 finem.

379 2037 486 2081 Ibid.
516 2043 580 2079 10.
640 2032 838 2088 Ἐπαρχιά
862 2035 1103 2087 Ἰλλυρικοῦ]
1147 2036 1245 2076 haec
1286 2041 1326 2076 et
1354 2039 1560 2088 sequentes
1587 2046 1682 2086 pro-

275 2093 430 2134 vinciae
458 2095 661 2146 praefecto
696 2092 898 2144 praetorio
925 2091 1075 2140 lllyrici
1111 2091 1317 2130 suberant:
1349 2089 1683 2142 complectebatur

275 2148 376 2187 enim
403 2148 604 2197 Illyricum
639 2147 833 2187 orientale
846 2145 1117 2186 Macedoniam
1143 2145 1318 2196 primam,
1345 2144 1555 2184 secundam
1580 2153 1681 2194 quae

276 2207 316 2240 et
340 2202 557 2250 salutaris,
585 2201 854 2250 Thessaliam,
881 2199 1090 2249 Achaiam,
1115 2198 1293 2247 Cretam,
1323 2199 1482 2250 Epirum
1508 2200 1681 2237 veterem

276 2260 318 2294 et
343 2268 500 2306 novam,
531 2256 693 2295 Daciam
721 2255 1048 2294 mediterraneam
1077 2256 1116 2291 et
1141 2252 1350 2304 ripensem,
1374 2251 1616 2292 Dardaniam
1643 2253 1683 2288 et

275 2310 512 2359 Praevalim‚
540 2309 860 2362 quemadmodum
886 2307 1035 2348 Notitia
1060 2306 1152 2358 imp.
1186 2307 1335 2346 Orient.
1365 2319 1398 2347 c.
1429 2310 1452 2345 1
1473 2309 1513 2345 et
1530 2306 1583 2344 24
1611 2303 1682 2343 do-

274 2367 349 2402 cet.
405 2364 564 2403 additur
600 2364 651 2403 ab
683 2363 865 2402 Hierocle
891 2361 1116 2411 Pannonia,
1161 2360 1263 2412 quod
1294 2373 1381 2401 eam
1405 2370 1533 2413 nuper
1560 2357 1679 2398 lusti-

273 2417 430 2466 nianus,
459 2422 503 2457 ut
530 2418 571 2457 in
598 2418 768 2457 Novella
796 2420 846 2456 11
877 2420 948 2465 est,
978 2415 1234 2466 reciperarat.

383 2479 493 2522 lbid.
526 2485 590 2521 11.
650 2478 946 2532 Θεσσαλονίκη]
977 2483 1065 2519 erat
1089 2478 1371 2519 Thessalonice
1390 2475 1618 2528 metropolis
1645 2478 1685 2514 et

276 2540 395 2587 caput
422 2535 714 2586 provinciarum
744 2547 844 2587 quae
871 2535 944 2575 sub
985 2533 1238 2585 dispositione
1267 2531 1458 2585 praefecti
1483 2530 1683 2590 praetorio

277 2589 430 2638 lllyrici
460 2594 586 2629 erant.
644 2590 918 2629 Theodoretus
944 2588 990 2627 H.
1022 2588 1069 2627 Ε.
1099 2591 1127 2627 5
1153 2591 1202 2627 17
1219 2602 1229 2628 :
1270 2583 1544 2634 Θεσσαλονίκη
1568 2584 1686 2645 ξολις

277 2639 368 2683 ἐστὶ
390 2641 559 2695 μεγίστη
578 2641 650 2682 καί
664 2640 997 2694 πολυάνθρωπος,
1025 2639 1082 2687 εἰς
1107 2639 1182 2690 μὲν
1213 2636 1257 2679 τὸ
1289 2635 1542 2678 Μακεδόνων
1568 2635 1683 2680 cavos
