1780 3132
320 166 410 209 386
845 170 902 207 W
908 169 1188 208 ESSELINGll

318 282 446 318 autem
472 279 523 317 51
552 281 699 317 tantum
730 277 955 328 provincias
985 282 1024 317 et
1054 279 1130 316 751
1158 278 1337 317 civitates
1366 278 1561 319 exhibeat.
1618 290 1718 332 quae

318 332 577 372 accusationis
609 331 740 381 capita
768 332 825 380 si,
853 335 896 369 ut
923 336 1102 382 oportet,
1132 332 1424 382 expendantur,
1453 345 1630 373 caussam
1659 338 1718 372 te-

319 398 413 424 nere
441 385 545 424 haud
585 388 791 434 poterunt3
833 385 935 435 quod
965 390 1007 424 ut
1039 385 1227 436 unicuivis
1258 385 1493 433 dilucescat,
1523 386 1718 426 Constan-

320 439 390 477 tini
419 438 667 488 imperatoris
695 438 722 477 l.
750 441 776 476 2
805 437 923 476 them.
951 442 974 477 1
1003 439 1138 488 verba,
1165 438 1246 477 illis
1281 439 1437 478 adnexa
1463 440 1625 486 quaein
1653 452 1719 478 su-

319 492 541 543 perioribus
568 490 766 541 exscripta
793 491 979 539 dedimus,
1008 492 1247 531 inseramus:
1278 489 1410 542 ἆρχὴν
1439 488 1510 531 οὖν
1536 493 1603 542 τῆς
1631 490 1718 530 Εὕ-

318 541 454 595 ριόπης
497 539 570 592 τήν
619 542 810 590 βασιλίδα
847 544 929 581 τῶν
964 540 1118 582 πόλεων
1157 544 1227 582 καί
1262 545 1333 582 τοῦ
1373 539 1526 595 κόσμου
1555 541 1717 590 παντός,

318 594 391 657 ²¹5²:
418 597 512 634 νέαν
534 592 720 646 (Ρώμην,
759 593 833 646 τήν
866 593 1293 636 Κωνσταντινούπολιν
1333 594 1410 647 ἐγώ
1438 599 1592 649 τίθημι.
1648 596 1716 636 διὰ

317 662 435 687 τουτο
464 648 533 687 καί
561 647 603 688 τὰ
635 650 730 699 περὶ
764 648 890 701 αὐτὴν
917 651 1037 701 θέμα,
1078 648 1123 689 τὸ
1154 648 1396 699 καλούμενον
1424 649 1574 704 Θρᾴκη,
1602 647 1646 689 τὸ
1676 650 1720 689 ἐν

241 708 304 742 627
319 706 400 747 τοῖς
439 699 639 754 Εὕρώπης
677 703 844 752 μέρεσι,
889 700 1076 751 θεμάτων
1110 704 1267 755 πρῶτον
1317 704 1567 754 τεθείκαμεν.
1634 705 1720 756 quis

319 758 432 807 enim,
461 758 562 809 quod
594 758 691 796 hene
730 758 902 797 advertit
938 758 1144 797 Anselmus
1186 758 1429 807 Bandurius,
1466 771 1546 798 non
1574 758 1720 798 viderit

318 812 416 851 haec
442 824 520 850 non
548 811 739 850 Hieroclis
776 812 845 850 sed
875 810 1124 851 Constantini
1163 813 1288 851 verba
1315 824 1413 861 esse,
1439 824 1615 852 caussam
1649 824 1720 851 ex-

317 866 501 918 plicantis
530 877 599 904 cur
618 865 815 905 Thraciae
841 865 1002 904 themati
1030 866 1134 904 inter
1163 866 1373 917 Europaea
1399 866 1563 917 primum
1591 866 1719 904 locum

317 919 544 970 assignarit.
602 919 678 958 iam
707 919 808 971 quod
838 931 1039 958 numerum
1058 919 1348 970 provinciarum
1375 932 1453 959 non
1481 931 1652 971 aequare
1665 920 1719 958 64

319 973 510 1025 adiungit,
538 973 578 1012 id
603 972 644 1011 in
666 972 801 1012 Caroli
832 985 856 1012 a
883 973 925 1012 S.
940 974 1078 1012 Paullo
1105 973 1311 1012 editionem
1340 973 1501 1022 valebit,
1529 985 1607 1012 non
1633 984 1719 1011 eam

317 1039 431 1079 quam
458 1027 605 1078 primus
646 1027 732 1078 ipse
758 1027 799 1066 iu
829 1027 1021 1077 publicum
1063 1027 1180 1074 dedit,
1211 1027 1261 1066 ab
1292 1027 1507 1066 Holsteinio
1540 1038 1591 1066 ex
1619 1026 1717 1065 Far-

315 1081 477 1120 nesiano
520 1093 578 1119 ms
614 1081 790 1132 pluribus
829 1081 1042 1131 provinciis
1082 1084 1249 1120 auctam.
1326 1080 1419 1119 novi
1455 1079 1718 1119 doctissimum

314 1135 478 1174 Dissert.
508 1135 702 1184 Chorogr.
747 1135 836 1174 Ital.
875 1139 1073 1173 auctorem
1113 1138 1334 1173 autumasse
1370 1146 1448 1173 non
1473 1135 1528 1172 64
1554 1133 1718 1184 provin-

315 1189 397 1228 cias
421 1189 489 1227 sed
524 1191 578 1227 65
605 1201 691 1226 esse
721 1189 884 1236 debere,
925 1188 1107 1238 quoniam
1144 1188 1183 1226 in
1214 1187 1457 1236 Synecdemo
1485 1185 1719 1237 Pamphylia

315 1243 487 1281 secunda
517 1245 765 1291 memoratur,
794 1252 982 1291 nusquam
1010 1240 1156 1290 prima:
1186 1240 1247 1278 cui
1268 1252 1343 1291 ego
1371 1238 1546 1291 opinioni
1567 1239 1717 1278 nullum

316 1297 393 1336 nisi
435 1297 477 1335 in
515 1296 661 1335 Latina
698 1295 881 1334 versione
922 1294 1160 1345 praesidium
1198 1293 1367 1344 reperio.
1436 1293 1510 1331 etsi
1539 1293 1640 1332 enim
1669 1304 1719 1332 ex

316 1350 583 1389 ecclesiastica
621 1349 875 1400 dispositione
904 1347 1170 1398 Pamphyliam
1198 1347 1238 1385 in
1267 1347 1364 1386 duas
1394 1346 1540 1386 fuerint
1567 1346 1718 1398 partiti,

319 1410 361 1444 ut
388 1409 426 1443 et
466 1405 566 1442 duae
602 1402 664 1441 hio
699 1406 996 1441 recenserentur
1036 1401 1133 1439 nihil
1166 1401 1240 1439 fuit
1276 1413 1456 1449 necesse,
1487 1400 1719 1451 praesertim

318 1471 402 1498 cum
433 1470 512 1496 una
541 1458 736 1495 duntaxat
762 1455 802 1494 in
832 1456 980 1494 Notitia
1006 1455 1157 1505 imperii
1185 1454 1354 1493 Orientis
1383 1454 1619 1505 reperiatur,
1646 1465 1719 1491 nec

317 1513 417 1551 duas
442 1511 699 1559 IustinianuS,
737 1514 780 1549 ut
809 1510 978 1548 Novella
1004 1512 1030 1547 8
1061 1508 1202 1547 indicio
1229 1513 1312 1556 est,
1340 1508 1507 1547 noverit.
1563 1507 1604 1546 id
1632 1506 1720 1546 infi-

317 1566 413 1605 tiari
440 1565 572 1615 nolim,
601 1565 737 1602 deesse
765 1564 898 1614 plures
927 1563 1120 1611 civitates,
1149 1574 1221 1600 nec
1247 1573 1445 1601 numerum
1471 1562 1554 1600 935
1582 1564 1720 1599 rotun-

318 1620 418 1659 dari.
488 1622 676 1670 grassata
713 1617 966 1656 librariorum
993 1616 1252 1667 negligentia,
1288 1620 1331 1654 ut
1357 1616 1398 1654 in
1427 1614 1568 1654 ceteris
1596 1613 1721 1653 omni-

317 1674 402 1722 bus,
432 1676 471 1711 et
494 1673 558 1711 hic
587 1677 670 1720 est;
717 1672 926 1721 multaque,
956 1670 1049 1721 quia
1077 1669 1282 1708 vitiosiora
1307 1669 1554 1717 videbantur,
1581 1667 1721 1720 negle-

316 1727 387 1777 xit,
420 1727 502 1766 alia
527 1725 762 1777 turpissimis
790 1724 938 1763 mendis
965 1723 1151 1763 foedavit.
1223 1734 1349 1774 neque
1376 1734 1527 1773 nupera
1555 1733 1602 1761 ea
1633 1732 1723 1760 cor-

316 1781 473 1832 ruptela
519 1784 596 1819 est:
643 1779 679 1818 si
714 1779 764 1817 de
802 1777 1048 1817 Constantini
1093 1777 1342 1828 imperatoris
1386 1777 1519 1815 codice
1550 1787 1602 1816 ex
1638 1774 1720 1814 illis

318 1847 419 1887 quae
446 1835 488 1874 in
513 1835 540 1874 l.
570 1838 596 1872 2
624 1833 760 1872 Them.
790 1832 881 1871 inde
908 1831 1125 1879 transtulit,
1155 1830 1418 1869 coniecturam
1446 1829 1601 1878 feceris,
1631 1839 1721 1867 cor-

318 1888 602 1940 ruptissimum,
642 1898 768 1938 neque
807 1886 954 1925 nostris
989 1884 1196 1934 munditie,
1227 1884 1403 1935 quamvis
1429 1883 1636 1923 admodum
1660 1882 1723 1920 in-

320 1943 510 1994 quinatis,
538 1941 865 1992 praestantiorem
895 1939 1090 1990 reperies:
1119 1950 1267 1977 summa
1293 1938 1362 1976 ille
1388 1937 1475 1976 imis
1504 1935 1656 1976 miscuit
1683 1939 1724 1974 et

321 1997 612 2047 provinciarum
658 1994 845 2033 terminos
885 1992 1200 2044 frequentissime
1242 1991 1441 2043 migravit.
1496 2001 1597 2042 quae
1623 1989 1724 2028 vitia

320 2055 406 2089 utut
432 2062 620 2101 agnosco,
648 2053 777 2087 tamen
805 2047 1094 2086 criminationes
1124 2057 1223 2097 quae
1241 2045 1280 2084 in
1311 2045 1412 2084 hanc
1437 2044 1623 2083 Notitiam
1653 2042 1724 2082 ad-

322 2106 513 2153 feruntur,
542 2107 580 2142 et
610 2102 747 2154 quibus
766 2105 1014 2152 peccatorum
1035 2111 1195 2151 quorum
1221 2098 1538 2138 innocentissima
1565 2100 1625 2135 est
1651 2107 1724 2136 rea

321 2158 549 2210 peragitur,
593 2156 844 2207 repellendas
887 2154 1129 2202 existimem3
1175 2153 1277 2204 quod
1314 2164 1364 2191 ne
1391 2163 1492 2191 nunc
1529 2152 1724 2202 exsequar

320 2213 403 2251 alia
429 2211 649 2263 prohibent.
1667 2248 1670 2250 ,

430 2264 702 2313 Quaerendum
730 2266 828 2311 est,
855 2261 1031 2301 civilisne
1068 2273 1119 2299 an
1157 2259 1426 2298 ecclesiastiea
1462 2257 1613 2296 fuerit?
1665 2256 1721 2295 10.

322 2319 544 2358 llarduinus
572 2319 613 2357 in
642 2316 908 2356 Antirrhetico
937 2320 976 2354 et
1002 2314 1135 2353 Numis
1163 2313 1248 2353 urb.
1276 2313 1399 2364 antiq.
1440 2311 1583 2351 illustr.
1616 2309 1724 2348 litem

322 2372 531 2412 secundum
560 2371 864 2410 ecclesiasticam
903 2368 1020 2419 dedit,
1052 2368 1154 2412 licet,
1187 2379 1256 2405 cur
1296 2378 1380 2405 eam
1405 2364 1543 2405 tulerit
1567 2367 1724 2403 senten-

323 2427 430 2476 tiam,
459 2426 602 2464 docere
639 2425 885 2476 neglexerit;
926 2426 965 2461 et
1000 2425 1089 2473 post
1132 2420 1370 2460 Harduinum
1409 2420 1554 2470 plures.
1618 2416 1724 2456 haud

323 2484 455 2519 tamen
481 2479 586 2518 iure:
624 2479 724 2517 nihil
752 2478 852 2517 enim
885 2474 1149 2525 Synecdemus
1186 2474 1435 2526 praecipuum
1463 2472 1593 2520 habet,
1619 2470 1725 2510 unde

326 2532 602 2571 ecclesiasticis
628 2532 786 2571 Notitiis
809 2529 1073 2571 accensendus
1101 2528 1227 2567 videri
1254 2527 1391 2579 possit.
1421 2525 1530 2574 nulli,
1554 2528 1598 2563 ut
1624 2524 1724 2563 bene

325 2591 462 2626 auctor
489 2586 654 2625 Dissert.
685 2585 880 2636 Chorogr.
898 2615 907 2630 ,
936 2583 1080 2632 throni,
1108 2593 1227 2622 rarae
1255 2581 1502 2632 metropoles,
1531 2578 1629 2617 nulli
1657 2588 1724 2616 ar-

325 2640 584 2692 chiepiscopi,
608 2639 706 2679 nulli
736 2637 1010 2689 autocephali3
1052 2647 1214 2687 cumque
1241 2635 1280 2675 in
1306 2646 1387 2675 una
1414 2644 1532 2685 saepe
1560 2631 1723 2684 provin-
