1780 3132
237 161 331 204 202
524 165 873 206 CONSTANTINI
913 164 1383 206 PORPHYROGENITI

234 273 358 314 στρον
383 261 428 301 τὸ
460 263 653 312 Κετζέον,
682 263 812 300 καίτοι
849 262 919 300 καί
946 257 1065 312 ὅρκον
1100 259 1305 314 ἔγγραφον
1331 262 1544 314 δεχόμενοι
1568 263 1641 302 τοῦ·

234 324 339 376 μετὰ
383 325 426 365 τό
473 326 798 378 παραληφθῆναι
837 323 910 376 τήν
949 323 1288 365 Θεοδοσιούπολιν
1327 327 1640 380 ἀποστραφῆναι

237 389 372 436 αὐτοῖς
401 387 443 429 td
474 390 659 428 τοιοῦτον
689 386 871 439 κάστρον.

337 450 421 493 Ὅτι
459 451 653 492 οὐδέποτε
685 450 968 505 ἐβουλήθησαν
996 450 1034 493 οἱ
1052 447 1211 505 Ἴβηρες
1241 452 1488 503 πραιδεῦσαι
1517 449 1541 506 ἢ
1567 454 1638 494 αἰ·-

232 515 494 568 χμοιλωτίσαι
544 513 593 555 τὰ
635 516 752 566 πέριξ
792 517 866 555 τοῦ
911 515 1085 569 κάστρου
1127 514 1503 564 Θεοδοσιουπόλεως
1529 511 1556 570 ἢ
1586 515 1672 562 ra'5

232 579 367 632 χωριά
395 579 532 632 αὐτοῦ,
558 574 584 631 ἢ
612 580 669 626 εἰς
697 578 740 619 τὸ
768 581 940 632 κάστρον
965 581 1036 621 τοῦ
1058 580 1244 632 Ἀβνίκου
1276 576 1300 633 ἢ
1329 578 1380 620 τά
1409 582 1506 632 περὶ
1534 579 1635 621 αὐτὸ

233 646 378 698 χωρία,
405 640 433 696 ἢ
463 644 522 690 εἷς
549 641 591 684 τὸ
622 642 793 697 κάστρον
812 646 1085 699 111αντζικίερτ
1114 646 1184 685 καί
1209 646 1266 692 εἰς
1295 643 1364 698 τὴν
1391 645 1520 686 αὐτοῦ
1547 647 1638 686 ἑπι-

234 705 435 762 κράτειαν.

330 767 418 812 (Ότι
446 769 583 818 καθώς
611 772 819 812 ἐνίσταται
849 771 870 811 ὅ
899 773 1204 825 κουροπαλάτης
1235 772 1331 826 περὶ
1362 774 1443 813 τῶν
1474 774 1639 826 χωρίων

234 837 304 888 τῆς
332 838 543 888 Φασιανῆς
577 837 777 889 ἐπιζητῶν
815 832 912 890 ὅλην
945 835 1019 889 τὴν
1050 835 1262 890 Φασιανὴν
1291 838 1361 878 καί
1394 837 1437 878 τὸ
1467 835 1640 890 κάστρον
1653 850 1695 884 10

212 902 306 940 ’τοῦ
330 895 541 952 Ἄβινίκου,
579 898 956 954 προσφασιζόμενος
985 898 1288 954 χρυσοβούλλια
1325 899 1433 953 ἔχειν
1458 903 1531 943 τοῦ
1556 917 1640 952 μα-

235 966 377 1015 καρίου
406 965 607 1014 βασιλέως
634 966 708 1004 τοῦ
736 966 865 1017 κυροῦ
883 964 1093 1016 Ῥωμανοῦ
1120 965 1190 1006 καὶ
1214 969 1282 1018 τῆς
1298 965 1498 1019 ἡμετέρας
1518 969 1642 1018 βασι.-

234 1027 357 1081 λείας,
387 1022 444 1068 ὧν
472 1031 540 1068 καί
566 1026 616 1068 τοὶ
646 1027 717 1069 ἴσα
748 1027 847 1081 πρὸς
875 1029 984 1081 ἦμᾶς
1013 1031 1222 1070 α’πέστειλε
1251 1028 1317 1070 διὰ
1348 1032 1421 1071 τοῦ
1446 1033 1642 1082 Ζουρβα-

232 1091 325 1145 νέλη
360 1093 730 1146 πρωτοσπαθαριόυ
757 1093 829 1133 τοῦ
857 1093 1009 1142 α’ζάτου
1038 1095 1179 1146 αὐτοῦ,
1212 1096 1343 1135 ταῦτα
1371 1093 1646 1146 ε’πισκεψάμε-’

233 1170 297 1196 νοι
336 1153 509 1207 εὕρομεν
549 1155 679 1197 αὐτὸν
714 1158 920 1209 μηδεμίαν
948 1155 1146 1210 βοήθειαν
1172 1157 1327 1210 ἔχοντα.
1382 1156 1427 1198 τὸ
1458 1159 1534 1209 μὲν
1560 1156 1638 1210 γάρ
1655 1168 1702 1201 15—
1751 1148 1754 1152 δ

231 1219 555 1271 χρυσοβούλλιον
590 1222 664 1261 τοῦ
699 1222 902 1273 πενθεροῦ
941 1222 1056 1273 ἡμῶν
1083 1223 1262 1273 περιέχει
1289 1221 1546 1272 ὖποσχέσθαι
1572 1219 1643 1260 τὸν

236 1281 365 1323 αὕτὸν
391 1282 723 1338 κουροπαλάτην,
763 1284 818 1331 ὥς
855 1285 910 1324 δι’
937 1281 1061 1337 ὅρκου
1090 1284 1335 1337 ἐβεβαίωσεν
1364 1283 1492 1332 αὐτὸν
1518 1285 1643 1338 οἰκείᾳ

233 1349 346 1400 χειρί
374 1347 703 1402 ἐγγραψάμενος,
743 1350 817 1389 τοῦ
846 1349 1053 1400 διαμεῖναι
1087 1350 1131 1390 ἐν
1158 1351 1210 1403 τῇ
1235 1350 1368 1389 πίστει
1399 1349 1471 1401 τῆς
1497 1345 1643 1402 ἢμετέ-

237 1427 313 1464 ρας
339 1415 550 1464 βασιλείας
577 1415 645 1453 καί
669 1418 751 1460 τοῖς
778 1414 852 1463 μὲν
881 1414 1046 1465 ἐχθροῖς
1084 1413 1200 1466 ἡμῶν
1231 1411 1533 1464 ἆντιμάχεσθαι
1560 1418 1643 1461 τοῖς

110 1487 135 1521 Ρ
161 1484 226 1520 124
239 1477 282 1516 δὲ
314 1474 449 1530 φίλοις
477 1476 845 1531 ὑπερασπίζεσθαι,
870 1479 942 1517 καί
965 1475 1040 1529 τήν
1059 1475 1253 1529 α’νατολην
1275 1474 1531 1517 ὑπόσπονδον
1554 1491 1640 1516 ποι-
1652 1484 1698 1518 20

237 1542 334 1592 ἧσαι
356 1541 405 1595 τῇ
429 1544 616 1597 βασιλείᾳ
637 1540 762 1594 ἡμῶν,
794 1540 864 1581 καί
888 1539 1045 1594 κάστρα
1070 1541 1367 1593 χειρώσασθαι,
1395 1541 1464 1581 καί
1485 1539 1642 1592 μεγάλα

237 1604 338 1655 πρὸς
365 1604 590 1657 θεράπειαν
617 1605 730 1657 ἡμῶν
765 1604 864 1658 ἔργα
892 1604 1170 1657 ποιήσασθαν
1225 1606 1296 1644 καί
1325 1604 1536 1658 ὑπεσχέθη
1565 1604 1643 1644 αὐ-

236 1673 317 1716 τοῖς
345 1667 456 1721 παρὰ
492 1670 566 1708 τοῦ
593 1670 793 1720 πενθεροῦ
822 1669 937 1721 ἡμῶν
974 1670 1040 1708 ἵνα
1071 1667 1143 1709 ε’ἀν
1173 1667 1330 1722 φυλάξῃ
1358 1666 1428 1719 τήν
1455 1665 1644 1720 τοιαύτην

237 1732 373 1772 πίστιν
402 1733 604 1773 δούλωσιν
639 1732 709 1773 καί
743 1730 1070 1786 εὐγνωμοσύνην,
1099 1733 1285 1787 διαμείνῃ
1315 1730 1643 1783 α’μετασάλευτος

239 1871 483 1911 tradiderunt,
518 1872 602 1904 licet
623 1872 855 1904 iuramentum
882 1873 1043 1916 scriptum
1067 1873 1275 1917 acceperint,
1297 1876 1398 1916 capta
1421 1871 1643 1905 Theodosio-

239 1918 313 1963 poli
339 1928 375 1949 se
401 1917 489 1949 hanc
516 1917 636 1950 urbem
661 1924 858 1962 recepturos
884 1929 968 1951 esse.

331 1963 438 1995 Nullo
463 1963 554 1995 enim
586 1963 688 1995 modo
716 1965 901 1996 voluerunt
926 1964 1043 1996 Iberes
1063 1964 1139 1995 loca
1164 1962 1438 2006 Theodosiopoli
1465 1962 1644 1994 circumia-

241 2009 355 2042 centia
380 2009 509 2041 vastari
532 2014 593 2041 aut
616 2009 733 2053 diripi,
760 2014 799 2042 ut
821 2021 936 2055 neque
965 2009 1066 2041 urbes
1092 2010 1259 2041 Abnicum
1285 2013 1320 2041 et
1336 2007 1551 2040 Mantziciert
1582 2018 1643 2040 ea-

242 2066 387 2098 rumque
414 2054 602 2086 territoria.

332 2100 489 2132 Instabat
524 2111 666 2144 quoque
711 2100 927 2144 curopalates
965 2099 1008 2132 de
1035 2100 1176 2142 regione
1202 2099 1410 2137 Phasianes‚
1438 2109 1511 2129 eam
1537 2102 1644 2129 totam

240 2156 318 2177 cum
344 2146 429 2178 urbe
455 2145 588 2179 Abnico
614 2147 806 2189 postulans,
829 2146 1130 2190 praetendensque
1158 2155 1276 2176 aureas
1315 2156 1351 2177 se
1376 2144 1489 2176 bullas
1516 2142 1646 2175 hahere

241 2202 260 2222 a
283 2190 387 2223 beato
413 2192 622 2235 imperatore
645 2191 786 2224 domino
816 2193 968 2224 Romano
1003 2197 1038 2223 et
1072 2203 1090 2223 a
1128 2195 1244 2223 nostra
1272 2191 1476 2230 maiestate3
1502 2199 1645 2233 quarum

242 2237 325 2269 item
353 2238 563 2280 exemplaria
587 2237 630 2269 ad
653 2249 714 2270 nos
739 2238 834 2270 misit
855 2249 915 2280 per
939 2236 1151 2269 Zurbanelen
1171 2236 1484 2280 protospatharium
1501 2234 1645 2267 Azotum

243 2293 364 2322 suum3
393 2283 520 2326 quibus
539 2283 763 2316 consideratis
782 2283 873 2315 nihil
897 2283 980 2315 haec
1004 2284 1120 2315 iuvare
1147 2283 1258 2326 ipsum
1276 2283 1513 2326 comperimus.
1544 2290 1647 2312 aurea

244 2328 333 2359 euim
360 2328 456 2360 bulla
483 2330 591 2362 soceri
617 2331 685 2362 mei
710 2330 868 2362 continet
890 2328 1063 2372 spondere
1089 2329 1334 2371 curopalatem,
1357 2333 1398 2360 ut
1421 2328 1494 2371 ipse
1519 2325 1649 2368 scripto

243 2374 348 2405 etiam
373 2375 513 2418 propria
549 2386 651 2407 manu
676 2376 872 2407 iuramento
901 2375 1126 2413 confirmavit,
1153 2374 1189 2405 in
1216 2374 1283 2407 fide
1310 2384 1345 2406 se
1373 2371 1511 2415 imperii
1534 2370 1646 2403 nostri

242 2430 452 2459 mansurum,
476 2421 602 2453 amicos
627 2432 768 2466 quoque
794 2426 830 2453 et
853 2420 970 2452 hostes
997 2420 1133 2452 eosdem
1150 2418 1362 2458 habiturum,
1388 2419 1557 2451 orientem
1579 2427 1648 2447 no-

241 2464 298 2496 bis
326 2464 582 2506 subiecturum,
613 2467 715 2499 urbes
741 2471 1015 2511 expugnaturum
1035 2491 1044 2505 ‚
1069 2472 1104 2498 et
1136 2477 1188 2498 res
1212 2476 1273 2509 pro
1299 2465 1399 2498 nobis
1421 2472 1560 2506 magnas
1585 2471 1646 2503 ge-

242 2515 395 2551 sturum3
422 2522 576 2544 socerum
605 2518 720 2545 autem
746 2523 861 2544 meum
885 2511 1111 2556 respondere,
1140 2512 1167 2543 si
1191 2511 1295 2544 fldem
1321 2515 1456 2550 servet,
1486 2508 1514 2540 si
1538 2507 1647 2540 servi-

242 2561 353 2588 tutem
379 2555 559 2601 officiaque
588 2557 674 2590 haec
697 2563 868 2602 praestet,
899 2563 934 2589 et
958 2558 1070 2601 ipsum
1092 2562 1127 2589 et
1147 2557 1220 2589 eius
1239 2561 1398 2601 posteros
1414 2553 1646 2599 principatum

243 2606 282 2634 et
306 2603 548 2635 auctoritatem
573 2603 663 2636 hanc
687 2609 859 2648 perpetuo
885 2602 1081 2642 habituros,
1107 2602 1188 2634 dum
1211 2613 1255 2635 ne
1281 2600 1429 2634 ‹lici-onis
1455 2609 1536 2632 suae
1560 2598 1647 2629 fines

242 2658 394 2691 unquam
433 2649 639 2689 transferat,
667 2649 727 2682 sed
761 2650 916 2695 priorum
942 2650 1186 2694 imperatorum
1227 2647 1406 2683 conventis
1431 2644 1649 2690 acquiescat,
