1780 3132
287 153 381 202 430
808 161 1154 202 WssssmANGu
1217 202 1219 204 .

288 286 322 312 c.
350 274 403 311 42
423 271 698 311 animadvertit
727 271 931 311 Claudium
967 269 1157 309 Athenaei
1197 282 1274 309 non
1311 269 1474 310 insulam
1503 270 1570 309 sed
1598 282 1680 310 mu-

287 339 393 365 seum
422 338 534 372 esse,
566 326 668 375 quod
707 325 756 364 ab
785 325 1022 375 imperatore
1063 323 1230 363 Claudio
1257 336 1307 363 ex
1333 336 1403 363 suo
1432 324 1584 364 nomine
1609 325 1680 364 ad-

286 380 407 419 ditum
429 384 489 417 est
507 378 790 428 Alexandrino,
817 383 859 416 ut
879 377 1087 422 Suetonius
1115 378 1240 416 docet.

392 446 486 491 392,
515 445 579 481 28.
635 436 867 488 Νικόπολις]
905 442 954 480 de
991 454 1038 481 ea
1080 442 1119 480 in
1148 441 1238 481 Ant.
1269 440 1357 480 ltin.
1391 452 1430 491 p.
1455 442 1548 480 325.
1601 452 1681 480 me-

287 497 461 548 tropolin
489 495 635 534 veteris
665 495 776 546 Epiri
814 496 934 534 fuisse
962 495 1212 534 conciliorum
1250 494 1350 533 Acta
1375 499 1414 532 et
1439 494 1582 533 Leonis
1611 494 1682 534 im-

286 549 482 602 peratoris
510 549 677 600 epistola
703 554 794 589 tom.
823 553 851 588 9
879 549 1027 589 concil.
1059 549 1202 588 Gener.
1234 561 1271 599 p.
1301 550 1381 586 268
1411 547 1628 587 ostendunt.

397 611 504 652 Ibid.
542 606 778 658 ’Δωδώναη
820 613 878 652 sic
914 625 973 652 ms
1005 625 1077 664 pro
1106 608 1309 662 Δωδώνη,
1339 611 1446 650 euius
1475 610 1682 662 episcopus

291 667 529 707 Theodorus
556 667 720 706 concilio
748 666 945 718 Ephesiae
979 667 1187 706 subscribit
1213 679 1250 717 p.
1276 668 1366 706 437.

397 729 504 770 Ibid.
556 723 732 782 Εὕροια]
775 731 910 770 urbem
947 731 1068 770 fuisse
1102 730 1300 782 antiquam
1319 760 1330 780 ,
1357 732 1417 776 et,
1447 729 1550 781 quod
1573 728 1684 780 aquis

295 787 400 823 esset
425 784 703 835 copiosissimis
733 785 874 835 cincta,
901 796 947 822 eo
977 784 1130 823 nomine
1159 784 1301 822 dictam
1328 782 1540 834 Procopius
1565 782 1684 821 Fabr.

289 838 494 878 Iustiniani
535 840 560 876 4
589 841 611 876 1
653 838 844 876 adfirmat.
918 838 1078 877 Marcus
1115 830 1296 885 Εὗροιάς
1334 848 1452 887 saepe
1494 835 1536 875 in
1575 835 1686 875 Actis

291 891 675 932 chalcedonensibus
713 890 908 941 occurrit,
935 895 979 930 ut
1004 904 1041 943 p.
1075 894 1172 940 126,
1206 894 1244 928 et
1270 903 1308 941 p.
1334 892 1426 938 566,
1452 889 1520 928 ubi
1546 901 1686 941 perpe-

290 958 375 985 ram
413 943 590 994 Εὐβοίας
628 946 786 996 praesul
826 945 980 984 dicitur.
1052 945 1142 983 vide
1166 944 1363 983 Valesium
1402 943 1442 983 in
1479 943 1684 983 Sozomen.

400 1071 506 1113 Ihid.
559 1069 750 1125 Ἀκνίου]
778 1073 959 1112 vitiosum
990 1076 1029 1111 et
1056 1085 1107 1112 ex
1126 1065 1301 1110 '‘Axume
1327 1075 1460 1110 natum
1489 1074 1560 1111 est.
1614 1071 1688 1111 suit

292 1127 444 1175 Actium
473 1126 630 1166 colonia
659 1127 711 1166 ad
740 1127 866 1166 sinum
894 1127 1163 1175 Ambracium,
1191 1137 1270 1177 qua
1296 1126 1344 1164 de
1372 1125 1519 1164 Plinius
1543 1127 1570 1164 4
1596 1128 1634 1164 1.

398 1200 506 1241 Ibid.
558 1196 923 1252 Ἀδριανούπολις]
954 1201 1195 1240 instaurasse
1223 1211 1306 1239 eam
1335 1200 1531 1239 civitatem
1551 1203 1591 1238 et
1617 1212 1687 1238 suo

293 1254 449 1294 nomine
484 1254 678 1305 insignem
721 1255 862 1294 fecisse
888 1254 1143 1293 lastinianum
1183 1266 1233 1294 ex
1268 1254 1456 1304 Procopio
1499 1253 1687 1293 novimus.

294 1309 425 1349 sedem
453 1309 588 1347 habuit
615 1308 654 1347 in
681 1309 999 1356 mediterraneis,
1025 1308 1059 1346 si
1078 1308 1256 1347 Tabulae
1283 1308 1453 1358 scriptae
1479 1308 1576 1346 fides
1607 1311 1689 1346 est:

293 1374 384 1402 nam
411 1362 510 1401 Acta
539 1362 582 1400 S.
622 1362 754 1401 Leucii
782 1367 830 1401 11
861 1363 1017 1401 Ianuar.
1058 1362 1161 1400 mari
1198 1362 1416 1400 admovent.
1473 1364 1571 1401 tunc
1602 1362 1691 1413 qm·-

294 1417 388 1456 dem
416 1417 671 1466 memoratos,
701 1416 820 1465 aiunt,
848 1414 994 1455 diebus
1022 1417 1074 1453 15
1100 1417 1379 1466 pervenerunt
1402 1415 1446 1454 in
1476 1417 1690 1454 civitatem

293 1467 624 1520 Adrianopolim,
655 1471 698 1508 et
724 1469 820 1509 illic
847 1468 1039 1508 adhaesit
1067 1467 1149 1508 sibi
1169 1467 1274 1507 dnos
1299 1467 1548 1508 sacerdotes
1578 1466 1689 1508 Leo-

293 1535 385 1564 nem
414 1527 456 1563 et
485 1521 700 1573 Sabinum,
729 1527 772 1562 et
799 1525 965 1562 inventa
985 1524 1080 1562 navi
1111 1521 1162 1561 de
1176 1519 1333 1572 Rheyio
1361 1521 1540 1574 datoque
1565 1520 1691 1561 naulo

293 1577 488 1618 ascendit
514 1579 559 1616 in
588 1588 691 1626 eam,
722 1575 1062 1629 Hydruntumqae
1098 1577 1310 1627 pervenit.-
1340 1587 1463 1626 neque
1492 1576 1593 1615 enim
1621 1575 1692 1613 du-

292 1633 397 1673 bium
425 1635 485 1670 est
511 1630 608 1682 quin
637 1631 830 1670 barbarus
858 1630 1030 1681 scriptor
1058 1629 1160 1668 hanc
1185 1629 1437 1668 intellexerit.

398 1699 492 1743 393,
534 1699 572 1735 1.
630 1687 836 1740 νΑπηων]
876 1694 1008 1745 Argos
1044 1693 1352 1745 Amphilochium
1399 1693 1439 1732 in
1477 1692 1554 1731 hac
1596 1704 1694 1732 voce

292 1750 444 1798 latere,
474 1748 521 1788 si
562 1749 651 1801 quid
698 1749 836 1788 auxilii
867 1761 892 1787 a
918 1760 996 1787 mss
1028 1752 1151 1798 esset,
1178 1747 1272 1786 mihi
1299 1746 1588 1797 persuaderem.
1644 1746 1694 1784 de

293 1804 486 1843 Phoenice
514 1802 605 1842 vide
634 1802 726 1843 Ant.
755 1802 843 1841 ltin.
872 1815 909 1854 p.
937 1804 1027 1841 324.

399 1867 507 1908 Ibid.
560 1863 831 1917 Ἀγχιασμὸς]
869 1867 1073 1918 episcopus
1106 1861 1358 1913 Ἀγχιοσμοῦ
1391 1858 1586 1914 Ἠπείρου
1615 1877 1696 1899 πα-

295 1921 424 1972 λαιᾶς,
452 1922 517 1975 qui
544 1921 739 1961 Anchiaxi
765 1922 805 1960 in
833 1921 1025 1969 versione,
1053 1923 1112 1958 est
1136 1918 1176 1957 in
1195 1918 1504 1958 chalcedonensi
1530 1917 1695 1957 concilio

298 1989 336 2028 p.
368 1980 457 2015 126.
515 1977 619 2015 forte
644 1979 782 2026 portus
807 1980 867 2014 est
894 1974 1143 2020 Onchesmus,
1173 1972 1222 2010 de
1249 1983 1323 2023 quo
1355 1984 1405 2012 ex
1431 1971 1629 2012 Strabone
1657 1976 1697 2009 et

299 2031 522 2070 Ptolemaeo
552 2029 768 2069 Palmerius
796 2029 937 2068 Graec.
967 2027 1058 2067 Ant.
1087 2031 1113 2065 2
1139 2029 1165 2065 2
1191 2039 1231 2077 p.
1263 2026 1354 2065 245.

402 2093 508 2134 [bid.
565 2088 801 2143 Βοὺτριτος]
843 2087 1112 2140 Βουθρωτός,
1153 2090 1201 2128 de
1238 2101 1315 2141 qua
1344 2089 1460 2129 alias.
1491 2088 1696 2140 Stephano

296 2144 542 2196 Βουθρωτὸς
573 2145 693 2197 νῆσος
723 2146 820 2197 περὶ
846 2146 1062 2196 Κέρκυραν
1096 2145 1138 2184 in
1167 2144 1335 2183 editione
1362 2143 1508 2183 Aldina
1533 2143 1698 2182 Floren-

299 2202 461 2254 tinaque
488 2206 527 2240 et
545 2201 738 2241 Vossiano
767 2214 839 2250 ms,
867 2204 910 2239 ut
934 2198 1138 2238 Berkelius
1165 2197 1349 2246 advertit,
1379 2210 1470 2246 non,
1494 2197 1552 2236 uti
1576 2197 1698 2246 addit,

297 2256 605 2307 corruptissime.
660 2256 734 2294 fuit
755 2268 850 2295 sane
872 2254 1084 2292 Buthrotus
1111 2252 1151 2291 in
1180 2251 1438 2299 Chersoneso,
1467 2262 1537 2289 nee
1568 2254 1698 2289 tamen

297 2310 560 2349 necessarium
589 2314 676 2349 erat
695 2314 738 2348 ut
754 2302 1011 2358 Χερρόνησος
1039 2305 1192 2344 urbium
1219 2304 1452 2356 descriptori
1481 2304 1698 2344 inculcare-

297 2368 384 2403 tur:
413 2375 531 2414 saepe
563 2363 623 2403 illi
651 2363 804 2403 insulae
835 2362 1013 2401 dicuntur
1042 2371 1141 2411 quae
1169 2359 1359 2410 proxime,
1386 2363 1429 2397 ut
1455 2358 1608 2398 insulae
1639 2357 1698 2397 vi-

296 2417 477 2466 deantur,
501 2417 701 2457 accedunt.
759 2417 850 2456 vide
869 2416 961 2455 Ant.
993 2414 1079 2453 ltin.
1107 2427 1147 2465 p.
1175 2416 1267 2453 522.
1692 2432 1694 2435 ·

405 2479 510 2520 Ibid.
550 2475 728 2531 Φωτικὴ]
760 2482 840 2520 sita
864 2480 904 2519 in
933 2478 1180 2530 depressiore
1210 2476 1285 2516 fuit
1311 2476 1423 2527 loco,
1465 2475 1578 2527 aquis
1615 2476 1698 2513 sta-

295 2535 510 2586 gnantibus
524 2534 776 2585 circumdata,
793 2534 984 2585 Procopio
1000 2531 1128 2571 Aedis.
1155 2531 1289 2570 lustin.
1318 2533 1343 2569 4
1364 2534 1384 2569 1
1413 2535 1584 2568 auctore.
1613 2540 1696 2567 me-

296 2589 409 2640 minit
437 2588 607 2627 eiusdem
646 2593 784 2627 auctor
813 2591 1015 2627 comment.
1055 2587 1103 2624 de
1133 2586 1248 2624 Petro
1287 2588 1326 2623 et
1352 2584 1490 2622 Paullo
1518 2595 1553 2620 c.
1579 2585 1626 2621 3:
1656 2580 1698 2625 ἐξ

298 2641 346 2691 ἧς
378 2638 592 2694 (Ῥώμης)
623 2642 680 2688 εἰς
710 2639 971 2680 Μεδιόλανον
1003 2639 1074 2678 καί
1103 2633 1306 2689 Φωτικήν,
1333 2636 1470 2681 πόλεις
1496 2631 1698 2686 Ἠπειρώ-
