1780 3132
362 138 415 178 ιΝ
452 134 816 177 SYNECDEMUM
862 133 1302 176 COMMENTAmUS.
1448 129 1544 178 445

121 254 194 292 cst·
248 250 299 290 de
326 250 580 303 Propontidis
608 250 740 292 insula
769 250 963 304 quaedam
991 250 1209 290 memoriae
1233 262 1286 291 ex
1307 248 1547 292 Sanctorum

119 305 232 347 Actis
272 305 496 355 inhaerent,
523 306 593 346 sed
636 306 830 354 obscura;
876 317 1043 358 quorum
1080 318 1165 345 cum
1204 318 1278 345 nec
1305 309 1446 346 auctor
1473 318 1547 345 nec

120 361 245 402 verba
271 361 321 401 ad
355 361 524 402 officium
549 362 729 410 redeant,
758 373 838 400 non
867 361 1024 413 liquere
1054 361 1282 413 pronuntio.

227 434 320 479 394,
338 435 375 472 2
433 430 644 483 Βαρίσπη]
671 432 796 472 fuitne
823 428 1005 481 Ἀοιᾞσβη
1022 430 1164 480 Abydo
1187 435 1306 484 atque
1333 432 1407 472 llio
1434 431 1542 471 haud

117 487 281 527 multum
308 489 532 539 separata²
561 488 662 527 Acta
681 487 724 527 S.
746 486 949 526 Parthenii
979 487 1238 538 Lampsaceni
1269 499 1301 527 c.
1319 491 1370 527 2.
1399 483 1542 527 Alex·-

112 541 268 583 andrae'a
309 545 448 582 autem
489 541 695 596 quaedam
734 553 793 581 ea:
821 537 996 591 Arisba,
1035 552 1144 595 quae
1172 545 1241 582 est
1269 544 1399 582 iuxta
1432 539 1543 595 Aby-

115 595 225 638 dum,
291 597 477 637 Lucanus
517 597 647 637 ldalin
688 597 715 636 1.
747 600 776 636 3
812 599 894 636 204
922 596 1124 648 appellat,
1162 597 1266 650 quod
1306 596 1399 650 agri
1439 601 1546 636 esset

115 652 286 692 Troiani
313 657 355 691 et
381 652 489 691 circa
518 652 649 692 Idam.
690 648 917 705 Mysiaque
952 655 996 691 et
1019 650 1163 703 gelido
1203 650 1335 692 tellus
1357 650 1546 704 perfusa

114 703 263 755 Caico,
295 705 435 748 [dalis
473 710 519 747 et
544 708 714 746 nimium
752 705 892 759 ylebis
933 706 1071 747 exilis
1109 703 1282 747 Arisbe.
1338 706 1487 747 Carolo
1519 718 1545 746 a

112 761 159 802 S.
190 762 331 802 Paullo
359 761 486 802 sares
530 774 581 802 ex
611 761 780 814 Barispe
806 762 965 813 placet,
1008 761 1118 802 cuius
1164 761 1392 814 episcopum
1419 762 1546 812 Euty-

114 815 297 856 cbianum
323 815 651 857 chalcedonense
682 816 893 857 concilium
923 829 964 868 Ρ.
991 820 1073 857 673
1101 817 1387 869 Hellespontiis
1418 829 1545 857 annu-

111 875 253 911 merat-

220 939 328 982 Ibid-
386 940 566 990 Πάριον]
609 942 831 994 Lampsaco
872 947 954 983 270
979 941 1146 989 stadiis,
1173 941 1289 982 sicuti
1316 941 1544 992 Polyaenus

111 999 141 1036 6
168 998 223 1035 24
250 996 423 1047 indicat,
452 997 640 1038 distabat.
670 1003 882 1050 sequentes
907 998 1027 1039 urbes
1057 997 1109 1038 ad
1124 997 1273 1036 Anton.
1291 996 1381 1038 ltin.
1409 1010 1448 1050 p.
1461 999 1543 1038 334

111 1050 330 1104 attigimus.

220 1120 330 1162 thid.
357 1125 397 1163 3.
454 1119 743 1173 Σκάμανδρος]
786 1124 945 1165 videtur
982 1122 1251 1165 scamandria
1285 1134 1415 1174 parva
1446 1122 1545 1164 civi-

113 1179 189 1226 tas,
217 1177 268 1216 de
295 1189 374 1230 qua
403 1178 556 1217 Plinius
590 1181 617 1218 5
642 1182 710 1230 30,
742 1192 843 1220 esse.

223 1245 334 1288 Ibid.
364 1250 402 1288 4.
463 1248 689 1299 Πολίχνα]
720 1251 893 1290 Troadis
922 1250 1025 1290 hanc
1066 1247 1382 1301 circaAesepum
1409 1249 1547 1289 urbem

108 1300 260 1343 Strabo
291 1307 344 1344 13
374 1317 412 1356 Ρ.
440 1307 523 1344 603
565 1309 604 1344 et
647 1305 798 1345 Plinius
838 1309 866 1345 5
894 1309 949 1346 30
977 1309 1145 1353 noruut;
1182 1316 1255 1343 nec
1283 1304 1405 1344 aliam
1431 1304 1545 1343 multi

108 1361 273 1397 censent
316 1370 434 1412 quam
449 1359 703 1410 Thucydides
734 1364 762 1400 8
790 1364 843 1400 14
869 1365 909 1400 et
932 1363 987 1400 24
1014 1373 1039 1400 a
1059 1358 1327 1399 Clazomeniis
1353 1359 1544 1398 munitam

107 1418 402 1454 commemorat.
471 1427 548 1467 ego
580 1426 678 1454 vero
715 1415 950 1455 accesserim
987 1414 1160 1464 Acacio,
1193 1413 1542 1454 Clazomeniorum

107 1478 195 1507 eam
223 1468 361 1508 urbem
394 1468 445 1508 ab
475 1469 551 1509 hac
582 1470 867 1523 distinguenti:
904 1471 1124 1511 clarissime
1154 1468 1256 1509 enim
1285 1469 1540 1518 Thucydides

106 1533 195 1562 eam
222 1523 262 1562 in
291 1524 518 1564 continente
556 1530 698 1566 contra
726 1525 991 1566 Clazomenas
1019 1526 1220 1577 longeque
1246 1524 1348 1565 adeo
1376 1536 1403 1564 a
1430 1525 1539 1564 Tro-

105 1577 195 1618 adis
223 1578 418 1618 Polichna
449 1580 634 1620 collocat.

213 1646 320 1689 Ibid.
396 1647 709 1700 Ποιμάνεννος]
752 1651 846 1704 lege
869 1647 1158 1701 Ποιμανητός.
1215 1649 1414 1690 Aristides
1443 1653 1538 1688 tom.

104 1704 129 1742 1
157 1715 196 1764 p.
217 1705 322 1744 596:
351 1698 411 1741 ἔτι
434 1703 772 1768 δὲΠοιμανητός,
791 1705 946 1756 χωρίον
965 1706 1036 1755 τῆς
1056 1699 1245 1755 Mvoa'‚a;
1264 1717 1331 1742 και
1366 1702 1409 1741 ἐν
1426 1701 1542 1741 αὕιῶ

103 1751 218 1806 ἱερὸν
240 1751 494 1819 Ἀσκληπιοῦ
519 1754 638 1820 ἅγιόν
656 1771 701 1796 τε
729 1774 796 1798 και
825 1756 1065 1824 o'ioptaoro‘z.
1096 1757 1279 1797 ἐνταῦθα
1295 1757 1541 1806 &tenemusne

104 1809 300 1857 σταδίους
339 1806 532 1862 ἑξήκοντα
570 1807 751 1861 μάλιστα
794 1828 862 1853 και
904 1808 1061 1852 ἑκατόν.
1132 1814 1208 1853 fuit
1250 1825 1349 1866 ergo
1383 1813 1540 1862 Μ)εἰειε

104 1866 294 1918 oppidum
322 1868 433 1919 (nam
472 1879 616 1919 agrum
657 1869 762 1908 male
806 1869 986 1919 vertunt)
1017 1873 1098 1908 160
1132 1869 1293 1908 circiter
1320 1868 1462 1908 stadiis
1486 1866 1538 1907 ab

102 1919 333 1973 Hadrianis,
365 1922 556 1962 Aristidis
594 1923 740 1975 patria.
817 1924 1023 1986 Stephano
1054 1929 1094 1963 et
1121 1923 1285 1963 Nicetae
1313 1923 1539 1963 Choniatae

102 1975 250 2018 Annal.
278 1977 306 2016 l.
349 1978 423 2019 ult.
450 1990 489 2029 Ρ.
519 1981 600 2018 296
628 1982 689 2018 est
715 1975 1001 2030 Ποιμανινόν,
1042 1983 1082 2018 et
1118 1978 1231 2018 Actis
1259 1977 1536 2018 conciliorum.

105 2031 320 2072 subscribit
356 2032 460 2072 enim
500 2032 948 2099 Constantinopolitano
976 2034 1097 2074 tertio
1136 2046 1176 2099 Ρ.
1204 2036 1284 2073 501
1313 2032 1537 2072 Mercurius

101 2086 311 2139 episcopus
334 2083 492 2132 πόλεως
509 2087 775 2135 Ποιμανινοῦ
801 2088 875 2139 τῆς
896 2085 1219 2138 Ἑλλησποντιων
1246 2083 1465 2138 ἐπαοχίας,
1495 2091 1536 2127 et

101 2140 278 2182 Nicaeno
307 2143 481 2182 secundo
508 2155 547 2194 p.
569 2144 651 2182 572
667 2143 749 2183 Leo
766 2143 1059 2191 Ποιμανινοῦ,·
1087 2142 1154 2196 qui
1182 2155 1268 2182 cum
1299 2156 1338 2195 p.
1362 2144 1415 2181 51
1447 2142 1534 2194 epi-

101 2207 246 2247 scopus
283 2196 564 2260 Ποιμανηγῶν
601 2199 779 2247 feratur,
827 2202 867 2237 et
907 2199 1171 2245 10.Masson‚
1202 2198 1314 2237 utin
1343 2196 1535 2237 Aristidis

105 2250 202 2290 vita
227 2254 256 2292 3
281 2255 310 2291 6
338 2252 602 2304 perscriptum
634 2258 718 2301 est,
747 2253 914 2293 Parisiis
946 2265 1105 2292 numum
1137 2229 1420 2303 ἠοιμανηνῶν
1449 2256 1535 2292 tra-

101 2305 299 2355 ctaverit,
337 2319 416 2346 non
455 2307 614 2348 dubium
652 2313 714 2347 est
743 2308 836 2361 quin
867 2305 1132 2358 Ποιμανηνὸς
1171 2306 1379 2359 Stephano
1414 2306 1532 2346 reddi

101 2360 260 2400 debeat.
330 2361 413 2400 scio
443 2361 564 2402 aliam
594 2363 723 2403 virum
752 2362 1021 2402 doctissimum
1059 2362 1284 2414 ingressum
1309 2373 1397 2401 esse
1424 2362 1534 2402 viam

100 2419 143 2453 et
169 2411 440 2476 Ποιμανηνόν
471 2416 640 2457 Aristidi
674 2418 923 2458 restituisse:
964 2418 1034 2457 sed
1064 2429 1149 2456 cum
1177 2416 1533 2480 Ethnicographus

98 2464 145 2506 τὸ
174 2465 341 2508 ἐθνικὸν
369 2467 522 2518 ὁμοίως
547 2471 694 2512 inflecti
722 2473 917 2522 adfirmet,
946 2468 1214 2521 Ποιμανηνὸς
1241 2472 1377 2526 utique
1402 2473 1454 2511 ab
1483 2484 1532 2510 eo

97 2525 221 2564 venit.
278 2529 453 2565 ceterum
480 2526 606 2567 series
635 2527 863 2568 Aristideae
890 2527 1085 2569 orationis
1113 2523 1201 2566 ἔστι
1229 2525 1275 2566 δὲ
1306 2527 1533 2577 Ποιμανη-

96 2573 166 2626 νὸς
194 2580 402 2632 requirere
433 2580 602 2622 videtur

205 2654 314 2698 Ibid.
368 2653 591 2711 Ἀρτεμέα]
629 2660 829 2701 assentior
870 2660 926 2701 10.
958 2660 1164 2701 narduino
1202 2660 1246 2700 in
1274 2658 1393 2700 Plinii
1420 2659 1448 2698 5
1475 2660 1531 2698 30
