1780 3132
293 184 364 224 DE
400 179 851 223 ADMINISTRANDO
896 177 1118 221 IMPERIO
1157 178 1276 220 CAP.
1318 180 1383 222 50.
1472 173 1568 217 225

230 281 376 322 Ἰστὲον
423 276 484 320 ὅτι
527 279 550 333 ἦ
580 280 828 331 Καλαβρίας
856 277 1078 333 στρατηγίς
1107 273 1309 318 δουκάτον
1337 271 1388 330 ἦν
1414 274 1461 317 τό
1490 291 1571 316 πα-

127 346 247 388 λαιὸν
271 348 345 399 τῆς
373 346 644 399 στρατηγίδος
675 346 881 391 Σικελίας.

234 413 383 454 Ἰσῐέον
421 408 485 452 ὅτι
524 410 548 464 ἢ
593 410 667 451 τοῦ
709 410 960 462 Χαρσιανοῦ
995 409 1214 463 στρατηγίς
1250 408 1414 461 τοῢρμα
1441 400 1495 460 ἦν
1522 403 1570 446 τὸ

126 476 308 519 παλαιόν
335 478 410 531 τῆς
437 478 517 517 τῶν
545 476 830 530 Ἀρμενιακῶν
860 475 1148 528 στρατηγίδος.

93 547 116 582 5
231 542 382 585 Ἰστὲον
425 539 484 582 ὅτι
526 540 596 582 ἐπὶ
624 542 803 587 Λέοντος
840 542 915 581 τοῦ
945 541 1220 594 φιλοχρίστου
1260 537 1461 579 δεσπότου
1490 535 1572 578 ἀπὸ

124 609 204 649 τοῦ
227 608 410 659 θέματος
437 610 518 648 τῶν
538 608 857 659 Βουκελλαρίων
888 605 948 654 εἷς
973 605 1017 647 τό
1037 606 1332 646 Καππαδοκῶν
1360 606 1473 657 θέμα
1500 618 1579 656 με·-

124 672 357 727 τετέθησαν
383 675 514 714 ταῦτα
542 671 595 713 τὰ
622 673 770 726 βάνδα,
800 667 891 725 ἤτοι
938 670 961 725 ἦ
994 672 1273 725 τοποτηρησιά
1303 669 1521 729 Βάρετας,
1549 669 1578 723 ἦ

124 738 402 792 τοποτηρησία
435 739 740 791 Βαλβαδῶνος,
778 736 801 790 ἡ
832 740 1107 791 τοποτηρησία
1126 736 1333 784 Ἀσπονας
1350 735 1423 777 καί
1451 735 1475 790 ἧ
1505 750 1578 777 το-

126 804 355 858 ποτηρησία
397 803 647 856 Ἀκαρκοῦς·
716 801 787 843 καί
823 801 905 843 ἀπὸ
940 803 1016 844 τοῦ
1052 804 1233 854 θέματος
1259 802 1342 843 τῶν
1367 802 1578 843 Ἀνατολι-

34 883 44 896 ·
71 875 115 909 10
127 871 211 909 κῶν
238 871 298 916 εἰς
324 866 371 909 τὸ
403 868 701 909 Καππαδοκῶν
729 870 842 920 θὲμα
868 869 1152 922 μετετέθησαν
1180 869 1315 909 ταῦτα
1342 866 1394 909 τά
1424 867 1576 921 βάνδα,

126 929 215 988 ἦτοι
241 933 265 988 ἦ
295 936 576 989 τοποτηρησιά
603 935 676 989 τῆς
700 933 968 987 Εὐδοκιὰδος,
997 933 1021 988 ἧ
1049 934 1326 988 τοποτηρησία
1355 935 1430 974 τοῦ
1453 932 1576 986 ἁγίου

122 998 381 1053 Ἀγαπητοῦ,
419 1000 443 1052 ἧ
480 1002 762 1054 τοποτηρησιά
802 999 1077 1054 Ἀφραζειῖκς·
1133 1001 1203 1041 καί
1233 999 1417 1052 ἐγένοντο
1443 1000 1577 1039 ταῦτα

124 1062 176 1105 τά
205 1060 310 1106 ento?
337 1062 486 1116 βάνὸα,
516 1059 607 1118 ἦτοι
634 1062 685 1105 τοὶ
713 1065 794 1106 τῶν
816 1063 1135 1118 Βουκελλαρίων
1162 1065 1348 1118 τέσσαρα
1381 1064 1454 1104 καί
1480 1065 1579 1117 τρία

124 1121 208 1171 ταῖν
245 1131 541 1184 Ἀνατολικαῖν,
569 1131 727 1182 τοῦρμα
759 1131 837 1182 μιά
869 1127 893 1183 ἦ
924 1131 1000 1171 νῦν
1035 1128 1085 1171 τὰ
1119 1127 1335 1182 Κόμματα
1365 1132 1575 1183 λεγομένη,

70 1201 114 1235 15
233 1195 391 1237 Ἰστὲον
417 1191 484 1235 ὅτι
521 1196 592 1236 ἐπὶ
618 1195 802 1243 Λέοντος
836 1197 911 1236 τοῦ
953 1198 1230 1250 φιλοχρίστου
1257 1196 1463 1237 δεσπότου
1492 1194 1575 1236 α’πό

124 1262 201 1303 τοῦ
227 1261 407 1312 θέματος
435 1263 514 1301 τῶν
538 1259 862 1314 Βουκελλαρίων
904 1262 964 1308 εἰς
999 1259 1046 1302 τὸ
1078 1262 1190 1313 θέμα
1220 1262 1470 1315 Χαρσιανοῦ
1497 1276 1577 1314 με-

123 1327 354 1380 τετέθησαν
385 1327 517 1367 ταῦτα
546 1324 598 1367 τά
644 1324 792 1381 βάνδα,
822 1322 912 1380 ἤτοι
938 1326 962 1380 ἦ
990 1329 1269 1381 τοποτηρησία
1296 1327 1373 1368 τοῦ
1402 1329 1577 1381 Μυριο-

122 1390 321 1446 κεφάλου,
353 1390 675 1446 ἦτοποτηρησία
702 1394 778 1432 τοῦ
806 1391 947 1444 τιμιόυ
969 1393 1163 1445 Σταυροῦ
1191 1397 1265 1432 καί
1289 1389 1312 1446 ἦ
1344 1406 1575 1447 τοποτηρη-

124 1457 196 1498 σία
224 1455 575 1511 Βερινουπὸλεως,
604 1459 677 1499 καί
702 1459 887 1511 ἐγένοντο
915 1460 1078 1510 ιοῦρμα
1104 1458 1129 1511 ἡ
1157 1460 1231 1499 νῦν
1251 1458 1434 1499 Σανιάνα
1462 1461 1573 1512 λεγο-

66 1525 242 1578 2ομένη.
314 1523 386 1564 καὶ
425 1522 508 1564 α’πὸ
550 1525 625 1564 τοῦ
666 1525 852 1575 θέματος
888 1526 968 1565 τῶν
1007 1524 1290 1578 Ἀρμενιακῶν
1332 1525 1392 1572 εἰς
1421 1522 1467 1564 τὸ
1496 1527 1573 1565 τοῦ

122 1590 372 1642 Χαρσιανοῦ
414 1590 528 1640 θέμα
578 1592 863 1644 μετετέθησαν
891 1592 1028 1630 ταῦτα
1062 1588 1112 1631 τοὶ
1142 1587 1290 1645 βάνδα,
1321 1585 1412 1644 ἦτοι
1441 1589 1467 1645 ἦ
1498 1591 1574 1632 τοῦ

123 1652 405 1708 Κομοδρόμου
436 1655 734 1709 τοποτηρησιά,
764 1654 789 1710 ἧ
811 1657 1088 1710 τοποτηρησιά
1111 1657 1281 1710 Ταβιάς,
1309 1658 1380 1697 καί
1408 1656 1467 1705 εἰς
1495 1655 1572 1710 την

121 1721 310 1774 τοῦρμαν
347 1722 425 1761 τοῦ
453 1723 703 1773 Χαρσιανοῦ
747 1720 821 1776 τὴν
860 1722 1078 1776 εἰρημένην
1109 1722 1429 1776 προσετέθησαν.
1488 1720 1569 1762 α’πὸ

123 1787 170 1827 δὲ
197 1788 274 1828 τοῦ
302 1788 602 1828 Καππαδοκῶν
648 1788 707 1835 εἰς
734 1786 777 1828 τὸ
827 1787 903 1829 τοῦ
930 1789 1185 1842 Χαρσιανοῦ
1215 1790 1329 1839 θέμα
1359 1791 1492 1830 ταῦτα
1519 1788 1569 1829 td

213 1908 236 1941 3
259 1909 381 1945 ἰστέον
408 1929 450 1936 —-
481 1908 724 1956 στρατηγίδος
745 1908 816 1942 add
843 1911 868 1944 B
995 1910 1040 1944 22
1063 1907 1082 1953 ἧ
1106 1912 1356 1956 τοποτηρησία
1382 1909 1451 1943 add
1476 1910 1502 1942 B

210 2031 394 2066 Calabriae
419 2038 581 2078 praetura
606 2033 756 2067 ducatus
781 2033 867 2067 olim
895 2038 972 2067 erat
995 2038 1182 2078 praeturae
1206 2034 1361 2067 Siciliae.

210 2078 395 2113 Cbarsiani
433 2086 599 2124 praetura
623 2086 738 2113 turma
778 2081 976 2126 antiquitus
999 2086 1076 2114 erat
1106 2082 1391 2114 Armeniacorum
1418 2086 1564 2127 praetu-

120 2135 191 2159 rae.
238 2126 306 2160 sub
331 2127 450 2160 Leone
474 2133 591 2160 autem
617 2127 749 2161 Christi
785 2133 924 2160 amante
949 2128 1162 2172 imperatore
1188 2139 1208 2160 a
1231 2127 1388 2161 themate
1417 2129 1562 2162 Buccel-

118 2172 286 2207 lariorum
316 2174 354 2206 in
367 2174 616 2218 Cappadocum
646 2174 763 2207 thema
787 2174 955 2207 translata
982 2175 1127 2208 fuerunt
1146 2174 1232 2207 haec
1254 2175 1384 2216 banda,
1410 2175 1563 2208 vicaria-

118 2225 176 2252 tus
199 2221 339 2254 Bai-etas
366 2220 590 2254 Balbadonos
618 2222 778 2266 Asponas
808 2226 844 2254 et
870 2222 1020 2253 Acarcus
1036 2233 1044 2253 :
1063 2232 1114 2254 ex
1141 2221 1297 2254 themate
1316 2233 1398 2255 vero
1423 2222 1561 2256 Anato-

118 2267 266 2300 licorum
300 2267 337 2300 in
371 2266 489 2300 thema
515 2267 766 2313 Cappadocum
789 2267 926 2300 isthaec
959 2267 1103 2312 quidem
1128 2268 1247 2301 banda
1272 2269 1439 2301 translata
1464 2275 1559 2310 sunt,

117 2314 307 2347 vicariatus
330 2313 553 2354 Eudockxdis,
585 2316 620 2348 S.
639 2314 786 2359 Agapeti
812 2320 850 2347 et
869 2315 1075 2360 Aphraziae.
1124 2315 1288 2360 factaque
1313 2321 1396 2349 sunt
1420 2321 1558 2361 septem

118 2359 206 2393 haec
231 2359 369 2401 banda,
407 2371 536 2405 nempe
570 2362 867 2394 Buccellas-iorum
906 2367 1076 2406 quattuor
1107 2367 1143 2395 et
1177 2362 1442 2395 Anatolicorum
1478 2364 1558 2404 tria,

118 2412 232 2440 turma
262 2418 344 2447 nna,
370 2417 460 2451 quae
483 2419 579 2440 nunc
603 2408 783 2441 Commata
812 2413 1047 2452 nuncupatur.

210 2455 317 2487 Porro
361 2453 426 2485 sub
459 2453 584 2487 eodem
620 2456 748 2488 Christi
777 2455 1016 2487 amantissimo
1048 2454 1260 2499 imperatore
1287 2455 1407 2489 Leone
1430 2467 1450 2488 a
1474 2455 1557 2490 the-

115 2505 210 2533 mate
236 2499 531 2533 Buccellariorum
573 2502 610 2534 in
634 2502 822 2535 chan-sinui
859 2501 977 2534 thema
1004 2502 1173 2535 translata
1206 2507 1289 2535 sunt
1313 2502 1402 2536 haec
1425 2502 1555 2544 banda,

117 2547 304 2580 vicariatus
329 2547 599 2592 Myriocepha!i‚
636 2548 858 2581 venerandae
879 2547 1001 2580 Crucis
1026 2554 1062 2581 et
1085 2548 1362 2593 Berinopole053
1387 2551 1555 2595 factaque

118 2604 161 2626 ex
185 2594 228 2626 iis
255 2594 325 2626 fuit
349 2598 482 2631 turma,
513 2605 605 2638 quae
630 2607 725 2627 nunc
751 2595 901 2627 Saniana
937 2595 1149 2639 appellatur.
1198 2595 1243 2628 ab
1268 2597 1554 2629 Armeniacorum

116 2650 200 2672 vero
226 2639 384 2674 themate
417 2641 453 2672 iu
481 2639 663 2674 Charsiani
689 2641 808 2674 thema
842 2641 931 2674 haec.
954 2641 1070 2674 banda
1096 2642 1263 2676 translata
1289 2648 1382 2683 sunt,
1407 2643 1556 2676 vicaria-

117 2690 174 2718 tus
191 2686 416 2719 Comodromi
442 2693 478 2719 et
502 2688 688 2721 vicariatus
699 2688 857 2730 Tabiae3
883 2687 1084 2733 adiectique
1107 2690 1205 2722 fuere
1222 2690 1427 2734 praedictae
1443 2689 1553 2722 Char-

118 2733 208 2766 siani
242 2739 388 2765 turmae.
457 2743 476 2766 e
511 2734 761 2779 Cappadocum
799 2740 916 2768 autem
952 2735 1107 2769 themate
1142 2737 1179 2769 in
1214 2735 1398 2770 Chai-sinui
1429 2735 1552 2772 itidem

203 2796 324 2829 const.
352 2796 483 2843 Porph.
1271 2798 1312 2831 15
