1780 3132
329 165 423 213 432
851 177 1191 217 WssssEmNGu

328 289 367 323 et
398 284 598 334 Callistus,
630 285 766 337 quibus
792 285 1051 326 testimonium
1079 286 1324 327 denuntiavit
1350 288 1563 330 Palmerius
1589 292 1636 332 V.
1667 291 1716 332 G.

327 342 349 377 1
378 341 442 385 35,
484 339 524 377 id
564 339 667 377 haud
706 339 870 378 obscure
905 340 1097 386 indicant;
1136 353 1209 380 nec
1248 341 1329 380 alia
1369 343 1444 382 fuit
1483 344 1719 385 scholiastae

325 391 578 442 Coisliniano‚
609 404 692 431 cum
716 393 938 432 Ptolemaeo
965 394 1206 433 adscriberet
1234 391 1444 443 Λυχνιδὸς
1470 393 1494 447 ἢ
1521 393 1719 448 Ἀχρίδα,

323 446 527 484 sententia.
595 446 665 484 sub
705 445 839 486 iisdem
875 447 1061 497 Bulgaris
1088 447 1262 487 Achrida
1300 448 1538 488 Iustinianae
1563 451 1714 502 primae

324 503 362 536 et
392 498 619 549 metropolis
655 500 768 538 titulo
806 501 1018 551 superbiit,
1049 502 1212 540 testibus
1239 505 1404 553 utroque
1430 503 1646 554 Nicephoro
1673 509 1714 544 et

324 551 532 590 Wilhelmo
558 553 681 601 Tyrio
710 553 807 594 Hist.
837 554 988 593 Hieros.
1020 559 1073 594 20
1098 559 1136 594 2.
1206 554 1269 593 hic
1294 567 1390 594 vero
1417 568 1496 595 non
1522 557 1714 597 immerito

321 605 561 656 quaesiveris
577 637 587 655 ,
614 607 715 646 sitne
742 607 966 655 Lychnidus
1005 609 1139 648 eadem
1165 621 1212 648 ac
1236 609 1438 648 Iustiniani
1462 610 1616 661 patria:
1640 623 1713 662 pa-

321 660 438 698 triam
475 659 576 699 enim
618 673 727 700 suam
765 661 980 712 imperator
1018 663 1248 713 cognomine
1286 663 1524 703 Iustiniauae
1563 663 1714 715 primae

319 713 488 752 Novella
528 717 576 752 11
619 714 810 753 illustrem
850 727 936 753 esse
964 715 1088 755 iussit.
1153 716 1256 765 mihi,
1284 716 1528 767 quantumvis
1557 717 1599 756 in
1627 730 1713 757 eam

317 766 535 817 opinionem
581 767 825 806 doctissimus
864 769 1079 808 Palmerius
1107 773 1146 808 et
1177 770 1311 820 plures
1337 769 1407 809 alii
1435 771 1710 817 concesserint,

319 821 427 859 nullo
452 821 566 860 modo
604 821 827 872 plausibilis
865 823 1031 863 videtur.
1100 822 1353 862 dissentiendi
1399 835 1559 863 caussas
1584 825 1710 873 habeo

315 885 462 923 graves
491 879 529 912 et
558 874 717 914 varias:
749 875 841 926 quid
865 876 899 914 si
917 876 1041 926 primo
1057 876 1297 925 Lychnidum
1317 876 1474 916 condita
1493 878 1711 918 Iustiniana

313 928 441 977 prima
479 929 724 979 superstitem
757 928 878 967 fuisse
923 930 1160 969 ostender02
1231 933 1432 970 exstructa
1459 942 1507 970 ea
1533 936 1594 970 est
1618 936 1710 971 ante

311 980 543 1020 Belisarium
573 983 771 1022 consulem
796 982 881 1021 sive
908 987 1000 1022 ante
1027 995 1171 1023 annum
1198 985 1291 1031 535,
1318 987 1420 1022 teste
1445 985 1613 1024 Novella
1643 989 1708 1034 11;

311 1034 534 1083 Lychnidus
561 1036 797 1087 gravissimo
826 1041 960 1075 terrae
988 1042 1095 1076 motu
1113 1036 1261 1075 corruit
1280 1036 1494 1076 Iustiniano
1519 1038 1707 1090 principe,

311 1101 408 1136 uon,
448 1092 490 1127 ut
529 1089 769 1140 Palmerius,
820 1091 967 1129 Iustino
1009 1091 1157 1141 primo,
1200 1091 1303 1141 apud
1341 1090 1569 1142 Procopium
1608 1092 1717 1131 nist..

308 1142 453 1181 Arcan.
492 1154 527 1180 c.
560 1146 622 1182 18.
688 1144 811 1183 movit
850 1148 980 1183 autem
1007 1149 1117 1183 terra
1151 1155 1223 1194 per
1249 1143 1438 1183 Achaiam
1479 1149 1520 1184 et
1544 1145 1705 1196 Epirum
1775 1149 1777 1152 '

309 1208 412 1235 anno
449 1195 554 1235 bello
583 1197 739 1237 Gothici
767 1201 831 1247 13,
874 1197 1009 1237 eodem
1038 1202 1198 1236 auctore
1235 1197 1279 1237 B.
1311 1197 1359 1236 G.
1387 1201 1415 1237 3
1443 1201 1534 1248 181,
1554 1200 1707 1250 plures-

309 1262 383 1301 que
410 1250 527 1288 urbes
554 1250 717 1290 disiecit.
773 1251 929 1290 tremuit
955 1257 1164 1302 praeterea
1190 1264 1293 1290 anuo
1322 1251 1417 1291 belli
1444 1252 1614 1292 eiusdem
1643 1257 1706 1301 1⁷,

306 1304 351 1345 Β,
379 1303 428 1343 G.
459 1306 485 1341 4
512 1305 587 1353 25,
628 1308 667 1342 et
694 1305 923 1344 horribilem
964 1305 1119 1356 quidem
1160 1305 1200 1344 in
1227 1305 1392 1344 modum.
1460 1306 1588 1346 altero
1616 1310 1706 1346 utro

304 1361 412 1396 motu
442 1357 667 1405 Lychnidus
697 1359 868 1397 corruit:
898 1370 1022 1410 neque
1049 1358 1149 1398 enim
1174 1358 1276 1398 alius
1304 1359 1345 1398 in
1374 1358 1448 1398 hoc
1473 1363 1603 1399 tractu
1626 1372 1706 1399 me-

307 1414 495 1451 moratur.
560 1411 735 1462 adeoque
775 1412 810 1450 si
836 1412 981 1463 priore,
1013 1416 1064 1451 12
1102 1414 1224 1451 ferme
1252 1412 1366 1451 annis
1394 1417 1484 1464 post
1511 1413 1705 1453 conditam

306 1465 560 1504 Iustinianam
586 1465 763 1516 primam,
791 1465 826 1504 si
851 1466 1083 1516 posteriore,
1112 1469 1164 1504 16
1192 1470 1282 1516 post
1302 1477 1387 1505 eam
1415 1466 1528 1505 annis
1554 1467 1596 1506 in
1623 1467 1705 1506 rui-

306 1530 379 1557 nas
408 1518 517 1557 abiit.
571 1518 693 1570 igitur
721 1531 806 1558 cum
838 1519 1061 1567 Lychnidus
1101 1519 1307 1558 aedificata
1331 1519 1549 1559 Iustiniana
1575 1520 1703 1571 prima

304 1572 510 1624 pristinum
557 1584 695 1611 nomen
737 1571 931 1611 mor‘dicus
970 1572 1196 1619 retinuerit,
1222 1572 1472 1625 florueritque
1498 1573 1540 1612 in
1570 1574 1705 1625 plures

305 1638 441 1674 annos,
472 1637 680 1677 perperam
709 1626 759 1665 ab
788 1625 1001 1665 Iustiniano
1030 1638 1080 1665 ex
1105 1625 1310 1665 ruderibus
1338 1627 1511 1666 excitata
1533 1631 1572 1666 et
1598 1640 1702 1667 novo

304 1679 459 1718 nomine
498 1679 685 1718 decorata
723 1679 960 1730 perhibetur.
1024 1680 1127 1731 quod
1153 1679 1300 1730 ipsum,
1326 1679 1361 1719 si
1389 1692 1489 1732 quac
1517 1681 1566 1719 de
1593 1685 1703 1721 utra-

305 1745 379 1784 que
408 1733 504 1772 urbe
537 1732 818 1784 praedicantur
858 1733 898 1772 in
927 1745 1092 1772 examen
1130 1733 1295 1781 miseris,
1322 1733 1510 1786 liquidius
1540 1734 1700 1785 patebit.

304 1787 518 1838 Procopius
552 1787 593 1826 in
634 1786 781 1826 Hister.
825 1786 972 1826 Arcan.
1003 1783 1216 1836 Λυχνιὸὁν
1251 1784 1320 1836 τὴν
1362 1787 1405 1824 ὲν
1432 1783 1704 1837 Ἠπειρώταις

303 1841 388 1879 sive
415 1841 655 1891 Epiroticam
683 1841 878 1891 appellat:
917 1845 960 1879 at
995 1840 1243 1891 imperatoris
1277 1840 1446 1891 patriam
1475 1841 1592 1882 Fabr.
1624 1844 1650 1880 4
1678 1845 1702 1880 1

305 1895 345 1933 in
372 1895 591 1943 Dardanis,
621 1893 686 1946 qui
712 1895 819 1934 ultra
845 1893 1163 1945 Epidamniorum
1193 1894 1291 1933 fines
1316 1895 1481 1946 agitent,
1509 1895 1702 1943 collocat3

305 1960 405 1999 quae
428 1960 524 1987 sane
563 1948 748 1999 regiones
777 1960 921 1999 magno
951 1952 1147 1987 terrarum
1185 1948 1398 1987 intervallo
1425 1948 1700 1988 dissociantur.

304 2006 526 2053 promptum
555 2002 708 2054 quidem
735 2007 796 2040 est
822 2014 907 2040 cum
934 2002 1127 2041 Palmerio
1162 2002 1338 2052 profiteri
1366 2003 1594 2054 Procopium
1621 2013 1702 2041 non

303 2056 402 2095 satis
434 2056 612 2095 edoctum
641 2056 762 2095 fuisse
786 2055 929 2095 limites
957 2067 1090 2094 earum
1122 2055 1348 2107 regionum;
1386 2067 1459 2094 nec
1487 2056 1606 2095 facile
1635 2059 1701 2095 ta-

302 2122 390 2148 men
427 2110 488 2149 illi
515 2109 757 2160 persuaserit
799 2110 862 2162 qui
892 2109 977 2147 eius
1000 2109 1048 2147 de
1077 2109 1192 2148 bellis
1219 2109 1386 2148 Gothico
1412 2109 1629 2149 Vandalico
1661 2113 1702 2148 et

303 2163 460 2202 Persico
492 2164 615 2215 deque
650 2164 835 2203 aedificiis
862 2162 1066 2202 Iustiniani
1099 2163 1223 2202 libros
1249 2175 1334 2203 cum
1364 2174 1459 2202 cura
1485 2162 1700 2210 evolverit3

303 2229 353 2255 ne
382 2230 483 2256 nunc
513 2217 639 2257 dicam
666 2218 939 2269 imperatorem
970 2220 1107 2267 aperte
1145 2216 1244 2255 satis
1269 2218 1406 2261 Novel.
1437 2220 1485 2256 11
1529 2216 1698 2268 patriam

302 2283 413 2309 suam
449 2271 556 2310 cirea
587 2272 750 2311 Daciam
776 2271 1103 2310 mediterraneam
1137 2271 1262 2320 figere
1302 2275 1340 2309 et
1367 2270 1547 2322 Procopii
1574 2270 1699 2321 parti-

302 2324 375 2364 bus
404 2325 603 2366 accedere.
670 2326 721 2365 ad
758 2325 855 2365 haec
894 2323 1023 2363 omnia
1057 2325 1208 2363 accedit
1238 2325 1440 2364 Iustiniani
1472 2324 1606 2363 natale
1633 2335 1699 2362 so-

303 2378 382 2416 lum
411 2383 479 2417 aut
507 2378 739 2419 Tauresium
767 2383 836 2419 aut
863 2377 1095 2417 Bederinam
1119 2379 1204 2417 sive
1224 2378 1481 2418 Bederianam
1511 2390 1536 2417 a
1555 2378 1699 2416 Proco-

302 2431 368 2482 pio
406 2436 445 2470 et
483 2432 658 2484 Agathia
702 2445 798 2473 vero
839 2432 995 2471 nomine
1035 2433 1252 2483 appellari;
1295 2444 1373 2484 qua
1410 2443 1508 2483 ergo
1542 2431 1699 2471 ratione

302 2485 526 2533 Lychnidus
554 2487 660 2526 erit?
723 2499 844 2538 porro
887 2485 1111 2534 Lychnidus
1151 2486 1359 2525 excellenti
1393 2486 1486 2524 colli
1513 2488 1600 2524 erat
1625 2483 1698 2523 im-

302 2539 432 2590 posita
459 2544 498 2578 et
528 2540 699 2580 fontibus
727 2539 1062 2580 abundantissima
1089 2540 1191 2590 apud
1220 2539 1413 2579 Malchum
1442 2539 1481 2578 in
1510 2538 1696 2587 Excerpt.

303 2593 523 2632 Hoeschelii
551 2607 589 2645 p.
616 2597 681 2634 64.
712 2599 914 2646 utrumque
943 2593 1066 2632 defuit
1091 2593 1331 2632 Iustinianae
1355 2594 1516 2644 primae,
1545 2591 1696 2630 debuit·

303 2659 377 2698 que
403 2647 616 2700 imperator
645 2660 773 2700 aquae
792 2648 969 2689 ductibus
986 2647 1191 2698 magnifico
1222 2659 1342 2698 opere
1369 2645 1578 2687 exstructis
1604 2644 1698 2684 sub-
