<?xml version="1.0" encoding="UTF-8"?>
<!DOCTYPE html PUBLIC "-//W3C//DTD XHTML 1.0 Transitional//EN"
    "http://www.w3.org/TR/xhtml1/DTD/xhtml1-transitional.dtd">
<html xmlns="http://www.w3.org/1999/xhtml" xml:lang="en" lang="en">
 <head>
  <title>
</title>
<meta http-equiv="Content-Type" content="text/html;charset=utf-8" />
  <meta name='ocr-system' content='tesseract 3.04.00' />
  <meta name='ocr-capabilities' content='ocr_page ocr_carea ocr_par ocr_line ocrx_word'/>
</head>
<body>
  <div class='ocr_page' id='page_1' title='image "./corpusscriptorum09niebuoft_0263.png"; bbox 0 0 1780 3132; ppageno 0'>
   <div class='ocr_carea' id='block_1_1' title="bbox 324 175 1584 235">
    <p class='ocr_par' dir='ltr' id='par_1_1' title="bbox 324 175 1584 235">
     <span class='ocr_line' id='line_1_1' title="bbox 324 175 1584 235; baseline -0.004 -10"><span class='ocrx_word' id='word_1_1' title='bbox 324 185 395 225; x_wconf 93' lang='lat' dir='ltr'><strong><em>DE</em></strong></span> <span class='ocrx_word' id='word_1_2' title='bbox 434 181 877 225; x_wconf 78' lang='lat' dir='ltr'><strong>ADMINISTRANDO</strong></span> <span class='ocrx_word' id='word_1_3' title='bbox 918 180 1139 224; x_wconf 80' lang='lat' dir='ltr'>IMPERIO</span> <span class='ocrx_word' id='word_1_4' title='bbox 1179 180 1296 223; x_wconf 82' lang='lat' dir='ltr'><strong>CAP.</strong></span> <span class='ocrx_word' id='word_1_5' title='bbox 1330 182 1400 235; x_wconf 78' lang='grc'><strong><em>53.</em></strong></span> <span class='ocrx_word' id='word_1_6' title='bbox 1488 175 1584 220; x_wconf 76' lang='lat'><strong><em>253</em></strong></span> 
     </span>
    </p>
   </div>
   <div class='ocr_carea' id='block_1_2' title="bbox 82 277 1705 1848">
    <p class='ocr_par' dir='ltr' id='par_1_2' title="bbox 82 277 1705 1848">
     <span class='ocr_line' id='line_1_2' title="bbox 148 277 1586 341; baseline -0.006 -15"><span class='ocrx_word' id='word_1_7' title='bbox 148 284 360 338; x_wconf 72' lang='grc' dir='ltr'><strong><em>ἐνίκησαν·</em></strong></span> <span class='ocrx_word' id='word_1_8' title='bbox 417 284 461 324; x_wconf 85' lang='grc' dir='ltr'><strong><em>έν</em></strong></span> <span class='ocrx_word' id='word_1_9' title='bbox 487 277 519 341; x_wconf 70' lang='grc' dir='ltr'><em>ᾧ</em></span> <span class='ocrx_word' id='word_1_10' title='bbox 552 283 623 324; x_wconf 80' lang='grc' dir='ltr'>καί</span> <span class='ocrx_word' id='word_1_11' title='bbox 649 279 797 336; x_wconf 80' lang='grc' dir='ltr'><strong><em>ὅρκους</em></strong></span> <span class='ocrx_word' id='word_1_12' title='bbox 825 284 1060 323; x_wconf 79' lang='grc' dir='ltr'><strong><em>ἐπετέλεσεν</em></strong></span> <span class='ocrx_word' id='word_1_13' title='bbox 1102 280 1125 321; x_wconf 85' lang='lat' dir='ltr'><strong><em>o‘</em></strong></span> <span class='ocrx_word' id='word_1_14' title='bbox 1153 280 1283 329; x_wconf 68' lang='grc' dir='ltr'><strong><em>αυτὸς</em></strong></span> <span class='ocrx_word' id='word_1_15' title='bbox 1312 278 1586 334; x_wconf 83' lang='grc' dir='ltr'><strong><em>Σαυρόματος</em></strong></span> 
     </span>
     <span class='ocr_line' id='line_1_3' title="bbox 128 346 1586 406; baseline -0.004 -16"><span class='ocrx_word' id='word_1_16' title='bbox 128 351 222 392; x_wconf 78' lang='grc' dir='ltr'><strong><em>,καί</em></strong></span> <span class='ocrx_word' id='word_1_17' title='bbox 247 349 284 392; x_wconf 84' lang='grc' dir='ltr'><strong><em>οἱ</em></strong></span> <span class='ocrx_word' id='word_1_18' title='bbox 314 347 394 391; x_wconf 71' lang='grc' dir='ltr'><strong><em>συν</em></strong></span> <span class='ocrx_word' id='word_1_19' title='bbox 422 350 535 406; x_wconf 73' lang='grc' dir='ltr'><strong><em>αὐτῷ</em></strong></span> <span class='ocrx_word' id='word_1_20' title='bbox 563 349 883 404; x_wconf 71' lang='grc' dir='ltr'><strong><em>ὑπολειφθέντες</em></strong></span> <span class='ocrx_word' id='word_1_21' title='bbox 909 350 986 389; x_wconf 80' lang='grc' dir='ltr'><strong><em>τοῦ</em></strong></span> <span class='ocrx_word' id='word_1_22' title='bbox 1000 349 1146 402; x_wconf 81' lang='grc' dir='ltr'><strong><em>μηκέτι</em></strong></span> <span class='ocrx_word' id='word_1_23' title='bbox 1175 347 1333 395; x_wconf 76' lang='grc' dir='ltr'><strong><em>αὐτοὺς</em></strong></span> <span class='ocrx_word' id='word_1_24' title='bbox 1357 346 1484 400; x_wconf 84' lang='grc' dir='ltr'><strong><em>χάριν</em></strong></span> <span class='ocrx_word' id='word_1_25' title='bbox 1511 359 1586 384; x_wconf 87' lang='grc' dir='ltr'><strong><em>πο-</em></strong></span> 
     </span>
     <span class='ocr_line' id='line_1_4' title="bbox 147 410 1585 468; baseline -0.006 -10"><span class='ocrx_word' id='word_1_26' title='bbox 147 417 276 468; x_wconf 82' lang='grc' dir='ltr'><strong><em>λέμου</em></strong></span> <span class='ocrx_word' id='word_1_27' title='bbox 306 412 572 468; x_wconf 67' lang='grc' dir='ltr'><strong><em>ὑπερβαίνειν</em></strong></span> <span class='ocrx_word' id='word_1_28' title='bbox 598 414 674 463; x_wconf 84' lang='grc' dir='ltr'><strong><em>τοὶς</em></strong></span> <span class='ocrx_word' id='word_1_29' title='bbox 688 412 844 466; x_wconf 75' lang='grc' dir='ltr'><strong><em>μεταξύ</em></strong></span> <span class='ocrx_word' id='word_1_30' title='bbox 871 412 1007 454; x_wconf 75' lang='grc' dir='ltr'><strong><em>αὐτῶν</em></strong></span> <span class='ocrx_word' id='word_1_31' title='bbox 1020 415 1211 461; x_wconf 86' lang='grc' dir='ltr'><strong><em>τεθείσας</em></strong></span> <span class='ocrx_word' id='word_1_32' title='bbox 1236 410 1470 466; x_wconf 78' lang='grc' dir='ltr'><strong><em>ὁροθεσίας,</em></strong></span> <span class='ocrx_word' id='word_1_33' title='bbox 1495 411 1585 451; x_wconf 70' lang='grc' dir='ltr'><strong><em>ἀλλ’</em></strong></span> 
     </span>
     <span class='ocr_line' id='line_1_5' title="bbox 147 475 1590 532; baseline -0.004 -10"><span class='ocrx_word' id='word_1_34' title='bbox 147 483 319 522; x_wconf 73' lang='grc' dir='ltr'><strong><em>ἕκαστον</em></strong></span> <span class='ocrx_word' id='word_1_35' title='bbox 358 480 500 522; x_wconf 72' lang='grc' dir='ltr'><strong><em>αὐτῶν</em></strong></span> <span class='ocrx_word' id='word_1_36' title='bbox 539 478 636 528; x_wconf 81' lang='grc' dir='ltr'><strong><em>τούς</em></strong></span> <span class='ocrx_word' id='word_1_37' title='bbox 668 481 800 526; x_wconf 80' lang='grc' dir='ltr'><strong><em>ἰδίους</em></strong></span> <span class='ocrx_word' id='word_1_38' title='bbox 845 476 957 532; x_wconf 79' lang='grc' dir='ltr'><strong><em>ἔχειν</em></strong></span> <span class='ocrx_word' id='word_1_39' title='bbox 984 476 1132 527; x_wconf 81' lang='grc' dir='ltr'><strong><em>τόπους</em></strong></span> <span class='ocrx_word' id='word_1_40' title='bbox 1159 475 1263 530; x_wconf 78' lang='grc' dir='ltr'><strong><em>πρὸς</em></strong></span> <span class='ocrx_word' id='word_1_41' title='bbox 1295 478 1370 527; x_wconf 85' lang='grc' dir='ltr'><strong><em>τάς</em></strong></span> <span class='ocrx_word' id='word_1_42' title='bbox 1397 478 1590 523; x_wconf 87' lang='grc' dir='ltr'><strong><em>τεθείσας</em></strong></span> 
     </span>
     <span class='ocr_line' id='line_1_6' title="bbox 115 542 1590 600; baseline -0.003 -12"><span class='ocrx_word' id='word_1_43' title='bbox 115 543 382 600; x_wconf 83' lang='grc' dir='ltr'><strong><em>5ὅροθεσίας.</em></strong></span> <span class='ocrx_word' id='word_1_44' title='bbox 438 545 510 587; x_wconf 83' lang='grc' dir='ltr'>καί</span> <span class='ocrx_word' id='word_1_45' title='bbox 541 543 671 594; x_wconf 74' lang='grc' dir='ltr'><strong><em>οὕτως</em></strong></span> <span class='ocrx_word' id='word_1_46' title='bbox 702 544 965 598; x_wconf 83' lang='grc' dir='ltr'><strong><em>α’νεχώρησεν</em></strong></span> <span class='ocrx_word' id='word_1_47' title='bbox 991 545 1063 586; x_wconf 76' lang='grc' dir='ltr'><strong><em>ἐπὶ</em></strong></span> <span class='ocrx_word' id='word_1_48' title='bbox 1090 542 1163 599; x_wconf 71' lang='grc' dir='ltr'><strong><em>την</em></strong></span> <span class='ocrx_word' id='word_1_49' title='bbox 1183 543 1405 598; x_wconf 82' lang='grc' dir='ltr'><strong><em>Βόσπορον</em></strong></span> <span class='ocrx_word' id='word_1_50' title='bbox 1434 542 1456 584; x_wconf 82' lang='grc' dir='ltr'>ὅ</span> <span class='ocrx_word' id='word_1_51' title='bbox 1474 543 1590 584; x_wconf 78' lang='grc' dir='ltr'><strong><em>Σαυ-</em></strong></span> 
     </span>
     <span class='ocr_line' id='line_1_7' title="bbox 149 608 1092 667; baseline -0.002 -14"><span class='ocrx_word' id='word_1_52' title='bbox 149 611 330 667; x_wconf 84' lang='grc' dir='ltr'><strong><em>ρὸματος</em></strong></span> <span class='ocrx_word' id='word_1_53' title='bbox 361 609 432 652; x_wconf 81' lang='grc' dir='ltr'>καί</span> <span class='ocrx_word' id='word_1_54' title='bbox 458 609 495 652; x_wconf 86' lang='grc' dir='ltr'><strong><em>οἱ</em></strong></span> <span class='ocrx_word' id='word_1_55' title='bbox 526 614 794 665; x_wconf 83' lang='grc' dir='ltr'><strong><em>Χερσωνῖται</em></strong></span> <span class='ocrx_word' id='word_1_56' title='bbox 823 610 881 659; x_wconf 88' lang='grc' dir='ltr'><strong><em>εἰς</em></strong></span> <span class='ocrx_word' id='word_1_57' title='bbox 909 608 958 652; x_wconf 79' lang='grc' dir='ltr'><strong><em>τοὶ</em></strong></span> <span class='ocrx_word' id='word_1_58' title='bbox 988 609 1092 652; x_wconf 85' lang='grc' dir='ltr'><strong><em>ἴδια.</em></strong></span> 
     </span>
     <span class='ocr_line' id='line_1_8' title="bbox 263 672 1591 731; baseline -0.002 -12"><span class='ocrx_word' id='word_1_59' title='bbox 263 680 356 720; x_wconf 75' lang='grc' dir='ltr'><strong><em>Καὶ</em></strong></span> <span class='ocrx_word' id='word_1_60' title='bbox 393 675 444 731; x_wconf 74' lang='grc' dir='ltr'><em>δὴ</em></span> <span class='ocrx_word' id='word_1_61' title='bbox 482 676 642 718; x_wconf 78' lang='grc' dir='ltr'><strong><em>τούτων</em></strong></span> <span class='ocrx_word' id='word_1_62' title='bbox 687 672 800 717; x_wconf 74' lang='grc' dir='ltr'><strong><em>οὕτω</em></strong></span> <span class='ocrx_word' id='word_1_63' title='bbox 842 677 1072 729; x_wconf 78' lang='grc' dir='ltr'><strong><em>γενομένων</em></strong></span> <span class='ocrx_word' id='word_1_64' title='bbox 1106 675 1232 716; x_wconf 84' lang='grc' dir='ltr'><strong><em>πάλιν</em></strong></span> <span class='ocrx_word' id='word_1_65' title='bbox 1269 672 1372 727; x_wconf 84' lang='grc' dir='ltr'><strong><em>μετά</em></strong></span> <span class='ocrx_word' id='word_1_66' title='bbox 1412 674 1591 730; x_wconf 80' lang='grc' dir='ltr'><strong><em>χρόνους</em></strong></span> 
     </span>
     <span class='ocr_line' id='line_1_9' title="bbox 148 739 1592 798; baseline -0.003 -13"><span class='ocrx_word' id='word_1_67' title='bbox 148 741 266 792; x_wconf 79' lang='grc' dir='ltr'><strong><em>τινάς</em></strong></span> <span class='ocrx_word' id='word_1_68' title='bbox 293 742 430 796; x_wconf 76' lang='grc' dir='ltr'><strong><em>ἕτερος</em></strong></span> <span class='ocrx_word' id='word_1_69' title='bbox 459 739 734 795; x_wconf 80' lang='grc' dir='ltr'><strong><em>Σαυρόματος</em></strong></span> <span class='ocrx_word' id='word_1_70' title='bbox 762 740 942 791; x_wconf 76' lang='grc' dir='ltr'><strong><em>ἀναστὰς</em></strong></span> <span class='ocrx_word' id='word_1_71' title='bbox 983 740 1054 783; x_wconf 86' lang='grc' dir='ltr'><strong><em>καί</em></strong></span> <span class='ocrx_word' id='word_1_72' title='bbox 1089 739 1169 783; x_wconf 74' lang='grc' dir='ltr'><strong><em>σὺν</em></strong></span> <span class='ocrx_word' id='word_1_73' title='bbox 1192 740 1308 798; x_wconf 71' lang='grc' dir='ltr'><strong><em>αὐτῷ</em></strong></span> <span class='ocrx_word' id='word_1_74' title='bbox 1333 742 1492 795; x_wconf 82' lang='grc' dir='ltr'><strong><em>πλῆθος</em></strong></span> <span class='ocrx_word' id='word_1_75' title='bbox 1517 741 1592 782; x_wconf 83' lang='grc' dir='ltr'><strong><em>α’ν-</em></strong></span> 
     </span>
     <span class='ocr_line' id='line_1_10' title="bbox 148 803 1588 863; baseline -0.003 -11"><span class='ocrx_word' id='word_1_76' title='bbox 148 811 259 863; x_wconf 76' lang='grc' dir='ltr'><strong><em>δρῶν</em></strong></span> <span class='ocrx_word' id='word_1_77' title='bbox 302 810 349 851; x_wconf 79' lang='grc' dir='ltr'><strong><em>ἐκ</em></strong></span> <span class='ocrx_word' id='word_1_78' title='bbox 391 810 465 863; x_wconf 85' lang='grc' dir='ltr'><strong><em>τῆς</em></strong></span> <span class='ocrx_word' id='word_1_79' title='bbox 494 805 744 856; x_wconf 81' lang='grc' dir='ltr'><strong><em>Μαιώτιδος</em></strong></span> <span class='ocrx_word' id='word_1_80' title='bbox 783 808 930 862; x_wconf 88' lang='grc' dir='ltr'><strong><em>λίμνης</em></strong></span> <span class='ocrx_word' id='word_1_81' title='bbox 969 807 1229 861; x_wconf 79' lang='grc' dir='ltr'><strong><em>παρετάξατο</em></strong></span> <span class='ocrx_word' id='word_1_82' title='bbox 1262 805 1443 859; x_wconf 80' lang='grc' dir='ltr'><strong><em>πόλεμον</em></strong></span> <span class='ocrx_word' id='word_1_83' title='bbox 1482 803 1588 847; x_wconf 76' lang='grc' dir='ltr'><strong><em>κατὰ</em></strong></span> 
     </span>
     <span class='ocr_line' id='line_1_11' title="bbox 92 868 1591 929; baseline -0.001 -16"><span class='ocrx_word' id='word_1_84' title='bbox 92 876 227 917; x_wconf 61' lang='lat' dir='ltr'><strong><em>lovain</em></strong></span> <span class='ocrx_word' id='word_1_85' title='bbox 266 875 567 929; x_wconf 82' lang='grc' dir='ltr'><strong><em>Χερσωνιτῶν,</em></strong></span> <span class='ocrx_word' id='word_1_86' title='bbox 605 874 678 914; x_wconf 82' lang='grc' dir='ltr'>καί</span> <span class='ocrx_word' id='word_1_87' title='bbox 716 872 943 926; x_wconf 83' lang='grc' dir='ltr'><strong><em>παρελθών</em></strong></span> <span class='ocrx_word' id='word_1_88' title='bbox 982 871 1058 921; x_wconf 77' lang='grc' dir='ltr'><strong><em>τάς</em></strong></span> <span class='ocrx_word' id='word_1_89' title='bbox 1099 874 1194 923; x_wconf 88' lang='grc' dir='ltr'><strong><em>μεθ’</em></strong></span> <span class='ocrx_word' id='word_1_90' title='bbox 1233 868 1361 927; x_wconf 79' lang='grc' dir='ltr'><strong><em>ὅρκου</em></strong></span> <span class='ocrx_word' id='word_1_91' title='bbox 1399 872 1591 920; x_wconf 88' lang='grc' dir='ltr'><strong><em>τεθείσας</em></strong></span> 
     </span>
     <span class='ocr_line' id='line_1_12' title="bbox 146 935 1592 995; baseline -0.005 -14"><span class='ocrx_word' id='word_1_92' title='bbox 146 937 370 994; x_wconf 74' lang='grc' dir='ltr'><strong><em>ὁροθεσίας</em></strong></span> <span class='ocrx_word' id='word_1_93' title='bbox 393 940 438 981; x_wconf 81' lang='grc' dir='ltr'><strong><em>έν</em></strong></span> <span class='ocrx_word' id='word_1_94' title='bbox 462 941 518 995; x_wconf 69' lang='grc' dir='ltr'><strong><em>τῷ</em></strong></span> <span class='ocrx_word' id='word_1_95' title='bbox 550 940 688 994; x_wconf 77' lang='grc' dir='ltr'><strong><em>Καφᾷ</em></strong></span> <span class='ocrx_word' id='word_1_96' title='bbox 714 938 793 979; x_wconf 74' lang='grc' dir='ltr'><strong><em>ὑπὸ</em></strong></span> <span class='ocrx_word' id='word_1_97' title='bbox 824 940 898 980; x_wconf 81' lang='grc' dir='ltr'><strong><em>τοῦ</em></strong></span> <span class='ocrx_word' id='word_1_98' title='bbox 925 936 1091 992; x_wconf 82' lang='grc' dir='ltr'><strong><em>πρώτου</em></strong></span> <span class='ocrx_word' id='word_1_99' title='bbox 1120 939 1340 991; x_wconf 82' lang='grc' dir='ltr'><strong><em>γενομένου</em></strong></span> <span class='ocrx_word' id='word_1_100' title='bbox 1361 935 1592 992; x_wconf 79' lang='grc' dir='ltr'><strong><em>Σαυρομά-</em></strong></span> 
     </span>
     <span class='ocr_line' id='line_1_13' title="bbox 143 1005 1591 1060; baseline -0.002 -13"><span class='ocrx_word' id='word_1_101' title='bbox 143 1020 226 1047; x_wconf 42' lang='grc' dir='ltr'><strong><em>του*</em></strong></span> <span class='ocrx_word' id='word_1_102' title='bbox 245 1006 321 1047; x_wconf 78' lang='grc' dir='ltr'><strong><em>τοῦ</em></strong></span> <span class='ocrx_word' id='word_1_103' title='bbox 344 1006 503 1060; x_wconf 82' lang='grc' dir='ltr'><strong><em>μηδένα</em></strong></span> <span class='ocrx_word' id='word_1_104' title='bbox 536 1006 635 1046; x_wconf 82' lang='grc' dir='ltr'><strong><em>ποτὲ</em></strong></span> <span class='ocrx_word' id='word_1_105' title='bbox 665 1006 933 1058; x_wconf 72' lang='grc' dir='ltr'><strong><em>ἐπιχειρῆσαι</em></strong></span> <span class='ocrx_word' id='word_1_106' title='bbox 962 1006 1044 1046; x_wconf 76' lang='grc' dir='ltr'><strong><em>τῶν</em></strong></span> <span class='ocrx_word' id='word_1_107' title='bbox 1074 1006 1378 1058; x_wconf 77' lang='grc' dir='ltr'><strong><em>Βοσποριανῶν</em></strong></span> <span class='ocrx_word' id='word_1_108' title='bbox 1408 1005 1591 1056; x_wconf 81' lang='grc' dir='ltr'><strong><em>πολέμου</em></strong></span> 
     </span>
     <span class='ocr_line' id='line_1_14' title="bbox 141 1064 1593 1125; baseline -0.001 -15"><span class='ocrx_word' id='word_1_109' title='bbox 141 1068 270 1125; x_wconf 87' lang='grc' dir='ltr'><strong><em>χάριν</em></strong></span> <span class='ocrx_word' id='word_1_110' title='bbox 297 1069 451 1119; x_wconf 81' lang='grc' dir='ltr'><strong><em>ταύτας</em></strong></span> <span class='ocrx_word' id='word_1_111' title='bbox 479 1067 740 1124; x_wconf 73' lang='grc' dir='ltr'><strong><em>ὑπερβῆναι,</em></strong></span> <span class='ocrx_word' id='word_1_112' title='bbox 785 1064 906 1118; x_wconf 77' lang='grc' dir='ltr'><strong><em>οὗτος</em></strong></span> <span class='ocrx_word' id='word_1_113' title='bbox 946 1068 968 1110; x_wconf 84' lang='grc' dir='ltr'>ὅ</span> <span class='ocrx_word' id='word_1_114' title='bbox 1010 1068 1283 1124; x_wconf 83' lang='grc' dir='ltr'><strong><em>Σαυρόματος</em></strong></span> <span class='ocrx_word' id='word_1_115' title='bbox 1323 1068 1505 1123; x_wconf 76' lang='grc' dir='ltr'><strong><em>ὑπερέβη</em></strong></span> <span class='ocrx_word' id='word_1_116' title='bbox 1535 1067 1593 1117; x_wconf 76' lang='grc' dir='ltr'><strong><em>ὥς</em></strong></span> 
     </span>
     <span class='ocr_line' id='line_1_15' title="bbox 145 1131 1592 1192; baseline 0 -17"><span class='ocrx_word' id='word_1_117' title='bbox 145 1131 215 1178; x_wconf 83' lang='grc' dir='ltr'><strong><em>οἶα</em></strong></span> <span class='ocrx_word' id='word_1_118' title='bbox 242 1133 493 1189; x_wconf 82' lang='grc' dir='ltr'><strong><em>βουλόμενος</em></strong></span> <span class='ocrx_word' id='word_1_119' title='bbox 519 1133 593 1190; x_wconf 82' lang='grc' dir='ltr'><strong><em>τὴν</em></strong></span> <span class='ocrx_word' id='word_1_120' title='bbox 633 1134 738 1188; x_wconf 79' lang='grc' dir='ltr'><strong><em>μετὰ</em></strong></span> <span class='ocrx_word' id='word_1_121' title='bbox 769 1138 867 1189; x_wconf 86' lang='grc' dir='ltr'><strong><em>βίας</em></strong></span> <span class='ocrx_word' id='word_1_122' title='bbox 897 1136 1013 1192; x_wconf 68' lang='grc' dir='ltr'><strong><em>αὐτῷ</em></strong></span> <span class='ocrx_word' id='word_1_123' title='bbox 1041 1134 1352 1190; x_wconf 72' lang='grc' dir='ltr'><strong><em>ἀφαιρεθεῖσαν</em></strong></span> <span class='ocrx_word' id='word_1_124' title='bbox 1377 1137 1453 1189; x_wconf 80' lang='grc' dir='ltr'><strong><em>γῆν</em></strong></span> <span class='ocrx_word' id='word_1_125' title='bbox 1480 1136 1592 1177; x_wconf 78' lang='grc' dir='ltr'><strong><em>ἐκδι-</em></strong></span> 
     </span>
     <span class='ocr_line' id='line_1_16' title="bbox 89 1200 1705 1256; baseline -0.004 -12"><span class='ocrx_word' id='word_1_126' title='bbox 89 1209 131 1244; x_wconf 86' lang='grc'><strong><em>15</em></strong></span> <span class='ocrx_word' id='word_1_127' title='bbox 143 1203 270 1256; x_wconf 83' lang='grc' dir='ltr'><strong><em>κῆσαι</em></strong></span> <span class='ocrx_word' id='word_1_128' title='bbox 298 1201 370 1243; x_wconf 79' lang='grc' dir='ltr'><strong><em>καὶ</em></strong></span> <span class='ocrx_word' id='word_1_129' title='bbox 396 1201 635 1254; x_wconf 75' lang='grc' dir='ltr'><strong><em>ἀπολαβεῖν.</em></strong></span> <span class='ocrx_word' id='word_1_130' title='bbox 692 1204 765 1242; x_wconf 82' lang='grc' dir='ltr'><em>καί</em></span> <span class='ocrx_word' id='word_1_131' title='bbox 792 1200 843 1256; x_wconf 72' lang='grc' dir='ltr'><strong><em>δὴ</em></strong></span> <span class='ocrx_word' id='word_1_132' title='bbox 875 1203 920 1242; x_wconf 87' lang='grc' dir='ltr'><strong><em>έν</em></strong></span> <span class='ocrx_word' id='word_1_133' title='bbox 957 1206 1042 1250; x_wconf 81' lang='grc' dir='ltr'><strong><em>τοῖς</em></strong></span> <span class='ocrx_word' id='word_1_134' title='bbox 1069 1200 1164 1242; x_wconf 89' lang='grc' dir='ltr'><strong><em>τότε</em></strong></span> <span class='ocrx_word' id='word_1_135' title='bbox 1193 1206 1354 1253; x_wconf 80' lang='grc' dir='ltr'><strong><em>καιροῖς</em></strong></span> <span class='ocrx_word' id='word_1_136' title='bbox 1384 1202 1705 1256; x_wconf 79' lang='grc' dir='ltr'><strong><em>στεφανη-ΡΙ49</em></strong></span> 
     </span>
     <span class='ocr_line' id='line_1_17' title="bbox 142 1265 1592 1322; baseline 0 -14"><span class='ocrx_word' id='word_1_137' title='bbox 142 1267 369 1322; x_wconf 81' lang='grc' dir='ltr'><strong><em>φοροῦντος</em></strong></span> <span class='ocrx_word' id='word_1_138' title='bbox 407 1265 480 1307; x_wconf 72' lang='grc' dir='ltr'><strong><em>καὶ</em></strong></span> <span class='ocrx_word' id='word_1_139' title='bbox 517 1265 802 1321; x_wconf 82' lang='grc' dir='ltr'><strong><em>πρωτεύοντος</em></strong></span> <span class='ocrx_word' id='word_1_140' title='bbox 845 1269 917 1320; x_wconf 77' lang='grc' dir='ltr'><strong><em>τῆς</em></strong></span> <span class='ocrx_word' id='word_1_141' title='bbox 946 1269 1223 1320; x_wconf 80' lang='grc' dir='ltr'><strong><em>Χερσωνιτῶν</em></strong></span> <span class='ocrx_word' id='word_1_142' title='bbox 1257 1265 1484 1321; x_wconf 78' lang='grc' dir='ltr'><strong><em>Φαρνάκου</em></strong></span> <span class='ocrx_word' id='word_1_143' title='bbox 1514 1266 1592 1308; x_wconf 75' lang='grc' dir='ltr'><strong><em>τοῦ</em></strong></span> 
     </span>
     <span class='ocr_line' id='line_1_18' title="bbox 143 1331 1591 1389; baseline -0.003 -13"><span class='ocrx_word' id='word_1_144' title='bbox 143 1331 367 1388; x_wconf 80' lang='grc' dir='ltr'><strong><em>Φαρνάκου</em></strong></span> <span class='ocrx_word' id='word_1_145' title='bbox 409 1331 784 1388; x_wconf 69' lang='grc' dir='ltr'><strong><em>ἀντιπαρετάξαντο</em></strong></span> <span class='ocrx_word' id='word_1_146' title='bbox 828 1332 903 1374; x_wconf 79' lang='grc' dir='ltr'><em>καί</em></span> <span class='ocrx_word' id='word_1_147' title='bbox 947 1332 984 1375; x_wconf 81' lang='grc' dir='ltr'><strong><em>οἱ</em></strong></span> <span class='ocrx_word' id='word_1_148' title='bbox 1025 1336 1292 1387; x_wconf 83' lang='grc' dir='ltr'><strong><em>Χερσωνῖται</em></strong></span> <span class='ocrx_word' id='word_1_149' title='bbox 1339 1334 1396 1389; x_wconf 77' lang='grc' dir='ltr'><strong><em>τῷ</em></strong></span> <span class='ocrx_word' id='word_1_150' title='bbox 1427 1336 1591 1387; x_wconf 80' lang='grc' dir='ltr'><strong><em>Σαυρο-</em></strong></span> 
     </span>
     <span class='ocr_line' id='line_1_19' title="bbox 139 1396 1590 1456; baseline 0 -18"><span class='ocrx_word' id='word_1_151' title='bbox 139 1396 284 1456; x_wconf 78' lang='grc' dir='ltr'><strong><em>μάτῳ,</em></strong></span> <span class='ocrx_word' id='word_1_152' title='bbox 320 1400 394 1439; x_wconf 84' lang='grc' dir='ltr'>καί</span> <span class='ocrx_word' id='word_1_153' title='bbox 419 1398 728 1452; x_wconf 70' lang='grc' dir='ltr'><strong><em>ἀπαντήσαντες</em></strong></span> <span class='ocrx_word' id='word_1_154' title='bbox 756 1396 951 1454; x_wconf 74' lang='grc' dir='ltr'><strong><em>ἀλλήλοις</em></strong></span> <span class='ocrx_word' id='word_1_155' title='bbox 986 1400 1031 1440; x_wconf 86' lang='grc' dir='ltr'><strong><em>ἐν</em></strong></span> <span class='ocrx_word' id='word_1_156' title='bbox 1061 1404 1148 1447; x_wconf 86' lang='grc' dir='ltr'><strong><em>τοῖς</em></strong></span> <span class='ocrx_word' id='word_1_157' title='bbox 1181 1400 1257 1440; x_wconf 81' lang='grc' dir='ltr'><strong><em>τοῦ</em></strong></span> <span class='ocrx_word' id='word_1_158' title='bbox 1286 1400 1590 1454; x_wconf 85' lang='grc' dir='ltr'><strong><em>προειρημένου</em></strong></span> 
     </span>
     <span class='ocr_line' id='line_1_20' title="bbox 136 1460 1588 1519; baseline 0.001 -14"><span class='ocrx_word' id='word_1_159' title='bbox 136 1465 282 1518; x_wconf 81' lang='grc' dir='ltr'><strong><em>Καφᾶ</em></strong></span> <span class='ocrx_word' id='word_1_160' title='bbox 303 1461 441 1513; x_wconf 86' lang='grc' dir='ltr'><strong><em>τόποις</em></strong></span> <span class='ocrx_word' id='word_1_161' title='bbox 467 1461 647 1518; x_wconf 75' lang='grc' dir='ltr'><strong><em>ἔστησαν</em></strong></span> <span class='ocrx_word' id='word_1_162' title='bbox 675 1461 849 1518; x_wconf 73' lang='grc' dir='ltr'><strong><em>ἑκάτερα</em></strong></span> <span class='ocrx_word' id='word_1_163' title='bbox 881 1462 932 1505; x_wconf 80' lang='grc' dir='ltr'><strong><em>τά</em></strong></span> <span class='ocrx_word' id='word_1_164' title='bbox 962 1465 1071 1519; x_wconf 87' lang='grc' dir='ltr'><strong><em>μέρη</em></strong></span> <span class='ocrx_word' id='word_1_165' title='bbox 1099 1465 1258 1512; x_wconf 78' lang='grc' dir='ltr'><strong><em>ἐντοῖς</em></strong></span> <span class='ocrx_word' id='word_1_166' title='bbox 1287 1460 1436 1519; x_wconf 70' lang='grc' dir='ltr'><strong><em>ὄρεσιν.</em></strong></span> <span class='ocrx_word' id='word_1_167' title='bbox 1492 1463 1515 1505; x_wconf 77' lang='grc' dir='ltr'>ὅ</span> <span class='ocrx_word' id='word_1_168' title='bbox 1541 1466 1588 1507; x_wconf 77' lang='grc' dir='ltr'><strong><em>δὲ</em></strong></span> 
     </span>
     <span class='ocr_line' id='line_1_21' title="bbox 82 1519 1588 1587; baseline -0.001 -17"><span class='ocrx_word' id='word_1_169' title='bbox 82 1519 414 1582; x_wconf 16' lang='grc' dir='ltr'><strong><em>ΞΟἾΣαυρόματος</em></strong></span> <span class='ocrx_word' id='word_1_170' title='bbox 446 1525 504 1570; x_wconf 71' lang='grc' dir='ltr'><strong><em>(ὂν</em></strong></span> <span class='ocrx_word' id='word_1_171' title='bbox 530 1529 659 1583; x_wconf 80' lang='grc' dir='ltr'><strong><em>μέγας</em></strong></span> <span class='ocrx_word' id='word_1_172' title='bbox 685 1529 763 1584; x_wconf 83' lang='grc' dir='ltr'><strong><em>τὴν</em></strong></span> <span class='ocrx_word' id='word_1_173' title='bbox 788 1531 951 1584; x_wconf 77' lang='grc' dir='ltr'><strong><em>ἡλικίαν</em></strong></span> <span class='ocrx_word' id='word_1_174' title='bbox 978 1527 1214 1584; x_wconf 75' lang='grc' dir='ltr'><strong><em>ἐθάρρησεν</em></strong></span> <span class='ocrx_word' id='word_1_175' title='bbox 1230 1525 1366 1587; x_wconf 73' lang='grc' dir='ltr'><strong><em>ἑαυτῷ</em></strong></span> <span class='ocrx_word' id='word_1_176' title='bbox 1392 1532 1465 1572; x_wconf 80' lang='grc' dir='ltr'><em>καί</em></span> <span class='ocrx_word' id='word_1_177' title='bbox 1490 1532 1588 1582; x_wconf 86' lang='grc' dir='ltr'><strong><em>ε’με-</em></strong></span> 
     </span>
     <span class='ocr_line' id='line_1_22' title="bbox 137 1591 1588 1651; baseline 0.001 -16"><span class='ocrx_word' id='word_1_178' title='bbox 137 1591 342 1647; x_wconf 81' lang='grc' dir='ltr'><strong><em>γαλαύχει</em></strong></span> <span class='ocrx_word' id='word_1_179' title='bbox 372 1593 475 1636; x_wconf 84' lang='grc' dir='ltr'><strong><em>κατά</em></strong></span> <span class='ocrx_word' id='word_1_180' title='bbox 507 1597 591 1636; x_wconf 76' lang='grc' dir='ltr'><strong><em>τῶν</em></strong></span> <span class='ocrx_word' id='word_1_181' title='bbox 618 1597 899 1650; x_wconf 80' lang='grc' dir='ltr'><strong><em>Χερσωνιτῶν</em></strong></span> <span class='ocrx_word' id='word_1_182' title='bbox 939 1594 1270 1651; x_wconf 82' lang='grc' dir='ltr'><strong><em>φρυαττόμενος,</em></strong></span> <span class='ocrx_word' id='word_1_183' title='bbox 1296 1597 1470 1650; x_wconf 76' lang='grc' dir='ltr'><strong><em>θαρρῶν</em></strong></span> <span class='ocrx_word' id='word_1_184' title='bbox 1497 1593 1588 1648; x_wconf 74' lang='grc' dir='ltr'><strong><em>ἅμα</em></strong></span> 
     </span>
     <span class='ocr_line' id='line_1_23' title="bbox 137 1654 1588 1718; baseline -0.002 -16"><span class='ocrx_word' id='word_1_185' title='bbox 137 1659 210 1702; x_wconf 82' lang='grc' dir='ltr'><strong><em>καί</em></strong></span> <span class='ocrx_word' id='word_1_186' title='bbox 235 1659 307 1702; x_wconf 75' lang='grc' dir='ltr'><strong><em>ἐπὶ</em></strong></span> <span class='ocrx_word' id='word_1_187' title='bbox 330 1662 395 1716; x_wconf 59' lang='grc' dir='ltr'><strong><em>ιτῷ</em></strong></span> <span class='ocrx_word' id='word_1_188' title='bbox 430 1660 590 1717; x_wconf 74' lang='grc' dir='ltr'><strong><em>ἀπείρῳ</em></strong></span> <span class='ocrx_word' id='word_1_189' title='bbox 619 1658 768 1714; x_wconf 76' lang='grc' dir='ltr'><strong><em>πλήθει</em></strong></span> <span class='ocrx_word' id='word_1_190' title='bbox 796 1663 851 1718; x_wconf 68' lang='grc' dir='ltr'><strong><em>τῷ</em></strong></span> <span class='ocrx_word' id='word_1_191' title='bbox 880 1663 969 1712; x_wconf 84' lang='grc' dir='ltr'><strong><em>μετ’</em></strong></span> <span class='ocrx_word' id='word_1_192' title='bbox 997 1660 1129 1702; x_wconf 79' lang='grc' dir='ltr'><strong><em>αὐτοῦ</em></strong></span> <span class='ocrx_word' id='word_1_193' title='bbox 1158 1654 1271 1702; x_wconf 76' lang='grc' dir='ltr'><strong><em>ι’)’ντι-</em></strong></span> <span class='ocrx_word' id='word_1_194' title='bbox 1341 1660 1362 1701; x_wconf 82' lang='grc' dir='ltr'>ὁ</span> <span class='ocrx_word' id='word_1_195' title='bbox 1393 1663 1441 1703; x_wconf 79' lang='grc' dir='ltr'><strong><em>δὲ</em></strong></span> <span class='ocrx_word' id='word_1_196' title='bbox 1471 1660 1588 1714; x_wconf 77' lang='grc' dir='ltr'><strong><em>Φάρ-</em></strong></span> 
     </span>
     <span class='ocr_line' id='line_1_24' title="bbox 138 1719 1588 1781; baseline 0.001 -15"><span class='ocrx_word' id='word_1_197' title='bbox 138 1724 445 1780; x_wconf 65' lang='grc' dir='ltr'><strong><em>νακος.ιιικρὸς</em></strong></span> <span class='ocrx_word' id='word_1_198' title='bbox 482 1719 533 1778; x_wconf 79' lang='grc' dir='ltr'><strong><em>ἦν</em></strong></span> <span class='ocrx_word' id='word_1_199' title='bbox 560 1728 607 1781; x_wconf 81' lang='grc' dir='ltr'><strong><em>τῇ</em></strong></span> <span class='ocrx_word' id='word_1_200' title='bbox 635 1725 774 1781; x_wconf 73' lang='grc' dir='ltr'><strong><em>ἡλικίᾳ</em></strong></span> <span class='ocrx_word' id='word_1_201' title='bbox 815 1725 918 1767; x_wconf 84' lang='grc' dir='ltr'><strong><em>κατά</em></strong></span> <span class='ocrx_word' id='word_1_202' title='bbox 957 1725 1031 1767; x_wconf 80' lang='grc' dir='ltr'><strong><em>τὸν</em></strong></span> <span class='ocrx_word' id='word_1_203' title='bbox 1063 1724 1358 1780; x_wconf 77' lang='grc' dir='ltr'><strong><em>Σαυρόματον,</em></strong></span> <span class='ocrx_word' id='word_1_204' title='bbox 1386 1727 1459 1768; x_wconf 82' lang='grc' dir='ltr'>καί</span> <span class='ocrx_word' id='word_1_205' title='bbox 1484 1725 1588 1768; x_wconf 76' lang='grc' dir='ltr'><strong><em>ἰδών</em></strong></span> 
     </span>
     <span class='ocr_line' id='line_1_25' title="bbox 138 1789 1588 1848; baseline 0.003 -17"><span class='ocrx_word' id='word_1_206' title='bbox 138 1789 184 1832; x_wconf 81' lang='grc' dir='ltr'><strong><em>τὸ</em></strong></span> <span class='ocrx_word' id='word_1_207' title='bbox 215 1793 375 1848; x_wconf 78' lang='grc' dir='ltr'><strong><em>πλῆθος</em></strong></span> <span class='ocrx_word' id='word_1_208' title='bbox 418 1793 494 1833; x_wconf 81' lang='grc' dir='ltr'><strong><em>τοῦ</em></strong></span> <span class='ocrx_word' id='word_1_209' title='bbox 522 1790 801 1847; x_wconf 76' lang='grc' dir='ltr'><strong><em>Σαυρομάτου</em></strong></span> <span class='ocrx_word' id='word_1_210' title='bbox 845 1793 1050 1846; x_wconf 81' lang='grc' dir='ltr'><strong><em>ἐσκέψατο</em></strong></span> <span class='ocrx_word' id='word_1_211' title='bbox 1078 1791 1184 1845; x_wconf 80' lang='grc' dir='ltr'><strong><em>μετὰ</em></strong></span> <span class='ocrx_word' id='word_1_212' title='bbox 1216 1794 1292 1834; x_wconf 86' lang='grc' dir='ltr'><strong><em>τοῦ</em></strong></span> <span class='ocrx_word' id='word_1_213' title='bbox 1321 1792 1431 1834; x_wconf 84' lang='grc' dir='ltr'><strong><em>ἰδίου</em></strong></span> <span class='ocrx_word' id='word_1_214' title='bbox 1462 1809 1588 1848; x_wconf 76' lang='grc' dir='ltr'><strong><em>στρα-</em></strong></span> 
     </span>
    </p>
   </div>
   <div class='ocr_carea' id='block_1_3' title="bbox 126 1976 1624 2772">
    <p class='ocr_par' dir='ltr' id='par_1_3' title="bbox 134 1976 1624 2207">
     <span class='ocr_line' id='line_1_26' title="bbox 139 1976 1587 2022; baseline 0.001 -12"><span class='ocrx_word' id='word_1_215' title='bbox 139 1980 326 2016; x_wconf 77' lang='lat' dir='ltr'>ramatum,</span> <span class='ocrx_word' id='word_1_216' title='bbox 349 1980 568 2020; x_wconf 83' lang='lat' dir='ltr'>posuerunt,</span> <span class='ocrx_word' id='word_1_217' title='bbox 606 1976 644 2009; x_wconf 88' lang='lat' dir='ltr'><strong><em>in</em></strong></span> <span class='ocrx_word' id='word_1_218' title='bbox 669 1987 740 2022; x_wconf 88' lang='lat' dir='ltr'>quo</span> <span class='ocrx_word' id='word_1_219' title='bbox 766 1976 872 2008; x_wconf 83' lang='lat' dir='ltr'>etiam</span> <span class='ocrx_word' id='word_1_220' title='bbox 904 1976 1155 2016; x_wconf 75' lang='lat' dir='ltr'>Sauromatas,</span> <span class='ocrx_word' id='word_1_221' title='bbox 1193 1981 1229 2010; x_wconf 85' lang='lat' dir='ltr'>et</span> <span class='ocrx_word' id='word_1_222' title='bbox 1258 1977 1319 2021; x_wconf 85' lang='lat' dir='ltr'>qui</span> <span class='ocrx_word' id='word_1_223' title='bbox 1356 1988 1435 2009; x_wconf 87' lang='lat' dir='ltr'>cum</span> <span class='ocrx_word' id='word_1_224' title='bbox 1460 1978 1537 2022; x_wconf 87' lang='lat' dir='ltr'>ipso</span> <span class='ocrx_word' id='word_1_225' title='bbox 1567 1989 1587 2011; x_wconf 80' lang='lat' dir='ltr'>a</span> 
     </span>
     <span class='ocr_line' id='line_1_27' title="bbox 137 2023 1624 2067; baseline 0.001 -11"><span class='ocrx_word' id='word_1_226' title='bbox 137 2023 276 2067; x_wconf 74' lang='lat' dir='ltr'>praelio</span> <span class='ocrx_word' id='word_1_227' title='bbox 301 2023 508 2067; x_wconf 78' lang='lat' dir='ltr'>superstites</span> <span class='ocrx_word' id='word_1_228' title='bbox 535 2029 660 2062; x_wconf 84' lang='lat' dir='ltr'>erant,</span> <span class='ocrx_word' id='word_1_229' title='bbox 686 2034 867 2067; x_wconf 79' lang='lat' dir='ltr'>nunquam</span> <span class='ocrx_word' id='word_1_230' title='bbox 899 2034 935 2055; x_wconf 92' lang='lat' dir='ltr'>se</span> <span class='ocrx_word' id='word_1_231' title='bbox 966 2034 1044 2055; x_wconf 83' lang='lat' dir='ltr'><strong><em>eum</em></strong></span> <span class='ocrx_word' id='word_1_232' title='bbox 1070 2035 1147 2055; x_wconf 87' lang='lat' dir='ltr'>cum</span> <span class='ocrx_word' id='word_1_233' title='bbox 1176 2024 1281 2055; x_wconf 83' lang='lat' dir='ltr'>armis</span> <span class='ocrx_word' id='word_1_234' title='bbox 1310 2029 1586 2067; x_wconf 81' lang='lat' dir='ltr'><strong>transgressuros</strong></span> <span class='ocrx_word' id='word_1_235' title='bbox 1621 2046 1624 2051; x_wconf 87' lang='lat'>·</span> 
     </span>
     <span class='ocr_line' id='line_1_28' title="bbox 139 2069 1585 2115; baseline 0.001 -13"><span class='ocrx_word' id='word_1_236' title='bbox 139 2079 216 2102; x_wconf 85' lang='lat' dir='ltr'>esse</span> <span class='ocrx_word' id='word_1_237' title='bbox 240 2069 412 2107; x_wconf 82' lang='lat' dir='ltr'>iurarunt,</span> <span class='ocrx_word' id='word_1_238' title='bbox 440 2069 503 2102; x_wconf 84' lang='lat' dir='ltr'>sed</span> <span class='ocrx_word' id='word_1_239' title='bbox 527 2070 671 2114; x_wconf 83' lang='lat' dir='ltr'>propria</span> <span class='ocrx_word' id='word_1_240' title='bbox 697 2075 866 2115; x_wconf 83' lang='lat' dir='ltr'>utrosque</span> <span class='ocrx_word' id='word_1_241' title='bbox 895 2070 1143 2114; x_wconf 73' lang='lat' dir='ltr'>assignataque</span> <span class='ocrx_word' id='word_1_242' title='bbox 1171 2069 1239 2102; x_wconf 83' lang='lat' dir='ltr'><strong><em>sibi</em></strong></span> <span class='ocrx_word' id='word_1_243' title='bbox 1264 2070 1459 2103; x_wconf 79' lang='lat' dir='ltr'>secundum</span> <span class='ocrx_word' id='word_1_244' title='bbox 1482 2082 1585 2115; x_wconf 82' lang='lat' dir='ltr'>prae·</span> 
     </span>
     <span class='ocr_line' id='line_1_29' title="bbox 138 2115 1585 2162; baseline 0.001 -13"><span class='ocrx_word' id='word_1_245' title='bbox 138 2116 283 2150; x_wconf 76' lang='lat' dir='ltr'>stitutus</span> <span class='ocrx_word' id='word_1_246' title='bbox 308 2116 476 2148; x_wconf 83' lang='lat' dir='ltr'>terminos</span> <span class='ocrx_word' id='word_1_247' title='bbox 502 2116 581 2149; x_wconf 82' lang='lat' dir='ltr'>luca</span> <span class='ocrx_word' id='word_1_248' title='bbox 608 2115 834 2149; x_wconf 76' lang='lat' dir='ltr'>habitaturos</span> <span class='ocrx_word' id='word_1_249' title='bbox 871 2127 959 2148; x_wconf 87' lang='lat' dir='ltr'>esse.</span> <span class='ocrx_word' id='word_1_250' title='bbox 1021 2122 1131 2161; x_wconf 83' lang='lat' dir='ltr'>atque</span> <span class='ocrx_word' id='word_1_251' title='bbox 1155 2116 1205 2149; x_wconf 79' lang='lat' dir='ltr'><strong><em>ita</em></strong></span> <span class='ocrx_word' id='word_1_252' title='bbox 1232 2117 1428 2162; x_wconf 84' lang='lat' dir='ltr'><strong>Bosporum</strong></span> <span class='ocrx_word' id='word_1_253' title='bbox 1453 2117 1585 2152; x_wconf 80' lang='lat' dir='ltr'>sauro-</span> 
     </span>
     <span class='ocr_line' id='line_1_30' title="bbox 134 2161 1060 2207; baseline 0 -11"><span class='ocrx_word' id='word_1_254' title='bbox 134 2167 262 2202; x_wconf 79' lang='lat' dir='ltr'>matus,</span> <span class='ocrx_word' id='word_1_255' title='bbox 289 2161 522 2195; x_wconf 74' lang='lat' dir='ltr'>Chersonitae</span> <span class='ocrx_word' id='word_1_256' title='bbox 548 2167 676 2195; x_wconf 82' lang='lat' dir='ltr'>terram</span> <span class='ocrx_word' id='word_1_257' title='bbox 701 2174 798 2195; x_wconf 80' lang='lat' dir='ltr'>suam</span> <span class='ocrx_word' id='word_1_258' title='bbox 827 2163 1060 2207; x_wconf 82' lang='lat' dir='ltr'>repetierunt.</span> 
     </span>
    </p>

    <p class='ocr_par' dir='ltr' id='par_1_4' title="bbox 126 2209 1586 2772">
     <span class='ocr_line' id='line_1_31' title="bbox 226 2209 1583 2254; baseline 0.003 -14"><span class='ocrx_word' id='word_1_259' title='bbox 226 2209 363 2254; x_wconf 78' lang='lat' dir='ltr'>Hisque</span> <span class='ocrx_word' id='word_1_260' title='bbox 388 2210 437 2242; x_wconf 82' lang='lat' dir='ltr'><strong><em>ita</em></strong></span> <span class='ocrx_word' id='word_1_261' title='bbox 463 2209 582 2252; x_wconf 86' lang='lat' dir='ltr'>gestis,</span> <span class='ocrx_word' id='word_1_262' title='bbox 606 2221 725 2242; x_wconf 87' lang='lat' dir='ltr'>rursus</span> <span class='ocrx_word' id='word_1_263' title='bbox 753 2215 834 2254; x_wconf 89' lang='lat' dir='ltr'>post</span> <span class='ocrx_word' id='word_1_264' title='bbox 861 2210 1001 2254; x_wconf 79' lang='lat' dir='ltr'>aliquot</span> <span class='ocrx_word' id='word_1_265' title='bbox 1020 2220 1132 2242; x_wconf 84' lang='lat' dir='ltr'>annos</span> <span class='ocrx_word' id='word_1_266' title='bbox 1150 2209 1242 2249; x_wconf 72' lang='lat' dir='ltr'>alius</span> <span class='ocrx_word' id='word_1_267' title='bbox 1260 2209 1486 2244; x_wconf 79' lang='lat' dir='ltr'>Sauromatas</span> <span class='ocrx_word' id='word_1_268' title='bbox 1505 2222 1583 2244; x_wconf 90' lang='lat' dir='ltr'>cum</span> 
     </span>
     <span class='ocr_line' id='line_1_32' title="bbox 134 2254 1584 2301; baseline 0.003 -14"><span class='ocrx_word' id='word_1_269' title='bbox 134 2254 292 2288; x_wconf 83' lang='lat' dir='ltr'>militum</span> <span class='ocrx_word' id='word_1_270' title='bbox 319 2267 424 2289; x_wconf 87' lang='lat' dir='ltr'>manu</span> <span class='ocrx_word' id='word_1_271' title='bbox 450 2255 495 2288; x_wconf 86' lang='lat' dir='ltr'><strong><em>ad</em></strong></span> <span class='ocrx_word' id='word_1_272' title='bbox 521 2255 738 2289; x_wconf 78' lang='lat' dir='ltr'>Maeotidein</span> <span class='ocrx_word' id='word_1_273' title='bbox 766 2256 935 2301; x_wconf 82' lang='lat' dir='ltr'><strong>paludem</strong></span> <span class='ocrx_word' id='word_1_274' title='bbox 961 2256 1112 2289; x_wconf 82' lang='lat' dir='ltr'>collecta</span> <span class='ocrx_word' id='word_1_275' title='bbox 1132 2268 1278 2300; x_wconf 82' lang='lat' dir='ltr'>surgens</span> <span class='ocrx_word' id='word_1_276' title='bbox 1303 2257 1440 2290; x_wconf 85' lang='lat' dir='ltr'>bellum</span> <span class='ocrx_word' id='word_1_277' title='bbox 1461 2263 1584 2291; x_wconf 82' lang='lat' dir='ltr'>contra</span> 
     </span>
     <span class='ocr_line' id='line_1_33' title="bbox 135 2300 1584 2350; baseline 0.003 -17"><span class='ocrx_word' id='word_1_278' title='bbox 135 2300 363 2335; x_wconf 69' lang='lat' dir='ltr'>Chen-sonitus</span> <span class='ocrx_word' id='word_1_279' title='bbox 403 2302 563 2347; x_wconf 82' lang='lat' dir='ltr'>incepit,</span> <span class='ocrx_word' id='word_1_280' title='bbox 606 2303 810 2348; x_wconf 79' lang='lat' dir='ltr'>limitesque.</span> <span class='ocrx_word' id='word_1_281' title='bbox 849 2314 927 2335; x_wconf 88' lang='lat' dir='ltr'>cum</span> <span class='ocrx_word' id='word_1_282' title='bbox 961 2303 1192 2335; x_wconf 81' lang='lat' dir='ltr'>iureiurando</span> <span class='ocrx_word' id='word_1_283' title='bbox 1218 2304 1254 2336; x_wconf 88' lang='lat' dir='ltr'>iu</span> <span class='ocrx_word' id='word_1_284' title='bbox 1279 2303 1401 2348; x_wconf 78' lang='lat' dir='ltr'>Caph-‘1</span> <span class='ocrx_word' id='word_1_285' title='bbox 1426 2315 1446 2336; x_wconf 85' lang='lat' dir='ltr'>a</span> <span class='ocrx_word' id='word_1_286' title='bbox 1469 2305 1584 2350; x_wconf 84' lang='lat' dir='ltr'>primo</span> 
     </span>
     <span class='ocr_line' id='line_1_34' title="bbox 134 2347 1586 2396; baseline 0.003 -17"><span class='ocrx_word' id='word_1_287' title='bbox 134 2347 341 2380; x_wconf 78' lang='lat' dir='ltr'>Sauromato</span> <span class='ocrx_word' id='word_1_288' title='bbox 368 2350 517 2392; x_wconf 86' lang='lat' dir='ltr'>positos,</span> <span class='ocrx_word' id='word_1_289' title='bbox 542 2354 582 2382; x_wconf 86' lang='lat' dir='ltr'>ut</span> <span class='ocrx_word' id='word_1_290' title='bbox 608 2360 713 2382; x_wconf 89' lang='lat' dir='ltr'>nemo</span> <span class='ocrx_word' id='word_1_291' title='bbox 739 2349 827 2382; x_wconf 81' lang='lat' dir='ltr'>belli</span> <span class='ocrx_word' id='word_1_292' title='bbox 855 2355 976 2383; x_wconf 78' lang='lat' dir='ltr'>contra</span> <span class='ocrx_word' id='word_1_293' title='bbox 993 2350 1219 2383; x_wconf 63' lang='lat' dir='ltr'>Chen-sonitus</span> <span class='ocrx_word' id='word_1_294' title='bbox 1239 2351 1352 2394; x_wconf 79' lang='lat' dir='ltr'>gratia</span> <span class='ocrx_word' id='word_1_295' title='bbox 1374 2351 1458 2384; x_wconf 85' lang='lat' dir='ltr'>illos</span> <span class='ocrx_word' id='word_1_296' title='bbox 1478 2362 1586 2396; x_wconf 82' lang='lat' dir='ltr'>prae-</span> 
     </span>
     <span class='ocr_line' id='line_1_35' title="bbox 132 2393 1582 2441; baseline 0.003 -14"><span class='ocrx_word' id='word_1_297' title='bbox 132 2393 405 2438; x_wconf 79' lang='lat' dir='ltr'>tergrederetur,</span> <span class='ocrx_word' id='word_1_298' title='bbox 426 2401 659 2440; x_wconf 79' lang='lat' dir='ltr'>transgressus</span> <span class='ocrx_word' id='word_1_299' title='bbox 675 2401 729 2429; x_wconf 88' lang='lat' dir='ltr'>est</span> <span class='ocrx_word' id='word_1_300' title='bbox 748 2402 918 2441; x_wconf 79' lang='lat' dir='ltr'>tanquam</span> <span class='ocrx_word' id='word_1_301' title='bbox 936 2397 1089 2429; x_wconf 77' lang='lat' dir='ltr'>ablatam</span> <span class='ocrx_word' id='word_1_302' title='bbox 1109 2397 1174 2428; x_wconf 88' lang='lat' dir='ltr'>sibi</span> <span class='ocrx_word' id='word_1_303' title='bbox 1197 2408 1260 2441; x_wconf 86' lang='lat' dir='ltr'>per</span> <span class='ocrx_word' id='word_1_304' title='bbox 1274 2397 1342 2430; x_wconf 84' lang='lat' dir='ltr'><strong><em>vim</em></strong></span> <span class='ocrx_word' id='word_1_305' title='bbox 1358 2402 1484 2430; x_wconf 85' lang='lat' dir='ltr'>terram</span> <span class='ocrx_word' id='word_1_306' title='bbox 1500 2400 1582 2431; x_wconf 81' lang='lat' dir='ltr'>vin-</span> 
     </span>
     <span class='ocr_line' id='line_1_36' title="bbox 131 2439 1581 2488; baseline 0.004 -16"><span class='ocrx_word' id='word_1_307' title='bbox 131 2439 311 2473; x_wconf 77' lang='lat' dir='ltr'>dicaturus</span> <span class='ocrx_word' id='word_1_308' title='bbox 338 2448 626 2487; x_wconf 78' lang='lat' dir='ltr'>recepturusque.</span> <span class='ocrx_word' id='word_1_309' title='bbox 676 2442 861 2476; x_wconf 81' lang='lat' dir='ltr'>habehant</span> <span class='ocrx_word' id='word_1_310' title='bbox 884 2449 1002 2476; x_wconf 83' lang='lat' dir='ltr'>autem</span> <span class='ocrx_word' id='word_1_311' title='bbox 1027 2444 1225 2488; x_wconf 84' lang='lat' dir='ltr'>principem</span> <span class='ocrx_word' id='word_1_312' title='bbox 1262 2455 1302 2476; x_wconf 80' lang='lat' dir='ltr'><strong><em>ac</em></strong></span> <span class='ocrx_word' id='word_1_313' title='bbox 1328 2450 1581 2488; x_wconf 81' lang='lat' dir='ltr'>proteuontem</span> 
     </span>
     <span class='ocr_line' id='line_1_37' title="bbox 129 2487 1582 2537; baseline 0.003 -17"><span class='ocrx_word' id='word_1_314' title='bbox 129 2492 216 2520; x_wconf 81' lang='lat' dir='ltr'>tunc</span> <span class='ocrx_word' id='word_1_315' title='bbox 229 2487 398 2532; x_wconf 85' lang='lat' dir='ltr'>temporis</span> <span class='ocrx_word' id='word_1_316' title='bbox 415 2488 645 2522; x_wconf 79' lang='lat' dir='ltr'>Chersonitae</span> <span class='ocrx_word' id='word_1_317' title='bbox 661 2490 877 2522; x_wconf 82' lang='lat' dir='ltr'>Pharnacum</span> <span class='ocrx_word' id='word_1_318' title='bbox 892 2490 1061 2522; x_wconf 79' lang='lat' dir='ltr'>Pharnaci</span> <span class='ocrx_word' id='word_1_319' title='bbox 1080 2490 1203 2522; x_wconf 75' lang='lat' dir='ltr'>filium.</span> <span class='ocrx_word' id='word_1_320' title='bbox 1231 2490 1336 2523; x_wconf 85' lang='lat' dir='ltr'>armis</span> <span class='ocrx_word' id='word_1_321' title='bbox 1353 2497 1390 2524; x_wconf 88' lang='lat' dir='ltr'>et</span> <span class='ocrx_word' id='word_1_322' title='bbox 1407 2492 1474 2537; x_wconf 89' lang='lat' dir='ltr'>ipsi</span> <span class='ocrx_word' id='word_1_323' title='bbox 1493 2503 1582 2524; x_wconf 88' lang='lat' dir='ltr'>con-</span> 
     </span>
     <span class='ocr_line' id='line_1_38' title="bbox 129 2535 1581 2583; baseline 0.003 -17"><span class='ocrx_word' id='word_1_324' title='bbox 129 2539 184 2566; x_wconf 82' lang='lat' dir='ltr'><strong><em>tra</em></strong></span> <span class='ocrx_word' id='word_1_325' title='bbox 199 2535 443 2567; x_wconf 78' lang='lat' dir='ltr'>Sauromatum</span> <span class='ocrx_word' id='word_1_326' title='bbox 460 2536 620 2579; x_wconf 84' lang='lat' dir='ltr'>sumptis,</span> <span class='ocrx_word' id='word_1_327' title='bbox 638 2542 674 2569; x_wconf 89' lang='lat' dir='ltr'>et</span> <span class='ocrx_word' id='word_1_328' title='bbox 696 2536 836 2569; x_wconf 82' lang='lat' dir='ltr'>obviam</span> <span class='ocrx_word' id='word_1_329' title='bbox 860 2537 928 2568; x_wconf 87' lang='lat' dir='ltr'>sibi</span> <span class='ocrx_word' id='word_1_330' title='bbox 950 2542 1073 2569; x_wconf 83' lang='lat' dir='ltr'>mutuo</span> <span class='ocrx_word' id='word_1_331' title='bbox 1094 2537 1178 2570; x_wconf 79' lang='lat' dir='ltr'>facti</span> <span class='ocrx_word' id='word_1_332' title='bbox 1195 2537 1232 2570; x_wconf 87' lang='lat' dir='ltr'><strong><em>in</em></strong></span> <span class='ocrx_word' id='word_1_333' title='bbox 1252 2537 1443 2582; x_wconf 84' lang='lat' dir='ltr'>praedictis</span> <span class='ocrx_word' id='word_1_334' title='bbox 1461 2538 1581 2583; x_wconf 79' lang='lat' dir='ltr'>capha</span> 
     </span>
     <span class='ocr_line' id='line_1_39' title="bbox 128 2580 1582 2630; baseline 0.004 -18"><span class='ocrx_word' id='word_1_335' title='bbox 128 2580 228 2620; x_wconf 86' lang='lat' dir='ltr'>locis,</span> <span class='ocrx_word' id='word_1_336' title='bbox 254 2581 291 2612; x_wconf 86' lang='lat' dir='ltr'>iu</span> <span class='ocrx_word' id='word_1_337' title='bbox 311 2582 492 2614; x_wconf 86' lang='lat' dir='ltr'>montibus</span> <span class='ocrx_word' id='word_1_338' title='bbox 515 2583 657 2627; x_wconf 85' lang='lat' dir='ltr'>utrique</span> <span class='ocrx_word' id='word_1_339' title='bbox 678 2584 928 2616; x_wconf 81' lang='lat' dir='ltr'>constiterunt.</span> <span class='ocrx_word' id='word_1_340' title='bbox 976 2584 1206 2617; x_wconf 73' lang='lat' dir='ltr'>Sauromatas</span> <span class='ocrx_word' id='word_1_341' title='bbox 1231 2594 1314 2617; x_wconf 86' lang='lat' dir='ltr'>vero</span> <span class='ocrx_word' id='word_1_342' title='bbox 1350 2590 1388 2618; x_wconf 82' lang='lat' dir='ltr'>et</span> <span class='ocrx_word' id='word_1_343' title='bbox 1420 2587 1582 2630; x_wconf 85' lang='lat' dir='ltr'>corporis</span> 
     </span>
     <span class='ocr_line' id='line_1_40' title="bbox 126 2627 1583 2670; baseline 0.004 -11"><span class='ocrx_word' id='word_1_344' title='bbox 126 2627 373 2670; x_wconf 82' lang='lat' dir='ltr'>magnitudine</span> <span class='ocrx_word' id='word_1_345' title='bbox 398 2633 434 2661; x_wconf 83' lang='lat' dir='ltr'>et</span> <span class='ocrx_word' id='word_1_346' title='bbox 457 2628 613 2661; x_wconf 78' lang='lat' dir='ltr'>militum</span> <span class='ocrx_word' id='word_1_347' title='bbox 627 2630 862 2662; x_wconf 84' lang='lat' dir='ltr'>multitudine</span> <span class='ocrx_word' id='word_1_348' title='bbox 883 2631 994 2663; x_wconf 85' lang='lat' dir='ltr'>fretus</span> <span class='ocrx_word' id='word_1_349' title='bbox 1012 2630 1209 2663; x_wconf 82' lang='lat' dir='ltr'>insolenter</span> <span class='ocrx_word' id='word_1_350' title='bbox 1222 2630 1442 2665; x_wconf 85' lang='lat' dir='ltr'>Chersonitis</span> <span class='ocrx_word' id='word_1_351' title='bbox 1467 2633 1583 2665; x_wconf 83' lang='lat' dir='ltr'>insul-</span> 
     </span>
     <span class='ocr_line' id='line_1_41' title="bbox 126 2673 1582 2724; baseline 0.005 -19"><span class='ocrx_word' id='word_1_352' title='bbox 126 2673 245 2707; x_wconf 81' lang='lat' dir='ltr'>tabat:</span> <span class='ocrx_word' id='word_1_353' title='bbox 266 2679 303 2708; x_wconf 82' lang='lat' dir='ltr'><strong><em>at</em></strong></span> <span class='ocrx_word' id='word_1_354' title='bbox 315 2674 513 2708; x_wconf 84' lang='lat' dir='ltr'>Pharnacus</span> <span class='ocrx_word' id='word_1_355' title='bbox 530 2680 664 2709; x_wconf 80' lang='lat' dir='ltr'>statura</span> <span class='ocrx_word' id='word_1_356' title='bbox 685 2677 832 2719; x_wconf 77' lang='lat' dir='ltr'>exiguus</span> <span class='ocrx_word' id='word_1_357' title='bbox 849 2687 932 2721; x_wconf 86' lang='lat' dir='ltr'>prae</span> <span class='ocrx_word' id='word_1_358' title='bbox 948 2677 1169 2716; x_wconf 72' lang='lat' dir='ltr'>Samonium,</span> <span class='ocrx_word' id='word_1_359' title='bbox 1191 2678 1342 2723; x_wconf 84' lang='lat' dir='ltr'>eiusque</span> <span class='ocrx_word' id='word_1_360' title='bbox 1356 2679 1475 2724; x_wconf 87' lang='lat' dir='ltr'>copias</span> <span class='ocrx_word' id='word_1_361' title='bbox 1492 2691 1582 2712; x_wconf 84' lang='lat' dir='ltr'>con-</span> 
     </span>
     <span class='ocr_line' id='line_1_42' title="bbox 127 2719 1580 2772; baseline 0.004 -19"><span class='ocrx_word' id='word_1_362' title='bbox 127 2719 298 2763; x_wconf 77' lang='lat' dir='ltr'>siderans,</span> <span class='ocrx_word' id='word_1_363' title='bbox 328 2722 479 2755; x_wconf 81' lang='lat' dir='ltr'>consilio</span> <span class='ocrx_word' id='word_1_364' title='bbox 502 2733 582 2756; x_wconf 84' lang='lat' dir='ltr'>cum</span> <span class='ocrx_word' id='word_1_365' title='bbox 608 2723 680 2757; x_wconf 86' lang='lat' dir='ltr'>suis</span> <span class='ocrx_word' id='word_1_366' title='bbox 706 2723 798 2758; x_wconf 86' lang='lat' dir='ltr'>inito</span> <span class='ocrx_word' id='word_1_367' title='bbox 825 2724 962 2765; x_wconf 83' lang='lat' dir='ltr'>statuit,</span> <span class='ocrx_word' id='word_1_368' title='bbox 987 2735 1031 2758; x_wconf 91' lang='lat' dir='ltr'>ne</span> <span class='ocrx_word' id='word_1_369' title='bbox 1056 2725 1198 2765; x_wconf 81' lang='lat' dir='ltr'>infinita</span> <span class='ocrx_word' id='word_1_370' title='bbox 1221 2725 1419 2760; x_wconf 83' lang='lat' dir='ltr'>multitudo</span> <span class='ocrx_word' id='word_1_371' title='bbox 1434 2726 1580 2772; x_wconf 87' lang='lat' dir='ltr'>periret,</span> 
     </span>
    </p>
   </div>
  </div>
 </body>
</html>
