1780 3132
287 142 379 188 370
611 147 865 188 BANDURn
903 145 1391 188 ANIMADVERSIONES

286 251 428 303 quippe
455 263 533 291 non
564 262 614 290 ex
655 252 792 302 parvis
827 251 936 292 fluvii
976 250 1175 290 conchulis
1213 252 1304 292 calx
1343 251 1576 292 concinnata
1602 252 1686 302 fuit,

287 306 357 344 sed
385 317 436 345 ex
476 306 618 356 glarea
653 316 723 343 seu
759 305 922 344 calculis
959 305 1148 356 fluminis,
1178 309 1221 344 ιιι
1265 306 1402 344 scribit
1439 307 1687 346 continuator

285 358 538 410 Theophanis
563 361 590 397 :3
617 361 682 397 28.

391 426 482 470 178,
511 424 575 460 24.
632 420 851 470 πρωτεύων
879 422 990 462 varie
1018 420 1202 473 usurpari
1230 423 1332 461 solet
1365 433 1390 461 a
1417 422 1685 474 scriptor-ihm,

279 479 323 516 ιιι
349 476 484 515 videre
510 480 569 514 est
595 475 637 514 in
665 476 730 516 Gl.
762 476 832 516 Gr.
847 476 1054 528 Ducangii.
1110 476 1179 514 sed
1205 488 1305 527 quae
1333 476 1468 515 scribit
1492 476 1558 514 ¹hic
1584 478 1684 516 Por·

280 530 579 582 phyrogenitus,
607 529 898 569 Chersonenses
917 530 1079 581 primum
1098 542 1124 569 a
1149 529 1443 580 proteuontibns
1468 541 1520 568 ex
1548 531 1683 570 eadem

278 588 397 635 gente
421 583 582 622 delectis
610 583 851 634 gubernatos
895 585 1027 633 fuisse,
1054 584 1172 635 idque
1199 585 1344 622 factum
1375 584 1427 622 ad
1458 595 1580 634 nsque
1609 584 1682 623 im-

280 637 429 688 perium
469 637 702 689 Theophili,
742 638 1020 677 confirmantur
1061 650 1112 678 ex
1161 637 1433 676 continuatore
1475 637 1683 688 Theopha-

275 691 338 730 nis
363 694 391 730 3
421 693 485 731 28.

620 742 652 776 θ’

380 794 472 840 179,
493 791 532 830 5.
565 784 587 827 ὃ
616 804 643 827 α
669 783 856 838 τιμήσας]
887 801 938 829 ex
974 789 1047 828 hoc
1075 788 1408 841 Porphyrogeniti
1431 789 1520 828 loco
1549 789 1682 851 palam

275 848 335 884 est
364 845 455 896 quid
484 843 603 884 litera
630 857 657 880 α
686 855 774 882 cum
797 843 830 879 θ
848 843 1113 894 superscripto
1133 843 1351 895 significet3
1387 842 1530 895 quippe
1557 843 1682 882 conti-

272 903 417 938 nuator
434 897 686 959 Theophanis
726 898 753 937 l
782 897 810 937 1.
854 897 1016 936 eandem
1052 908 1135 935 rem
1175 908 1368 936 enarrans
1415 896 1472 935 sic
1499 896 1681 957 „scribit-

271 950 290 989 ὃ
326 948 520 1000 βασιλεὺς
551 947 768 1012 Θεόφιλος,
805 946 877 988 τὸν
914 948 1123 1010 ειρημένον
1152 946 1378 1014 Πειρωνᾶν
1408 946 1464 994 ὥς
1491 945 1682 998 ἔμπειρον

269 1018 411 1053 κρίνας
438 1005 517 1042 τῶν
546 1000 682 1042 ’τόπων
723 999 1092 1055 πρωϊοσπαθαριόν
1127 1014 1170 1040 τε
1207 1002 1394 1054 ἑῒὶμησὸν
1418 1014 1487 1040 καί
1513 1015 1682 1054 meatq-

266 1056 338 1109 γόν
367 1059 652 1106 ἐξαπέστειλεν.

378 1121 484 1164 Ιὺὶιί.
517 1127 582 1162 20.
646 1121 726 1159 τῶν
762 1117 792 1158 λ’
822 1119 975 1170 μεοῶν]
1010 1120 1190 1160 nimirum
1228 1121 1404 1173 triyinta
1433 1122 1585 1173 partes
1610 1131 1680 1160 seu

271 1178 484 1233 regiones,
510 1177 605 1217 alibi
633 1176 774 1230 quippe
805 1172 855 1212 τὰ
888 1173 1064 1224 κλιματα
1091 1174 1279 1226 appellat.

378 1245 470 1293 183,
497 1245 563 1281 21.
618 1240 658 1279 Γ
658 1237 860 1292 ρηγοριος]
889 1239 954 1279 hic
985 1239 1086 1279 idem
1108 1239 1328 1290 Gregorius
1355 1239 1475 1290 paulo
1501 1238 1681 1290 superius

269 1300 308 1335 et
338 1296 446 1335 infra
473 1295 711 1335 Cricoricius
754 1294 990 1356 appellatur.
1059 1293 1150 1332 vide
1177 1305 1277 1355 quae
1317 1293 1366 1332 de
1397 1292 1679 1332 Taronitarum

269 1354 387 1402 gente
416 1350 554 1390 scribit
580 1349 810 1401 Ducangius
837 1348 878 1387 in
903 1347 1079 1387 Familiis
1109 1346 1342 1395 Β)Ζιιιιιίιιί5
1369 1359 1407 1398 p.
1425 1350 1516 1386 172.

380 1418 472 1463 184,
501 1418 539 1454 7.
595 1409 859 1463 ὲρμηνευτοῦ]
896 1413 1000 1463 apud
1039 1411 1249 1451 Eusebium
1292 1411 1340 1450 de
1368 1411 1461 1451 Vita
1486 1410 1681 1451 Constan-

270 1469 342 1509 tini
371 1472 397 1508 4
423 1473 477 1509 32
511 1466 846 1518 μεθερμηνευται
881 1468 1139 1518 interpretes
1176 1467 1390 1505 variarum
1416 1467 1598 1517 yentium
1626 1476 1682 1505 ac

270 1523 505 1576 linyuarum
534 1522 734 1571 dicuntur,
763 1533 811 1560 ac
850 1521 921 1560 sub
951 1520 1208 1583 dispositione
1253 1519 1436 1571 magistri
1464 1518 1681 1558 officiorum

274 1578 367 1617 olim
397 1581 522 1625 erant,
550 1579 594 1614 ιιι
622 1576 736 1614 docet
762 1575 914 1614 Notitia
948 1574 1100 1625 imperii
1125 1574 1303 1614 Romani.
1361 1572 1525 1612 Graecis
1551 1577 1682 1612 autem

270 1631 555 1671 recentioribus
585 1624 846 1678 δοαγωμανοι
882 1626 1132 1692 ὄραγόμανοι
1161 1632 1199 1667 et
1241 1621 1518 1676 ὃραγοὺμανοι
1549 1627 1682 1666 dicun-

268 1691 360 1734 tur,
396 1679 711 1746 διερμηνευται
721 1682 896 1722 Codino:
934 1678 955 1718 ὅ
994 1681 1147 1744 μέγας,
1195 1681 1340 1741 inquit,
1392 1676 1684 1730 διερμηνευτής

270 1735 430 1788 ποῶτός
472 1734 560 1775 ἐστι
587 1734 667 1774 τῶν
695 1730 925 1787 ἓομηνέων,
969 1746 1042 1779 ους
1080 1734 1222 1779 κοιιῶς
1260 1711 1504 1783 ὄιομάζουσι
1537 1732 1684 1784 δραγο-

270 1791 431 1841 μένους.

382 1855 488 1898 Ibid.
508 1860 547 1896 9.
579 1849 599 1892 ὅ
617 1867 688 1892 του
674 1852 850 1902 ’Λιβὸς]
867 1852 992 1894 Libis
1008 1851 1124 1904 filins
1147 1854 1210 1892 vel
1226 1851 1352 1894 Liln‘s
1372 1854 1685 1915 coquominatus

277 1925 301 1949 v
305 1913 341 1951 el
363 1914 432 1965 qui
446 1909 571 1951 Libis
588 1911 886 1948 monasterium
901 1908 1110 1947 condidit:
1126 1909 1268 1959 quippe
1284 1908 1559 1946 monasterium
1574 1908 1684 1947 Libis

274 1971 538 2017 nuncupatum
559 1963 841 2015 imperantibus
853 1964 1029 2001 Romano
1059 1963 1215 2000 seniore
1242 1966 1280 2000 et
1307 1962 1567 2000 Constantino
1585 1962 1684 2002 Por-

274 2019 542 2072 phyrogenito
587 2017 833 2056 aedificatum
877 2017 950 2055 fuit
994 2028 1020 2054 a
1059 2016 1156 2054 Libe
1191 2015 1356 2067 patricio
1394 2019 1434 2054 et
1467 2016 1685 2068 drungario

278 2074 442 2123 classis,
470 2077 513 2111 ut
539 2071 676 2112 scribit
703 2070 844 2133 Anony
848 2083 932 2109 mus
959 2074 1094 2108 noster
1121 2070 1170 2108 de
1200 2069 1331 2121 Antiq.
1362 2068 1426 2109 ΟΡ
1451 2081 1490 2121 p.
1519 2071 1585 2109 52.
1642 2073 1686 2109 ιιι

277 2129 358 2167 Leo
397 2126 698 2179 grammaticus,
732 2125 799 2175 qui
841 2125 945 2163 hunc
985 2124 1119 2162 Libem
1159 2123 1457 2163 Constantinum
1497 2123 1687 2175 appellat,

278 2183 409 2221 Leone
428 2180 662 2232 philosopho
680 2178 898 2231 imperante
916 2177 1194 2217 monasterium
1214 2178 1323 2216 Libis
1342 2177 1538 2216 conditum
1563 2177 1687 2216 fuisse

277 2237 348 2275 ait·
408 2235 605 2284 Scylitzes
646 2237 686 2271 et
723 2227 866 2282 A'nouy
868 2245 952 2271 mus
991 2231 1296 2271 Combefisianus
1334 2244 1372 2271 n.
1400 2233 1454 2270 25
1492 2231 1533 2271 ἰιΙ
1558 2231 1688 2282 ipsum

278 2294 466 2339 narrant,
511 2289 704 2339 situmque
740 2286 814 2325 hoc
842 2286 1119 2325 monasterium
1157 2286 1337 2337 proxime
1364 2285 1440 2325 SS.
1470 2285 1685 2336 Apostolos

277 2344 401 2383 aiunt.
458 2346 500 2381 ιιι
529 2346 620 2381 5ιιηι
646 2340 826 2380 nonnulli
856 2340 920 2392 qui
941 2343 1080 2390 putant
1106 2339 1208 2378 hunc
1236 2339 1546 2389 Constantinum,
1577 2339 1686 2378 cuius

276 2396 451 2436 meminit
476 2396 856 2447 porphyrogenitus,
883 2393 1003 2432 fuisse
1036 2393 1283 2433 Constantini
1304 2393 1413 2432 Libis
1440 2393 1574 2441 filium,
1602 2404 1686 2432 mo-

276 2450 441 2490 nasterii
480 2450 589 2489 Libis
627 2448 894 2500 cognominati
937 2447 1163 2487 conditoris.
1240 2446 1520 2486 Constantinus
1559 2449 1690 2486 autem

278 2505 373 2556 Lips
401 2504 519 2556 periit
544 2504 586 2543 in
613 2503 766 2554 praelio
798 2506 936 2540 contra
958 2501 1156 2553 Bulgaros
1185 2502 1320 2540 eodem
1347 2499 1690 2564 Porphyrogenito

279 2560 509 2610 imperante,
536 2561 580 2596 ut
604 2557 729 2595 tradit
757 2557 939 2595 laudatus
969 2555 1180 2603 Scylitzes.
1265 2560 1461 2594 caeterum
1486 2550 1692 2601 ὑπουργία

282 2614 578 2663 ministerium,
610 2608 808 2661 officium,
838 2622 904 2649 seu
923 2607 1137 2660 officiales
1165 2611 1348 2650 minores
1366 2608 1511 2649 domus
1535 2609 1691 2661 restae,
