1780 3132
204 139 268 185 74
468 142 834 187 CONSTANTINI
866 144 1359 190 PORPHYROGENITI

201 256 274 295 τοῦ
298 250 447 303 πάντας
468 251 632 303 τούτους
659 257 861 307 πολεμεῖν,
891 257 956 297 καὶ
975 254 1163 306 πολλάκις
1182 258 1272 299 κατ’
1297 259 1424 302 αὐτῶν
1445 258 1626 312 ἐλθόντες

202 322 367 376 φοβεροὶ
393 324 460 363 νῦν
482 317 786 372 καθεστήκασιν,
853 324 919 363 καὶ
945 327 1061 365 τοῦτο
1085 326 1203 378 δῆλον
1222 327 1286 366 καὶ
1307 327 1487 369 ἐντεῦθέν
1507 329 1624 371 ἔστιν.

199 391 273 428 τοῦ
294 388 370 442 γὰρ
397 391 582 443 κληρικοῢ
605 388 644 426 Γ
641 386 786 442 αβριήλ
807 405 901 431 ποτε
923 389 1022 446 πρὸς
1043 390 1135 440 τοὺς
1157 389 1361 447 Τούρκους
1384 394 1624 436 ἀποσταλέν-

196 469 266 502 τος
283 454 360 495 [inb
380 453 590 502 κελεύσεως
608 458 837 509 βασιλικῆς,
870 458 936 498 καὶ
954 456 1054 512 πρὸς
1073 457 1217 507 αὖτοὺς
1235 457 1408 509 εἰπόντος
1429 459 1488 502 ὅτι
1508 459 1528 502 ὅ
1544 465 1624 513 βα-

197 520 328 570 σιλεὺς
352 522 555 574 ὁηλοποιεΐ
569 518 674 574 ὑμᾶς
697 521 883 565 ἀπελθεῖν
901 525 966 565 καὶ
985 523 1202 574 ἀποδιῶξαι
1222 524 1315 574 τοὺς
1334 528 1654 578 Πατζινακίταςῑ»

196 586 274 628 ἀπὸ
296 591 367 629 τοῦ
387 586 509 629 τόπου
535 587 663 629 αὐτῶν
683 590 748 629 καὶ
770 593 1021 645 καθεσθῆναι
1043 589 1148 644 ὑμᾶς
1182 590 1323 646 (ὑμεῖς
1342 594 1419 649 γὰρ
1441 595 1506 635 καὶ
1523 592 1624 650 πρό-

195 670 308 709 τερον
324 655 443 696 ἔκεΐσε
460 654 727 708 ἓκαθὲζεσθε)
757 656 855 712 πρὸς
871 657 915 699 τὸ
935 656 1031 701 εἶναι
1047 659 1213 711 πλησίον
1228 664 1298 714 τῆς
1311 661 1514 712 βασιλείας
1529 678 1623 714 μου,

195 722 261 761 καὶ
289 718 353 763 ὅτε
378 721 487 763 θέλω
519 721 766 774 ἀποστέλλω,
801 724 865 767 καὶ
883 724 923 765 ἓν
944 723 1054 777 τάχει
1076 723 1242 781 εὑρίσκω
1264 724 1390 778 ὑμᾶς,
1423 726 1564 776 πάντες
1586 727 1623 769 οἱ

194 786 382 843 ἄρχοντες
410 793 488 831 τῶν
521 787 711 846 Τούρκων
736 795 812 849 μιᾷ
837 795 951 847 φωνῇ
972 790 1184 845 ἐξεβόησαν
1204 791 1264 834 ὅτι
1281 791 1393 847 ἡμεῖς
1412 793 1513 846 μετὰ
1531 793 1624 843 τοὺς

80 860 107 892 Ρ
130 857 175 893 59
197 858 487 907 Πατζινακίτας
515 855 681 907 ἑαυτοὺς
710 857 755 899 οὗ
785 855 1008 911 βάλλομεν·
1042 859 1087 901 οὗ
1111 859 1187 914 γὰρ
1212 859 1422 912 δυνάμεθα
1443 864 1623 914 πολεμεῖν
1633 868 1676 902 10

192 925 294 981 πρὸς
315 923 460 973 αὐτούς
468 955 481 974 ,
516 923 576 965 ὅτι
595 926 659 965 καὶ
675 922 792 978 χώρα
811 923 961 978 μεγάλη
983 927 1048 966 καὶ
1066 926 1162 975 λαὸς
1180 927 1304 976 πολὺς
1321 929 1387 968 καὶ
1408 927 1512 968 κακὰ
1528 944 1622 968 παι-

194 993 261 1034 δία
290 992 375 1033 εἶσί.
443 993 508 1032 καὶ
532 995 601 1032 τοῦ
627 995 766 1032 λοιποῦ
787 991 855 1034 τὸν
877 990 993 1046 λόγον
1012 996 1151 1035 τοῦτον
1170 993 1270 1050 πρὸς
1287 992 1393 1047 ἡμᾶς
1411 994 1468 1048 μὴ
1491 993 1621 1051 εἴπῃς·

193 1060 238 1102 οὗ
261 1059 336 1115 γὰρ
361 1059 573 1113 ἀγαπῶμεν
597 1055 728 1099 αὐτόν.

325 1124 386 1167 ὅτι
418 1127 484 1166 καὶ
514 1125 551 1166 οἱ
576 1127 864 1176 Πατζινακΐται
895 1125 1043 1166 ἐκεῖθεν
1070 1128 1142 1166 τοῦ
1167 1122 1415 1182 Δανάπρεως
1441 1130 1623 1181 ποταμοῦ

190 1193 292 1247 μετὰ
311 1192 356 1236 τὸ
378 1191 448 1249 ἴαρ
470 1192 713 1248 διέρχονται,
747 1193 812 1232 καὶ
834 1191 893 1233 ἀεὶ
915 1193 1036 1234 ἐκεῖσε
1055 1193 1409 1249 καλλοκαιρίζουσι.
1633 1198 1676 1233 15

660 1300 1031 1358 Κεφάλαιον
1098 1299 1156 1344 θ’.

234 1375 319 1420 περὶ
340 1374 415 1410 τῶν
438 1372 514 1409 nimi
535 1374 603 1418 τῆς
622 1371 775 1412 Ῥωσίας
798 1371 999 1417 ἐρχομένων
1014 1369 1107 1413 Ῥῶς
1123 1370 1212 1417 μετοὶ
1228 1373 1302 1408 τῶν
1315 1371 1525 1416 μονοξύλων
1538 1370 1577 1407 ἐν

710 1417 1103 1453 Κωνσταντινονπόλει.

314 1492 404 1535 ‘'Ou
423 1492 473 1534 τὰ
492 1492 568 1534 ἀπὸ
587 1497 657 1546 τῆς
676 1491 750 1542 ἔξω
764 1489 930 1541 Ῥωσίας
946 1490 1145 1544 μονόξυλα
1162 1489 1426 1546 κατερχόμενα
1445 1492 1485 1532 ἓν
1502 1492 1621 1533 Κων-

188 1559 505 1604 σταντινουπόλει
527 1562 600 1602 εἶσὶ
619 1560 692 1613 μὲν
713 1558 791 1600 ἀπὸ
811 1563 882 1600 τοῦ
901 1556 1186 1614 Νεμογαρδάς,
1216 1558 1256 1599 ἓν
1275 1552 1308 1615 ᾧ
1329 1556 1676 1615 Σφενὸοσθλά-ΞΟ

187 1633 261 1682 βος
290 1626 311 1669 ὃ
342 1628 429 1677 υἱὸς
450 1627 590 1682 ’Ἰγγωρ
624 1631 695 1668 τοῦ
729 1625 917 1681 ἄρχοντος
939 1623 1105 1674 Ῥωσιάς
1134 1625 1339 1675 ἐκαθέζετο
1349 1655 1362 1675 ,
1397 1626 1470 1666 εἶσὶ
1491 1625 1622 1666 δὲκαὶ

190 1695 268 1737 ἀπὸ
294 1694 340 1738 τὸ
371 1693 543 1750 κάστρον
565 1694 636 1747 τὴν
658 1693 900 1735 Μιλινίσκαν
922 1694 986 1734 καὶ
1011 1692 1088 1733 ἀπὸ
1113 1689 1350 1742 Τελιούτζαν
1370 1693 1435 1732 καὶ
1457 1693 1621 1746 Τζερνι-

187 1760 319 1817 γώγαν
338 1763 403 1803 καὶ
425 1760 503 1802 ἀπὸ
525 1765 596 1802 τοῦ
615 1759 879 1814 Βουσεγραδὲ.
946 1763 1072 1800 ταῦτα
1098 1753 1167 1799 οὗν
1196 1756 1352 1799 ἅπαντα
1371 1758 1438 1799 διὰ
1456 1762 1529 1800 τοῦ
1547 1773 1621 1799 πο-

188 1833 319 1883 ταμοῦ
340 1828 595 1884 κατέρχονται
615 1825 876 1882 Δανάπρεως,
903 1827 969 1867 καὶ
988 1824 1285 1880 ἔπισυνάγονται
1303 1826 1365 1867 ἐπὶ
1383 1824 1429 1868 τὸ
1449 1823 1622 1881 κάπρον

188 1945 357 1990 siquidem
379 1944 441 1978 hos
463 1955 580 1977 omnes
600 1942 688 1977 bello
713 1941 842 1976 adoriri
860 1945 1021 1985 possunt,
1046 1952 1087 1975 ac
1108 1952 1211 1985 saepe
1234 1944 1354 1974 contra
1374 1940 1450 1974 illos
1473 1940 1622 1985 profecti

188 1991 255 2025 iam
278 1991 365 2035 ipsis
388 1994 468 2023 sunt
490 2000 650 2034 perquam
673 1987 917 2023 formidabiles.
964 1987 1055 2030 quod
1083 1986 1138 2019 vel
1161 1986 1226 2019 hoc
1246 1996 1312 2019 uno
1337 1985 1489 2029 exemplo
1511 1985 1621 2029 palam

190 2036 270 2070 erit.
317 2046 391 2068 cum
414 2034 597 2077 aliquando
621 2032 764 2067 Gabriel
787 2031 929 2065 clericus
951 2031 1045 2065 iussu
1067 2030 1281 2075 imperatoris
1305 2031 1348 2063 ad
1369 2030 1504 2064 Turcas
1523 2030 1621 2074 lega-

189 2087 244 2115 tus
279 2084 392 2123 esset,
427 2079 545 2122 sicque
575 2079 670 2122 ipsos
701 2076 919 2121 compellaret
947 2072 1069 2109 “vobis
1094 2076 1279 2119 imperator
1301 2075 1477 2108 denuntiat
1498 2079 1536 2108 ut
1556 2075 1618 2108 ad-

189 2130 282 2159 moto
315 2124 468 2158 exercitu
494 2123 725 2156 Patzinacitas
748 2122 885 2155 sedibus
910 2120 1042 2165 pellatis
1065 2131 1247 2164 eorumque
1268 2119 1441 2163 regionem
1463 2119 1618 2153 obtinea-r

189 2171 234 2205 tis
259 2171 358 2214 (nam
381 2169 460 2202 istic
483 2168 559 2202 olim
585 2167 812 2209 habitastis),
836 2170 874 2200 ut
895 2166 1038 2210 imperio
1061 2177 1135 2198 meo
1156 2164 1290 2198 finitimi
1310 2164 1404 2208 sitis,
1426 2169 1462 2197 et
1483 2164 1620 2199 mittere

191 2227 264 2249 cum
288 2214 389 2248 velim
413 2225 509 2257 quam
534 2213 693 2247 celeriter
717 2224 777 2246 vos
795 2207 1002 2253 inveniam''‚
1025 2221 1140 2243 omnes
1158 2210 1347 2243 Turcarum
1364 2209 1537 2253 principes
1551 2220 1618 2243 uno

190 2271 252 2294 ore
277 2259 462 2293 clamarunt
491 2255 577 2291 “nos
601 2256 822 2292 Patzinacitis
847 2256 966 2290 bellum
992 2266 1058 2288 non
1080 2255 1275 2288 inferimus:
1309 2266 1420 2299 neque
1442 2253 1530 2287 enim
1550 2254 1618 2288 illis

187 2304 426 2350 oppugnandis
451 2314 551 2347 pares
574 2314 708 2344 sumus,
732 2301 898 2346 siquidem
919 2300 1050 2334 illorum
1072 2300 1166 2343 regio
1187 2299 1380 2344 perampla,
1402 2299 1537 2332 infinita
1553 2310 1617 2343 po-

186 2349 259 2394 puli
291 2348 489 2390 multitudo,
524 2352 558 2380 et
581 2348 758 2381 admodum
780 2357 951 2403 pugnaces
972 2350 1062 2379 sunt.
1110 2356 1153 2378 ne
1184 2344 1292 2388 igitur
1322 2343 1420 2378 nobis
1442 2344 1479 2377 in
1498 2348 1617 2388 poste-

186 2406 260 2428 rum
282 2398 350 2427 tam
372 2393 508 2436 ingrata
531 2394 636 2426 verba
657 2392 779 2425 facias.
793 2388 804 2401 ³

276 2439 364 2472 adde
394 2439 485 2481 quod
510 2437 742 2471 Patzinacitae
765 2437 881 2480 elapso
905 2446 988 2469 vere
1011 2435 1053 2468 ab
1077 2434 1294 2467 ulterioribus
1315 2432 1486 2477 Danapris
1509 2431 1618 2477 parti—

187 2485 251 2518 bus
276 2483 474 2525 venientes,
498 2482 711 2526 traiectoque
733 2481 891 2524 flumine,
914 2479 992 2514 istic
1013 2490 1148 2523 semper
1168 2483 1331 2513 aestatem
1351 2476 1557 2522 transigant.

340 2561 376 2594 9.
423 2560 466 2593 de
490 2558 614 2593 Russis
638 2570 656 2591 c
681 2559 811 2592 Russia
837 2558 968 2603 Cpolim
990 2557 1027 2590 in
1049 2550 1212 2590 lintribus
1235 2555 1460 2589 venientibus.

276 2615 416 2650 Lintres
448 2616 490 2648 ab
523 2614 686 2648 ulteriore
716 2614 842 2648 Russia
864 2613 996 2658 Cpolim
1019 2612 1228 2657 appellentes
1253 2624 1273 2645 a
1294 2608 1512 2653 Nemogarda
1534 2619 1617 2652 pro-

187 2661 397 2703 ficiscuntur,
421 2660 480 2693 ubi
501 2659 816 2703 Sphendosthlabus
839 2659 943 2701 Ingor
965 2657 1110 2691 Russiae
1131 2656 1296 2702 principis
1316 2656 1406 2690 filius
1427 2654 1616 2688 habitabat.

187 2712 267 2740 sunt
299 2706 400 2740 etiam
434 2716 454 2739 a
487 2710 599 2738 castro
633 2704 825 2749 Milinisca‚
871 2702 1050 2744 'I'eliutza‚
1092 2701 1313 2746 'I'zernigoga
1343 2705 1379 2735 et
1403 2698 1614 2742 Busegrade.

187 2751 272 2787 haec
303 2751 420 2797 itaque
451 2750 565 2785 omnia
594 2749 743 2784 secundo
766 2748 918 2796 Danapri
941 2747 1078 2784 flumine
1100 2747 1326 2790 descendunt,
1360 2747 1551 2788 coeuntque
1573 2742 1616 2777 ad
