1780 3132
515 179 590 221 DE
623 179 980 225 THEMATIBUS
1014 181 1118 225 LlB.
1148 182 1202 226 11.
1528 183 1591 227 55

135 290 345 334 Ἀντωνίου
375 294 448 333 τοῦ
478 288 627 346 ταύτης
657 289 827 347 ἀνδρός,
862 291 906 342 ὃς
937 287 986 347 ἦν
1012 291 1204 350 πρότερον
1233 293 1298 336 ἐπ’
1333 292 1489 351 ἀδελφῇ
1521 299 1592 337 τοῦ

141 358 351 414 Καίσαρος
382 357 588 415 γαμβρός,
622 359 773 414 ἀπέστη
802 360 846 402 δὲ
872 364 944 414 τῆς
968 359 1177 415 Ῥωμαίων
1208 361 1338 418 ἀρχῆς
1368 362 1424 403 δι’
1462 361 1593 419 ἔρωτα

141 430 215 480 τῆς
234 424 500 484 Κλεοπάτρας
519 427 643 482 αὐτῆς
653 459 666 479 ,
701 429 769 470 καὶ
786 432 859 483 τῆς
876 431 1110 483 Αἰγυπτίων
1125 435 1199 485 γῆς
1217 428 1348 485 πάσης
1366 427 1593 488 ἐκράτησεν.
1617 439 1646 475 P
1669 439 1715 474 26

141 498 315 551 ναυτικῷ
342 489 413 537 οὖν
443 493 574 553 στόλῳ
605 496 668 537 ἐπὶ
698 498 814 539 ναυσὶ
840 497 990 549 χιλίαις
1022 500 1090 539 καὶ
1124 499 1345 548 διακοσίαις
1375 499 1596 553 συνέβαλον

108 570 131 604 5
141 561 244 616 μετὰ
262 563 470 619 Καίσαρος
487 564 527 606 ἓν
547 564 707 621 πολέμῳ
718 595 731 615 ,
766 564 807 606 ἐν
827 563 937 622 αὐτῷ
955 569 1011 622 τῷ
1033 566 1269 624 ἀκρωτηρίῳ
1287 571 1346 624 τῷ
1363 567 1595 627 καλουμένῳ

136 629 297 688 Ἀκτίῳ·
326 632 392 672 καὶ
416 629 581 686 νικήσας
604 629 625 673 ὅ
648 633 814 689 Καῖσαρ
838 631 907 673 τὸν
925 632 1134 676 Ἀντώνιον
1153 637 1219 676 καὶ
1237 634 1309 689 τὴν
1330 633 1596 693 Κλεοπάτραν

144 696 272 741 ἴκτισε
303 696 440 750 πόλιν,
475 700 647 749 καλέσας
673 699 799 755 αὐτὴν
823 698 1044 743 Νικόπολιν
1069 702 1136 743 διὰ
1160 703 1204 745 τὸ
1228 704 1350 745 ἐκεῖσε
1369 702 1597 758 ἡττηθῆναι

140 765 211 808 τὸν
235 764 455 809 Ἀντώνιον.
524 767 603 809 ἀπὸ
636 768 680 810 δὲ
708 773 782 810 τοῦ
812 767 1062 825 ἀκρωτηρίου
1084 774 1158 813 τοῦ
1177 771 1423 826 καλουμένου
1440 771 1598 815 Ἀκτίου

141 835 208 876 καὶ
245 834 318 884 τὰς
358 835 608 889 καλουμένας
645 837 892 886 ῐνδικτίωνας
930 835 1126 880 ἐκάλεσεν.
1195 837 1300 883 οὕτω
1340 839 1418 896 γὰρ
1450 839 1598 897 γράφει

87 899 332 956 10“Ησύχιος
352 901 374 945 ὃ
395 901 658 960 ῗλλούστριος.
719 903 948 947 “ι’νὸ“ικτίων
968 906 1082 949 τοῦτ’
1104 906 1211 949 ἔστιν
1230 909 1433 959 ῗνακτίων,
1459 906 1485 962 ἦ
1507 909 1598 965 περὶ

138 969 186 1012 τὸ
201 968 357 1012 Ἄκτιον
377 972 486 1026 νίκη·
521 972 589 1014 διὰ
612 977 730 1016 τοῦτο
750 971 914 1029 ἄρχεται
933 974 1006 1027 μὲν
1030 976 1227 1018 ἷνδικτίων
1249 975 1327 1018 ἀπὸ
1350 974 1512 1032 πρώτης
1531 977 1600 1018 καὶ

139 1036 352 1094 καταλήγει
378 1040 496 1096 μέχρι
522 1044 594 1095 τῆς
625 1039 683 1093 ιε’,
717 1042 783 1083 καὶ
810 1039 930 1083 πάλιν
955 1040 1198 1100 ὑποστρέφει
1226 1045 1293 1085 καὶ
1325 1042 1489 1101 ἄρχεται
1516 1044 1596 1086 ἀπὸ

139 1104 323 1163 πρώτης,
359 1107 428 1149 διὰ
447 1107 492 1150 τὸ
511 1108 581 1151 τὸν
591 1108 800 1152 Ἀντώνιον
818 1108 1068 1166 συνάρχοντα
1086 1112 1274 1166 γενέσθαι
1292 1110 1520 1170 Αὐγούστῳ
1540 1115 1599 1170 τῷ

103 1183 108 1187 ’
140 1174 321 1231 Καίσαρι
345 1175 464 1231 μέχρι
495 1180 570 1217 τοῦ
600 1175 644 1219 ιε’
672 1176 836 1234 χρόνου.
904 1179 1006 1230 μετὰ
1028 1180 1071 1220 δὲ
1093 1184 1221 1221 ταῦτα
1241 1178 1364 1233 μόνος
1383 1178 1599 1236 ἐκράτησεν

87 1246 130 1282 15
141 1241 425 1297 Λίίγουστος.”
496 1243 743 1300 μητρόπολις
770 1245 814 1286 δὲ
839 1249 912 1288 τοῦ
939 1246 1121 1299 θέματυς
1144 1245 1259 1297 πόλις
1281 1246 1491 1302 Δωδώνη,
1527 1247 1595 1304 ἐφ’

138 1304 190 1366 ἧς
209 1307 236 1363 ἦ
258 1311 358 1366 δρῦς
377 1308 404 1364 ἦ
427 1313 681 1367 φθεγγομένη
702 1312 754 1355 τὰ
775 1316 855 1354 τῶν
881 1313 1083 1366 δαιμόνων
1103 1314 1332 1371 μυστήρια·
1367 1310 1416 1369 ἧς
1437 1332 1599 1370 μνημο-

137 1374 240 1420 νεύει
255 1378 323 1421 καὶ
339 1375 361 1419 ὃ
377 1377 570 1434 θεολόγος
586 1381 627 1421 Γ
623 1378 823 1438 ρηγόριος,
849 1380 973 1436 λέγων
991 1381 1119 1432 οὕτως
1139 1380 1195 1437 “ij
1213 1383 1464 1433 Δωδωναίας
1481 1383 1602 1440 δρυὸς

139 1444 354 1502 ληρήματα
379 1444 405 1500 ἢ
435 1447 672 1498 Κασταλίας
696 1446 996 1503 μαντικώτατον
1024 1448 1181 1504 πόμα.”
1254 1452 1375 1493 ε’κεΐσε
1398 1451 1475 1508 γὰρ
1501 1447 1550 1506 ἦν
1573 1449 1599 1505 ἦ

137 1514 245 1570 πηγὴ
267 1514 503 1565 Κασταλίας
524 1514 651 1570 ὄνομα
674 1516 821 1570 ἔχουσα
844 1515 922 1558 ἀπὸ
943 1517 1105 1575 νύμφης
1135 1518 1242 1568 τινὸς
1270 1518 1374 1562 οὕτω
1401 1519 1602 1573 καλουμέ-

83 1585 231 1637 2ονης,
271 1583 338 1624 καὶ
366 1590 552 1638 ποταμοῦ
582 1583 627 1627 ὃν
649 1583 832 1641 ’Όμηρος
856 1584 1050 1638 Ἀχελῶον
1078 1585 1261 1641 ὀνομάζει
1271 1618 1285 1639 ,
1330 1581 1378 1630 οὗ
1408 1588 1454 1630 τὸ
1488 1587 1600 1643 ὕδωρ

135 1648 367 1704 ὑπερβαίνει
391 1651 455 1693 ἐπὶ
483 1650 728 1708 γλυκύτητος
750 1651 881 1696 πάντα
902 1654 953 1695 τὰ
975 1659 1054 1697 τῶν
1075 1660 1268 1709 ποταμῶν
1290 1653 1464 1710 νάματα.
1533 1656 1600 1698 καὶ

136 1723 266 1761 ταῦτα
287 1718 360 1773 μὲν
381 1722 470 1777 περὶ
489 1719 760 1772 Νικοπόλεως.
1520 1710 1521 1713 ¹

230 1848 274 1884 12
295 1847 364 1890 τῆς
384 1847 451 1883 add
474 1848 504 1883 C
643 1850 686 1884 18
707 1849 886 1893 μαντικὸν
910 1850 1078 1886 Morellus
1102 1850 1138 1884 in
1163 1850 1254 1885 notis
1393 1850 1436 1884 21
1462 1847 1523 1884 ἐπὶ
1546 1859 1599 1883 om

228 1893 452 1929 Banduriana

138 2007 305 2042 adversus
328 2005 551 2052 Cleopatram
572 2006 781 2052 Aegyptiam
803 2012 839 2042 et
859 2008 1044 2042 Antonium
1067 2006 1141 2041 eius
1163 2007 1287 2050 virum,
1309 2006 1370 2051 qui
1389 2005 1487 2051 prius
1506 2005 1600 2040 Cae—

138 2052 228 2088 saris
265 2051 382 2087 affinis
421 2053 464 2086 ob
496 2063 648 2086 sororem
681 2053 809 2088 suerat.
858 2059 1011 2088 ceterum
1034 2065 1054 2087 a
1077 2053 1308 2086 Romanorum
1341 2051 1516 2086 dominatu
1538 2052 1601 2085 de-

138 2098 245 2134 scivit
266 2099 311 2132 ob
335 2109 483 2132 amorem
507 2097 734 2143 Cleopatrae,
769 2104 807 2134 et
837 2100 1035 2134 universam
1066 2098 1316 2143 Aegyptiorum
1348 2103 1475 2132 terram
1507 2094 1619 2131 obti-‘

138 2144 234 2179 nuit=
262 2143 382 2189 itaque
412 2142 529 2177 navali
560 2143 713 2188 praelio,
747 2156 822 2179 cum
853 2145 999 2179 navibus
1025 2144 1115 2178 mille
1138 2143 1314 2186 ducentis,
1349 2154 1424 2177 cum
1449 2143 1601 2176 Caesare

137 2189 176 2223 in
199 2189 275 2223 acie
296 2200 503 2233 congressus
528 2189 562 2222 in
587 2189 663 2234 ipso
685 2191 922 2235 promontorio
945 2190 1037 2235 quod
1058 2189 1191 2224 Actium
1212 2193 1448 2234 nuncupatui-3
1472 2194 1507 2221 et
1524 2199 1599 2221 cum

139 2235 272 2269 Caesar
293 2235 479 2268 Antonium
502 2239 538 2268 et
562 2235 783 2280 Cleopatram
807 2237 969 2280 vicisset,
1007 2237 1126 2270 urbem
1150 2234 1325 2278 condidit,
1363 2245 1463 2279 quam
1486 2234 1599 2267 Nico-

138 2279 235 2327 polin
265 2279 477 2323 nominavst,
514 2281 607 2324 quod
639 2293 680 2315 eo
711 2281 779 2315 loci
813 2288 996 2327 superatus
1029 2286 1124 2315 esset
1153 2279 1336 2315 Antoniu's.
1382 2279 1450 2313 iam
1474 2290 1558 2313 vero
1580 2290 1601 2313 a

137 2326 232 2360 dicto
253 2325 487 2372 promontorio
509 2326 610 2360 Actio
635 2326 738 2361 etiam
764 2327 884 2362 vocari
906 2326 1115 2362 indictiones
1137 2326 1312 2361 instituit:
1335 2324 1387 2359 sic
1411 2323 1501 2359 enim
1523 2325 1600 2358 He-

138 2371 282 2415 sychius
299 2371 473 2406 Illustrius
497 2372 618 2406 scribit
639 2369 820 2417 “indictio,
844 2374 910 2407 hoc
934 2379 988 2408 est
1010 2373 1152 2416 inactio,
1174 2371 1325 2406 victoria
1348 2371 1483 2404 scilicet
1506 2371 1601 2404 circa

137 2417 288 2452 Actium.
313 2418 441 2451 iccirco
465 2422 560 2452 certe
582 2417 707 2463 incipit
728 2418 873 2453 indictio
898 2431 919 2453 a
943 2419 1054 2464 prima
1073 2424 1108 2452 et
1123 2417 1251 2452 desinit
1266 2418 1301 2451 in
1317 2416 1452 2450 decima
1467 2415 1599 2461 quinta,

137 2468 176 2498 et
206 2468 302 2496 retro
335 2467 504 2497 commeat
535 2467 640 2509 atque
667 2463 792 2510 incipit
818 2477 838 2499 a
865 2466 994 2510 prima,
1027 2464 1110 2510 quia
1132 2464 1304 2498 Antonius
1328 2462 1462 2506 collega
1484 2462 1602 2495 fuerat

137 2508 286 2552 Augusti
308 2507 472 2543 Caesaris
495 2519 535 2542 us
562 2521 604 2544 ue
628 2509 671 2543 ad
694 2510 861 2544 decimum
887 2507 1042 2555 quintum
1067 2520 1211 2554 aunum,
1248 2513 1371 2554 postea
1397 2519 1481 2542 vero
1506 2507 1601 2541 solus

138 2553 326 2598 imperavit
357 2555 546 2598 Augustus.
561 2552 572 2565 '
617 2559 768 2590 ceterum
800 2556 962 2590 thematis
994 2555 1095 2590 huius
1119 2554 1319 2600 metropolis
1343 2555 1425 2587 urbs
1451 2559 1506 2587 est
1527 2553 1600 2586 Do-

137 2600 247 2642 done,
282 2599 318 2632 in
347 2610 416 2644 qua
439 2610 585 2644 quercus
609 2607 703 2644 erat,
738 2613 828 2646 quae
853 2603 1052 2635 daemonum
1076 2612 1203 2635 arcana
1227 2606 1264 2635 et
1287 2599 1428 2634 oracula
1454 2599 1600 2639 edebat3

137 2643 235 2678 cuius
258 2644 396 2689 quidem
421 2645 575 2680 meminit
597 2652 634 2680 et
656 2647 849 2691 Gregorius
871 2647 1073 2691 theologus,
1097 2647 1150 2682 sic
1171 2646 1332 2692 inquiens
1354 2642 1440 2679 “aut
1461 2644 1599 2678 roboris

138 2689 320 2724 Dodonaei
343 2690 452 2725 aniles
475 2691 632 2735 fabulae,
662 2698 722 2726 aut
754 2693 931 2727 Castaliae
964 2693 1082 2727 divina
1115 2693 1218 2727 valde
1247 2687 1408 2737 pocula.”
1453 2701 1530 2724 nam
1556 2702 1598 2722 eo

139 2735 208 2769 loci
232 2736 310 2770 fons
333 2741 411 2771 erat
432 2736 608 2771 Castaliae
631 2749 753 2772 nomen
776 2739 956 2782 obtinens,
1002 2750 1023 2772 a
1046 2738 1198 2783 nympha
1223 2738 1368 2782 quadam
1392 2735 1444 2770 sic
1466 2746 1598 2769 nuncu-

139 2786 245 2826 pata,
269 2785 305 2815 et
328 2793 349 2814 a
372 2782 503 2826 fluvio,
527 2794 627 2827 quem
650 2785 825 2818 Homerus
843 2784 1026 2819 Acheloum
1051 2784 1221 2829 appellat3
1245 2783 1343 2818 cuius
1367 2793 1457 2826 aqua
1480 2781 1597 2814 dulce-

141 2827 223 2861 dine
247 2838 364 2862 omnes
387 2828 561 2863 fluminum
584 2828 738 2874 liquores
761 2836 917 2876 superat.
965 2835 1070 2875 atque
1094 2830 1179 2864 haec
1202 2829 1339 2875 quidem
1360 2828 1404 2861 de
1422 2825 1597 2872 Nicopoli.
