1780 3132
289 143 384 193 474
814 156 1158 197 WESSELmGu

288 275 449 306 murum
469 263 696 319 Lydorum,
722 269 765 305 et
796 266 824 306 l.
843 269 870 305 ·7
898 278 931 306 c.
947 268 1012 317 59,
1042 275 1159 318 quem
1188 261 1324 303 locum
1351 266 1490 305 notavi
1520 264 1576 306 ad
1594 263 1693 305 Ste-

287 319 477 372 phanum.
516 319 708 360 lustinus
746 317 917 360 cohart.
963 319 1019 359 ad
1056 317 1276 358 Graecos.-
1317 317 1386 355 ἐπὶ
1418 315 1585 364 τούτους
1612 315 1692 368 γὰρ

289 369 406 421 (τοὺς
430 367 700 424 φιλοσόφους)
732 367 868 424 ὥσπερ
892 370 961 411 ἐπὶ
981 374 1115 421 τεῖχος
1131 366 1282 421 ὀχυρόν
1299 368 1569 422 καταφεύγειν
1599 368 1695 410 εἰώ-

288 428 423 464 θασιν,
479 429 522 466 et
538 425 670 467 Orat.
701 427 758 467 ad
784 425 979 468 Graecos
1006 423 1220 466 Hercules
1244 426 1356 464 inter
1383 424 1493 466 alios
1524 425 1695 466 labores

288 478 452 532 Auyiae
483 476 639 529 ὀχυρὸν
665 484 799 531 τεῖχος
826 493 853 521 a
879 479 1078 522 sordibus
1104 489 1314 532 puryasse
1330 478 1512 520 dicitur.-
1538 478 1695 520 utrobi-

288 546 367 588 que
381 533 563 574 validum
578 546 739 575 murum
754 535 934 576 reddunt
949 545 1164 588 perverse.
1191 534 1250 572 ita
1274 532 1362 570 νέον
1388 535 1533 583 τεῖχος,
1560 528 1694 582 Ἀβώ-

287 600 361 625 νου
387 591 532 638 τεῖχος,
553 582 727 636 “Ηραῖον
765 592 900 639 τεῖχος
931 594 971 628 et
998 583 1177 626 παλαιὸν
1202 588 1336 634 τεῖχος
1360 587 1405 626 in
1433 585 1579 639 Steph.
1611 585 1650 625 Γ
1649 582 1696 624 a'-

287 653 371 691 yae.
426 645 552 695 atque
579 643 642 682 ita
670 645 822 696 accipe
851 645 896 682 in
924 641 1104 682 oraculo
1132 637 1350 693 Apollinis
1371 637 1696 682 Atheniensibus

287 695 388 735 dato
416 691 574 742 ’ξύλινον
599 699 741 749 τεῖχος,
769 701 812 737 et
838 697 933 737 vide
960 698 1098 749 ipsum
1113 693 1371 746 Stephanum
1389 696 1434 734 in
1454 697 1599 744 τεῖχος,
1628 692 1697 734 ubi

287 744 491 798 φρούριον
517 752 707 802 exponit.
777 751 886 792 idem
918 749 1109 791 Iustinus
1141 747 1308 801 dialoyo
1349 759 1443 789 eum
1476 746 1698 801 Tryphone

287 801 507 865 {flatonem
541 802 697 844 scribit
732 808 775 845 et
814 803 1094 858 l’ythayoram
1137 813 1234 843 esse
1278 795 1415 853 ὥσπερ
1459 805 1594 852 τεῖχος,
1629 801 1699 839 καὶ

286 870 460 906 ερεισμα
490 856 562 907 τῆς
591 858 863 910 φιλοσοφώις’
920 857 1035 898 velut
1059 868 1219 897 murum
1244 860 1287 897 et
1325 855 1515 897 columen
1545 857 1609 896 ait
1633 857 1696 895 ἰη-

289 914 473 963 terpres,
500 923 575 963 eyo
605 913 749 964 potius
777 924 921 953 arcem
948 916 991 952 et
1019 913 1308 952 munimentum
1321 924 1335 951 .·
1362 913 1518 951 namet
1544 907 1696 951 Home-

286 976 364 1005 rus·
390 963 519 1005 Iliad.
549 965 584 1004 A
601 969 679 1005 407
705 968 839 1016 τεῖχος
859 960 1029 1014 ’Ἀρειον
1055 967 1180 1005 vocat
1204 963 1382 1013 Thebas,
1411 965 1534 1017 quasi
1561 963 1698 1003 locum

288 1018 342 1059 ab
369 1021 466 1071 ipso
494 1017 641 1060 Marte
670 1023 880 1071 munitum,
903 1018 1067 1060 Martis
1084 1017 1456 1072 propugnaculum.
1510 1018 1610 1058 haec
1635 1017 1699 1057 vir

287 1073 561 1122 doctissimus3
586 1086 689 1126 quae
720 1075 794 1114 etsi
821 1073 1023 1114 verissime
1048 1074 1262 1113 observata
1287 1073 1378 1122 sint,
1406 1084 1485 1112 non
1501 1071 1611 1111 ivero
1635 1074 1699 1110 ta-

288 1139 377 1166 men
408 1127 568 1175 infitias,
599 1140 754 1168 murum
780 1129 886 1181 apud
923 1128 1090 1168 Latinos
1129 1127 1293 1166 eandem
1322 1127 1427 1166 haud
1453 1137 1548 1166 raro
1575 1124 1699 1176 signi·
1742 1136 1745 1139 ·

285 1182 510 1221 ficationem
533 1183 750 1233 possidere.
806 1183 898 1222 vide
924 1182 1069 1222 Anton.
1106 1180 1241 1221 ltiner.
1271 1194 1309 1234 p.
1327 1183 1407 1221 446
1434 1183 1474 1220 et
1503 1178 1699 1220 Wassium

288 1236 341 1275 ad
368 1235 535 1276 Sallust.
569 1236 729 1276 Catilin.
761 1249 796 1275 c.
811 1241 877 1277 61.

394 1291 488 1339 395,
518 1292 582 1329 14.
636 1286 845 1341 Ἀριασὸς]
886 1289 1045 1343 gemina
1084 1289 1271 1329 sibilante
1294 1289 1544 1328 Ptolemaeus
1572 1289 1613 1325 et
1642 1297 1701 1325 ms

287 1343 424 1392 Leia„
453 1355 526 1382 nec
556 1343 807 1383 discordante
837 1344 1058 1396 Theophilo
1087 1343 1158 1393 τῆς
1190 1341 1415 1393 Ἀριασσοῦ
1441 1343 1482 1381 in
1512 1339 1698 1380 chalced.

286 1411 326 1449 p.
341 1402 440 1446 672,
483 1397 639 1437 tametsi
680 1410 889 1450 perperam
930 1411 968 1449 p.
992 1399 1074 1437 556
1115 1395 1267 1442 πόλεως
1318 1392 1534 1448 Ἀρκισσοῦ
1571 1394 1701 1442 ,Παμ-

288 1450 454 1503 φυλιάς.

398 1503 506 1546 lbid.
573 1501 982 1557 Μαξιμιανούπολις]
1032 1508 1093 1545 est
1119 1505 1161 1545 in
1186 1504 1345 1544 Notitiis
1382 1508 1422 1543 et
1448 1501 1703 1543 conciliorum

291 1559 404 1599 Actis
420 1590 430 1609 ,
461 1558 530 1597 sed
558 1557 686 1609 situs,
716 1563 760 1598 ut
786 1560 1000 1611 pleraeque
1027 1560 1142 1600 huius
1171 1559 1411 1610 provinciae,
1440 1555 1702 1597 incertissimi-

288 1611 471 1662 Κτῆμα,
511 1612 615 1663 quod
652 1613 855 1664 sequitur,
892 1613 1090 1664 publicum
1115 1613 1226 1653 urbis
1264 1625 1405 1664 agrum
1428 1611 1514 1652 sive
1538 1609 1705 1661 praedia

287 1667 459 1714 iudieat3
501 1678 577 1718 quo
604 1667 720 1705 modo
748 1663 941 1715 βασιλικοὶ
974 1662 1156 1717 κτήματα
1183 1667 1224 1706 in
1250 1665 1464 1705 Herodiani
1492 1665 1520 1705 l.
1548 1668 1571 1704 1
1602 1676 1635 1703 c.
1652 1667 1703 1702 11

289 1724 382 1760 sunt
410 1719 532 1759 villae
559 1719 762 1772 principis,
791 1724 831 1759 et
854 1720 882 1760 l.
912 1724 938 1759 2
966 1733 998 1759 c.
1028 1725 1055 1760 6
1082 1715 1133 1758 τὰ
1174 1715 1418 1772 πορρώτατα
1454 1717 1525 1770 τῆς
1554 1713 1706 1760 πόλεως

289 1772 483 1826 κτήματα,
511 1773 677 1826 praedia
704 1774 755 1814 ab
784 1774 883 1814 urbe
911 1775 1138 1814 remotiora.

398 1826 508 1869 Ibid.
542 1830 611 1866 15.
660 1824 1025 1879 Ῥεγησαλάμαρα]
1054 1828 1173 1868 credo
1200 1839 1296 1880 pagi
1316 1829 1385 1867 aut
1413 1824 1591 1878 oppiduli
1619 1836 1706 1863 esse

290 1893 457 1923 nomen:
502 1882 606 1921 solet
643 1881 746 1921 enim
784 1883 989 1922 Hierocles
1028 1878 1079 1921 τά
1110 1879 1224 1934 ῥεγὲ,
1262 1894 1314 1921 ex
1351 1877 1498 1933 ρεγεών
1525 1878 1706 1926 acdsum,

290 1937 375 1977 illis
404 1947 677 1988 praeponere3
709 1947 788 1988 qua
818 1937 867 1975 de
895 1948 940 1975 re
975 1937 1083 1977 infra
1109 1949 1194 1976 cum
1220 1937 1261 1976 in
1288 1935 1512 1984 Bithyniam
1538 1933 1707 1972 devene-

290 1991 427 2031 rimus.
494 2002 624 2042 pagus
660 1989 767 2042 ipse,
805 1991 958 2042 pariter
994 2003 1043 2031 ac
1081 1990 1356 2041 Limobrama‚
1393 1989 1488 2029 mihi
1516 1998 1707 2039 nusquam

290 2044 478 2084 occurrit.

398 2097 507 2139 Ibid.
537 2102 600 2138 16.
659 2094 901 2148 Κόδρουλα]
941 2098 1046 2136 forte
1078 2093 1279 2147 Ιίόρδυλα
1306 2095 1572 2148 praestiterit:
1601 2097 1708 2133 certe

293 2154 432 2193 Maras
459 2153 571 2192 urbis
599 2152 805 2205 episcopus
831 2152 872 2191 in
898 2152 1026 2191 veteri
1041 2151 1186 2191 Latina
1210 2150 1394 2190 versione
1413 2149 1570 2189 concilii
1588 2147 1708 2188 Chal-

292 2207 429 2247 cedon.
474 2220 512 2259 p.
527 2211 608 2246 100
648 2205 912 2256 Cordylorum
939 2210 979 2245 et
1006 2218 1066 2245 ms
1096 2203 1336 2255 Κορδύλων,
1365 2204 1439 2243 etsi
1456 2205 1579 2256 vulgo
1606 2213 1709 2241 nunc

293 2256 538 2310 Κοδρύλων,
567 2265 606 2300 et
632 2261 802 2312 pessime
832 2274 869 2312 p.
887 2261 969 2299 557
1001 2256 1299 2309 Κοδραλαίων,
1328 2262 1447 2310 atque
1470 2258 1511 2297 in
1542 2255 1709 2309 epistola

294 2315 598 2366 provincialium
630 2315 823 2364 synodica
848 2313 982 2363 Codri,
1009 2315 1248 2366 appellatur.
1305 2313 1456 2351 accedit
1469 2311 1709 2362 Stephanus,

292 2366 541 2418 Κόδρυλος,
581 2366 698 2414 πόλις
737 2365 1013 2419 Παμφυλίας.
1085 2367 1190 2407 haud
1229 2366 1406 2419 equidem
1441 2366 1583 2418 ignoro
1617 2363 1709 2416 quid

293 2422 391 2462 Abr.
421 2422 629 2462 Berkclius
671 2435 723 2464 ex
753 2435 801 2462 eo
837 2421 957 2462 fuerit
993 2421 1301 2471 architectatus,
1340 2433 1416 2473 quo
1456 2419 1589 2472 utique
1624 2417 1710 2456 sine

293 2477 537 2517 incommodo
565 2490 668 2516 nunc
699 2477 818 2517 facile
855 2475 1087 2516 carebimus.

404 2529 511 2571 Ibid.
568 2528 802 2582 Δημουσία]
833 2542 1022 2570 sanumne
1043 2530 1117 2570 hoc
1133 2529 1185 2569 sit
1203 2541 1253 2568 an
1270 2527 1509 2573 mendosum,
1540 2537 1707 2578 quemve

296 2585 425 2624 locum
451 2597 536 2624 cum
572 2584 802 2637 insequente
832 2584 1034 2636 insederit,
1074 2588 1116 2623 ut
1143 2584 1347 2634 doceatur,
1377 2581 1536 2622 aliunde
1566 2591 1710 2631 exspe-

297 2643 460 2680 ctamus.
