1780 3132
189 151 242 190 lN
284 146 643 190 CONSTANTlNl
685 144 883 187 PORPH.
924 146 1025 185 Lm.
1054 145 1123 183 DE
1149 143 1410 184 ADM.1MP.
1454 142 1548 187 303

102 263 188 303 sius
219 271 433 314 perperam
476 260 663 301 emendat
702 257 940 307 σταδισμοῦ
980 270 1056 311 pro
1088 255 1373 306 σταδιασμοῦ;
1405 257 1553 310 quippe

97 318 201 359 idem
231 317 605 370 Porphyrogenitus
647 315 697 355 de
722 315 863 355 Tliem.
894 318 932 365 1,
968 314 1037 355 ubi
1066 312 1116 352 de
1156 313 1332 352 themate
1376 313 1551 352 secundo

98 371 352 422 Ammineo,
385 373 444 411 sic
480 372 623 420 habet,
667 362 762 408 οὔτε
799 368 1024 416 Πλένιππος
1061 362 1084 405 ὅ
1129 363 1228 412 τούς
1265 365 1552 416 σταδιασμοὺς

97 428 172 479 τῆς
205 420 304 479 ὅλης
334 425 575 478 οἰκουμένης
616 419 988 475 ἀπογραψάμενος,
1030 423 1099 464 ubi
1129 423 1350 463 Vulcanius
1379 421 1552 462 σταδια-

98 477 206 532 σμόν
243 482 538 534 interpretatur
574 480 859 521 dimensionem
899 492 973 532 per
1009 478 1156 520 stadia.
1215 478 1390 520 addatur
1415 478 1552 531 itaque

98 537 202 579 baec
234 549 317 579 vox
347 537 560 578 Glossario
589 536 663 577 Gr.
693 535 907 588 Ducangii.

208 607 277 656 6⁷,
306 607 372 645 13.
430 598 509 654 πρὸ
541 599 765 653 προσώπου
799 598 958 651 αὐτοῦ]
991 600 1191 642 Meursius
1210 612 1422 652 perperam
1450 598 1552 639 haec

101 659 152 701 ab
180 660 264 700 illis
303 658 529 697 πεσοῦνται
564 656 751 708 πολέμιοι
791 665 1014 711 segregata
1052 669 1139 696 cum
1180 655 1230 696 iis
1258 667 1360 708 quae
1390 659 1551 695 antece-

101 715 202 755 dunt
230 713 450 767 coniungit.

213 779 322 821 Ibid.
362 783 427 820 19.
496 780 556 820 De
600 779 867 820 Patzinacitis
903 777 1096 828 Scythica
1135 781 1276 831 gente,
1328 777 1395 830 qui
1429 776 1548 816 etiam

103 836 352 878 Patzinacae
379 834 472 876 aliis
501 835 698 883 dicuntur,
724 835 815 874 vide
843 846 945 887 quae
968 834 1092 874 habet
1120 832 1310 873 Ortelius.

211 904 279 950 68,
311 902 376 941 15.
446 893 765 950 ἆποκρισιάριον
793 900 835 940 id
876 904 937 939 est
962 899 1155 952 legatum.
1200 897 1350 951 passim
1393 897 1550 950 quidem

101 956 179 998 hac
211 955 506 1010 significatione
537 956 714 995 occurrit
742 955 847 1007 apud
881 954 1101 1007 scriptores
1140 954 1296 994 mediae
1324 957 1364 992 et
1391 954 1550 993 infimae

101 1011 348 1053 Graecitatis
379 1023 428 1051 ac
454 1011 690 1052 Latinitatis
717 1011 774 1063 (v.
797 1010 996 1064 Ducangii
1024 1014 1235 1062 utrumque
1264 1008 1550 1058 Glossarium),

100 1067 207 1117 unde
241 1070 447 1107 nostrates
488 1067 670 1119 legatum
718 1066 897 1118 poclisar
931 1066 1153 1117 appellant.
1223 1063 1372 1116 incepit
1418 1068 1550 1103 autem

101 1122 180 1162 boc
203 1134 348 1163 nomen
384 1125 425 1161 et
462 1135 603 1162 munus
633 1120 889 1161 Constantini
927 1120 1065 1172 magni
1104 1125 1304 1171 tempore,
1336 1126 1380 1158 ut
1409 1119 1551 1158 scribit

101 1178 340 1218 Hincmarus
370 1176 487 1229 epist.
516 1181 545 1217 3
571 1190 604 1218 c.
632 1180 697 1217 13.
755 1189 830 1216 nec
858 1176 910 1216 ab
940 1175 1099 1228 origine
1125 1188 1200 1228 pro
1229 1174 1371 1227 quovis
1410 1173 1550 1226 legato

101 1233 347 1283 sumebatur,
373 1232 446 1272 sed
476 1232 546 1285 qui
586 1231 780 1272 ecclesiae
807 1231 974 1284 negotia
1013 1230 1219 1271 tractabat
1246 1231 1419 1282 legatus,
1451 1241 1551 1280 apo-

100 1287 308 1328 crisiarius
338 1287 571 1337 dicebatur3
602 1286 820 1340 posteriori
848 1290 981 1327 autem
1009 1298 1111 1326 aevo
1138 1297 1213 1338 pro
1235 1284 1377 1338 quovis
1410 1284 1549 1337 legato

98 1342 374 1384 indifferenter
402 1347 638 1395 usurpatum
669 1345 742 1382 est.

209 1395 320 1438 Ibid.
349 1401 415 1438 16.
473 1390 573 1446 ὄψις
600 1396 810 1449 multiplici
855 1396 1152 1449 significatione
1190 1394 1296 1448 apud
1328 1394 1548 1447 scriptores

99 1453 288 1501 occurrit,
315 1453 643 1506 quemadmodum
672 1453 792 1492 etiam
822 1452 929 1504 apud
958 1452 1088 1504 ipsum
1108 1450 1441 1500 Constantinum3
1472 1450 1549 1490 hoc

104 1507 194 1561 ipso
221 1507 368 1561 quippe
396 1508 502 1548 libro
529 1521 561 1547 c.
579 1511 635 1548 53
660 1500 760 1557 ὄψις
789 1519 864 1559 pro
890 1505 1010 1547 vultu
1038 1507 1245 1559 accipitur.
1300 1506 1343 1546 in
1371 1505 1551 1546 Tacticis

98 1562 206 1616 apud
231 1563 470 1603 Mauricium
501 1554 600 1612 ὄψις
630 1575 704 1616 pro
733 1564 962 1603 exercitus
989 1560 1138 1613 fronte
1164 1566 1397 1614 usurpatur.
1428 1565 1472 1601 at
1508 1561 1551 1601 in

98 1618 422 1670 praesentiarum
465 1609 564 1668 ὄψις
603 1622 664 1659 est
704 1629 847 1670 purum
882 1621 1019 1670 putum
1060 1617 1249 1658 Latinum
1288 1615 1443 1663 obses,-
1472 1627 1551 1669 qua

99 1673 264 1713 notione
293 1673 490 1726 accipitur
517 1673 639 1714 etiam
667 1685 701 1713 c.
734 1676 760 1712 ⁷
789 1672 906 1712 huius
936 1673 1034 1712 libri
1064 1685 1220 1712 necnon
1248 1685 1282 1713 c.
1311 1675 1339 1712 8
1370 1676 1411 1711 et
1439 1674 1505 1712 45.

211 1736 320 1779 [bid.
347 1743 414 1778 20.
479 1737 717 1788 γειτνιάζει]
757 1750 811 1778 ex
850 1738 932 1778 illis
965 1750 1070 1791 quae
1106 1738 1148 1779 in
1192 1738 1449 1791 sequentibus
1477 1737 1551 1778 ha-

99 1793 168 1834 bet
210 1793 387 1846 scriptor
426 1797 565 1833 noster
600 1794 721 1834 facile
764 1805 901 1833 eorum
937 1795 1119 1847 regionis
1169 1794 1318 1834 limites
1365 1793 1550 1846 dignosci

100 1852 279 1901 possunt.

211 1901 325 1944 Ibid.
357 1906 423 1943 22.
482 1897 741 1955 κουρσεύειν]
773 1907 835 1944 est
850 1914 1049 1955 cursare,
1079 1902 1289 1957 praedari
1318 1904 1550 1944 excursio-

98 1969 178 1999 nes
203 1956 372 2010 facere.
428 1959 581 1998 Menas.
625 1959 702 1999 hac
732 1959 897 1999 notione
924 1971 1046 2011 saepe
1077 1959 1253 1999 occurrit
1280 1959 1386 2011 apud
1417 1959 1551 1999 Theo-

99 2013 271 2066 phanem
311 2017 352 2054 et
377 2014 483 2054 alios
514 2015 758 2066 scriptores,
788 2027 944 2055 necnon
986 2015 1116 2068 ipsum
1158 2013 1466 2055 Constantinum
1508 2014 1550 2054 in

98 2068 292 2110 Tacticis.
325 2081 364 2110 v,
396 2069 596 2122 Ducangii
625 2068 691 2110 Gl.
721 2069 796 2109 Gr.

211 2132 319 2175 Ibid.
349 2139 415 2179 23.
474 2131 683 2187 κλήματα]
714 2135 1003 2188 interpretatus
1026 2147 1114 2175 snm
1140 2146 1289 2188 payos,
1317 2135 1453 2176 nescio
1483 2148 1551 2175 sa-

99 2188 152 2229 tis
188 2201 242 2230 an
284 2194 407 2232 recte.
450 2191 605 2232 Mmms.
679 2190 969 2244 interpretatus
1004 2203 1090 2230 sum
1127 2193 1326 2244 reqiones
1365 2191 1549 2243 exemplo

99 2243 194 2285 edit.
225 2245 316 2287 Lat.
349 2245 559 2287 Canonum
588 2246 785 2286 ecclesiae
814 2246 941 2286 Afric.
973 2259 1061 2286 can.
1085 2250 1191 2287 107:
1222 2245 1266 2285 ἐν
1292 2246 1342 2300 τῇ
1374 2245 1550 2297 Χαλκη-

99 2293 190 2336 δόνι
217 2297 276 2344 εἰς
304 2295 380 2351 τὴν
421 2297 639 2353 ἐκκλησίαν
676 2300 752 2339 τοῦ
778 2299 975 2351 δευτέρου
1005 2296 1233 2352 κλήματος,
1273 2302 1320 2342 in
1360 2300 1550 2343 basilica

99 2354 289 2406 reqionis
318 2355 548 2398 secundae.
576 2361 751 2396 ceterum
778 2357 884 2409 apud
917 2356 1082 2396 eundem
1111 2356 1415 2398 Constantinum
1447 2357 1547 2397 scri-

97 2408 208 2449 bitur
236 2408 374 2459 κλῆμα
404 2415 444 2450 et
473 2408 611 2461 κλίμα,
642 2424 729 2451 cum
758 2425 782 2462 η
812 2424 846 2451 c.
877 2411 954 2450 hoc
983 2411 1137 2464 primo,
1167 2425 1254 2452 cum
1294 2416 1316 2452 1
1355 2425 1389 2454 c.
1422 2417 1477 2454 37
1507 2416 1548 2453 et

98 2475 134 2504 c.
163 2466 228 2504 42.
273 2468 314 2505 et
342 2465 400 2506 ita
428 2467 544 2507 varie
573 2466 787 2520 scriptum,
828 2466 968 2506 eadem
995 2471 1129 2507 tamen
1168 2468 1358 2520 notione,
1396 2467 1549 2521 passim

96 2520 301 2572 reperitur
330 2520 438 2573 apud
464 2525 663 2562 auctores.

206 2579 274 2623 69,
303 2578 342 2616 3.
401 2575 462 2615 De
487 2576 628 2617 Russis
658 2580 698 2616 et
722 2577 870 2617 Russia
899 2577 1081 2630 pluribus
1109 2577 1292 2632 loquitur
1318 2579 1428 2619 infra
1459 2591 1492 2619 c.
1519 2582 1548 2618 9

97 2629 272 2682 scriptor
329 2634 482 2671 noster.
566 2632 617 2671 de
657 2632 799 2672 Russis
853 2636 986 2673 autem
1024 2632 1200 2682 Symeon
1235 2634 1467 2688 Logotheta
1506 2633 1548 2674 in

97 2683 287 2726 chronico
316 2698 377 2726 ms
407 2686 468 2727 sic
494 2687 693 2740 loquitur:
717 2683 820 2733 Ῥιός
853 2686 900 2726 δὲ
929 2682 968 2726 οἱ
994 2685 1066 2727 καὶ
1093 2688 1316 2742 Δρομῖται,
1351 2685 1546 2742 φερώνυ-
