1780 3132
280 171 372 214 212
554 174 900 217 CONSTANTiNl
941 175 1408 219 PORPHYROGENITI

277 269 419 319 σιλειὶς
457 269 653 323 βοήθειαν
687 271 761 310 τοῦ
796 273 1038 319 ταξατεῦσαι
1078 271 1124 312 τὸ
1163 275 1344 315 τοιοῦτον
1371 274 1569 329 κάστρον,
1607 274 1677 316 καὶ

276 331 355 385 ὅτι,
381 334 420 374 εἰ
442 336 661 385 ἐνδέχεται,
689 331 788 389 ἔλθῃ
816 333 887 374 καί
913 331 933 373 ὃ
963 336 1196 386 ὃομέστικος
1221 337 1302 377 τῶν
1321 339 1490 390 σχολῶν.
1542 339 1673 379 ταῦτα

251 396 428 445 .ἰδόντες
457 396 492 436 οἱ
512 393 688 450 Ἴβηρες,
729 394 751 436 ὅ
779 412 823 437 τε
859 397 1078 450 μα’γιστρος
1103 402 1350 453 Κουρκὲνιος
1387 403 1458 442 καί
1493 401 1514 441 ὅ
1549 399 1673 455 μα’γι-

270 475 391 513 στρος
427 462 564 510 Δαβίδ
606 463 676 500 καί
717 459 737 499 ὅ
781 459 960 515 οἷδελφός
997 464 1072 502 τοῦ
1113 465 1419 515 κουροπαλάτου
1453 465 1671 518 Ἀσωτιόν,

270 522 458 575 ἔγραψαν
482 522 583 574 πρὸς
619 522 686 563 τὸν
712 526 885 575 βασιλέα
911 520 974 565 ὅτι
1001 526 1040 566 εἰ
1062 528 1180 566 τοῦτο
1211 528 1474 581 καταδέξηται
1501 529 1525 581 ἦ
1551 531 1701 580 βασι-5

269 589 358 628 λεία
388 601 462 627 σου
487 589 555 627 καί
583 589 746 643 εἰσέλθῃ
774 590 995 642 μὲσον.τῆς
1017 588 1158 644 χώρας
1175 588 1302 644 ἡμῶν,
1325 590 1574 644 ἐξερχόμεθα
1595 595 1669 651 τῆς

270 648 506 697 δουλώσεως
546 653 614 702 τῆς
643 654 854 701 βασιλείας
878 667 954 693 σου
987 653 1057 693 καί
1079 652 1278 706 γινόμεθα
1301 652 1401 706 μετὰ
1429 657 1508 696 τῶν
1531 657 1669 709 Σαρα-

266 715 414 768 κηναῖν,
444 713 581 767 ἐπειδὴ
625 714 734 766 ἔχειν
770 714 917 768 ἔχομεν
952 715 1056 767 μετὰ
1085 718 1166 757 τῶν
1187 716 1400 769 Ῥωμαίων
1429 717 1569 772 μάχας
1600 725 1671 765 καί

266 780 463 830 πολέμια,
508 778 579 819 καί
616 778 849 831 βιαζόμενοι
889 781 1048 834 κινῆσαι
1083 779 1229 833 ἔχομεν
1259 781 1468 836 φοσσάτον
1492 782 1597 824 κατά
1622 799 1668 825 τε

266 844 341 883 τοῦ
385 843 560 894 κάστρου
587 843 910 896 Ἀδρανουτζιόυ
938 847 1009 886 καί
1035 847 1101 899 τῆς
1125 843 1265 898 χώρας
1291 847 1424 887 αὐτῶν
1448 849 1520 888 καί
1543 844 1667 901 αὖτῆς
1680 860 1721 892 10

264 909 335 957 τῆς
355 903 595 957 Ῥωμανιάς.
649 910 777 948 ταῦτα
806 910 876 948 καί
903 907 968 948 διὰ
1000 911 1078 950 ταῖν
1104 907 1355 962 γραμμάτων
1379 913 1460 951 ταῖν
1488 926 1665 966 προρρη-

263 972 417 1011 θέντων
457 970 663 1022 α’ρχὸντων
704 970 930 1022 α’ναμαθών
971 975 1041 1012 καί
1077 973 1188 1026 παρὰ
1238 976 1319 1015 τῶν
1361 974 1665 1016 ἀποσταλέντων

263 1038 359 1088 παρ’
384 1035 517 1075 αὐτῶν
542 1035 768 1086 ἀνθρώπων
797 1035 999 1090 ἀκηκοώς,
1036 1036 1108 1077 καί
1139 1037 1326 1091 πτοηθείς
1350 1035 1495 1090 μήπως
1520 1041 1666 1091 γένων-

262 1115 331 1139 ται
367 1099 470 1150 μετὰ
511 1100 588 1139 τῶν
626 1101 874 1153 Σαρακηνῶν
917 1101 986 1141 καί
1026 1102 1252 1153 ἑξαγάγωσι
1293 1100 1342 1142 τὰ
1377 1101 1448 1154 τῆς
1475 1101 1664 1155 Περσίας

262 1162 452 1216 φοσοιὶτα
486 1162 586 1203 κατὰ
610 1163 864 1218 Ῥωμανιίις,
895 1164 1098 1216 ἠρνήσατο
1139 1166 1264 1216 λέγων
1303 1161 1361 1205 ὅτι
1397 1165 1471 1205 οὐκ
1499 1163 1662 1218 ἔγραψα
1677 1182 1717 1214 15

147 1235 250 1270 {³129
265 1225 333 1268 τόν
359 1227 728 1281 πρωτοσπαθάριον
758 1226 1006 1268 Κώνσταντα
1046 1226 1117 1268 τὸν
1145 1226 1421 1281 μαγγλαβίτην
1460 1229 1557 1281 περὶ
1591 1231 1665 1270 τοῦ

261 1289 441 1331 τοιούτου
473 1291 648 1343 κάστρου
678 1291 749 1332 καί
776 1294 846 1344 τῆς
869 1289 1010 1344 χώρας
1049 1293 1177 1332 αὐτοῦ
1208 1294 1280 1333 τοῦ
1306 1296 1560 1346 παραλαβεῖν
1587 1296 1663 1333 ati-

241 1355 341 1409 ,τήν,
368 1355 459 1395 ’ἀλλ’
486 1358 528 1405 ε’·’ξ
559 1354 705 1407 οἰκείας
734 1354 790 1402 ὥς
816 1356 941 1395 εἰπεῖν
968 1354 1201 1409 ἀφροσύνης
1233 1357 1354 1397 τοῦτο
1383 1358 1557 1411 ἐποίησε.
1595 1359 1666 1398 καί

258 1421 387 1460 ταῦτα
415 1415 562 1460 εἶπενὸ
586 1418 783 1471 βασιλεὺς
810 1420 970 1466 τελείως
998 1421 1338 1472 ἀποθεραπεῦσαι
1363 1419 1534 1469 τούτους
1557 1423 1661 1473 βου-

258 1481 438 1535 λόμενος·
494 1483 564 1524 καί
585 1484 745 1533 ἐδέξατο
767 1482 788 1523 ὅ
817 1481 944 1530 αὐτὸς
975 1482 1338 1536 πρωτοσπαθαριος
1367 1484 1569 1533 Κώνστας
1587 1484 1658 1526 καί
1671 1494 1716 1527 20

255 1550 530 1600 μαγγλαβίτης
557 1550 740 1588 κέλευσιν
769 1546 869 1598 μετὰ
903 1543 1064 1599 ἱ’βρεων
1088 1549 1158 1587 καί
1187 1548 1365 1588 ἀπειλῶν
1393 1550 1661 1602 περιέχουσαν

242 1609 335 1657 ,“τι’ς
364 1610 580 1663 ὃιωρίσατό
619 1626 684 1651 σοι
725 1613 844 1651 τοῦτο
886 1612 1082 1664 ποιῆσαις
1124 1607 1228 1652 ἀλλὰ
1265 1614 1419 1663 μᾶλλον
1449 1610 1588 1662 ἔξελθε
1614 1615 1660 1655 ἐκ

255 1676 332 1715 τοῦ
357 1675 560 1728 κάστρου,
599 1674 669 1716 καί
700 1675 909 1727 α’ναλαβοῦ
933 1674 1133 1717 Ἀσώτιον
1158 1673 1226 1717 τὸν
1249 1674 1340 1717 υἱὸν
1375 1677 1451 1718 τοῦ
1476 1681 1658 1719 τετελευ-

252 1880 329 1913 urbi
354 1882 385 1913 ei
407 1882 585 1926 praesidio
609 1887 746 1924 essent3
787 1883 992 1929 veniretque
1020 1895 1096 1916 cum
1121 1884 1180 1924 iis,
1207 1885 1233 1916 si
1260 1885 1332 1918 [ieri
1358 1891 1494 1929 posset,
1518 1885 1658 1927 schola-

251 1937 325 1958 rum
347 1927 569 1961 domesticus.
617 1927 704 1961 haec
740 1939 815 1960 cum
840 1930 999 1962 viderent
1021 1929 1158 1970 Iberes,
1196 1932 1357 1974 magister
1391 1932 1579 1964 Cui-cenius
1622 1937 1657 1965 et

248 1973 410 2015 magister
434 1974 546 2006 David
575 1974 683 2006 Asotii
710 1975 931 2018 curopalatae
957 1976 1080 2015 frater,
1106 1977 1305 2019 imperatori
1332 1977 1540 2020 scripserunt
1562 1976 1657 2010 hune

249 2020 285 2050 in
308 2019 460 2053 niodum.
505 2019 557 2052 “si
584 2021 745 2052 maiestas
770 2026 828 2052 tua
853 2020 919 2052 hoc
941 2021 1122 2064 permittit,
1147 2026 1182 2053 et
1206 2022 1243 2054 in
1267 2027 1389 2054 terram
1416 2028 1568 2055 nostram
1595 2034 1656 2056 ve-

248 2065 333 2104 niat,
361 2065 566 2110 obsequium
595 2076 696 2097 omne
723 2066 920 2098 deserentes
947 2077 1023 2097 cum
1040 2066 1218 2099 Saracenis
1240 2078 1304 2099 nos
1325 2067 1518 2110 iungemus,
1541 2079 1657 2112 quan-

250 2109 438 2153 doquidem
464 2111 595 2155 praelia
627 2122 703 2143 cum
728 2113 885 2144 Romanis
918 2122 1035 2154 gerere
1066 2113 1240 2155 cogimur,
1278 2118 1314 2145 et
1351 2123 1414 2158 per
1448 2114 1518 2147 vim
1544 2115 1655 2147 coacti

250 2161 369 2188 contra
396 2157 642 2189 Adranutzium
671 2158 815 2200 eiusque
843 2158 1049 2189 territorium
1076 2164 1110 2190 et
1133 2158 1241 2201 ipsam
1267 2158 1354 2191 adeo
1375 2159 1570 2191 Romani-‘im
1592 2170 1655 2192 ex-

250 2202 394 2234 ercitum
421 2202 546 2234 ducere
577 2202 775 2234 debemus.”
824 2203 878 2235 his
903 2203 1091 2238 intellectis
1119 2214 1194 2235 cum
1228 2214 1290 2246 per
1313 2204 1432 2236 literas
1455 2204 1655 2249 praedicto·
1694 2203 1703 2211 '

249 2258 323 2278 rum
357 2248 551 2293 principum
580 2253 652 2280 tum
683 2259 746 2292 per
771 2248 926 2281 homines
959 2247 1002 2280 ab
1029 2249 1113 2293 ipsis
1137 2250 1278 2288 missos,
1304 2250 1433 2282 veritus
1455 2261 1500 2283 ne
1522 2251 1655 2283 viribus

247 2303 324 2324 cum
349 2293 528 2326 Saracenis
554 2295 747 2326 coniunctis
781 2295 913 2326 persiae
939 2294 1056 2338 copias
1090 2300 1208 2327 contra
1232 2295 1432 2328 Romaniam
1457 2295 1656 2336 educerent,

248 2338 430 2371 Constanti
465 2340 748 2383 protospathario
774 2339 1003 2372 manclabitae
1035 2340 1078 2372 de
1118 2340 1201 2372 urbe
1237 2340 1300 2372 liae
1334 2342 1480 2385 eiusque
1515 2341 1654 2375 dicione

247 2384 451 2427 accipienda
489 2385 662 2428 scripsisse
700 2395 737 2416 se
764 2386 934 2428 negabat,
959 2385 1020 2417 sed
1048 2386 1185 2429 propria
1210 2386 1245 2417 id
1273 2386 1518 2430 imprudentia,
1541 2392 1581 2420 ut
1606 2388 1655 2420 ita

247 2429 378 2468 dicam,
417 2441 493 2461 euin
529 2430 663 2462 secisse.
713 2436 748 2462 et
775 2430 860 2463 haec
885 2431 1024 2476 quidem
1054 2431 1193 2463 dicebat
1217 2433 1404 2475 imperator
1427 2433 1569 2465 omnino
1594 2443 1654 2465 eos

246 2474 396 2507 delinire
420 2476 583 2519 cupiens;
623 2476 893 2520 mandatumque
920 2477 993 2521 ipse
1018 2477 1266 2509 Constantinus
1293 2478 1591 2521 protospatharius
1619 2484 1655 2511 et

245 2520 456 2552 manclabita
482 2521 616 2564 accepit
650 2533 726 2554 cum
763 2523 926 2554 conviciis
952 2527 987 2554 et
1011 2523 1114 2555 minis
1141 2524 1316 2555 cuiusnam
1349 2525 1441 2556 iussu
1460 2522 1527 2556 hoc
1548 2524 1653 2556 fecis-

248 2571 323 2606 set3
366 2567 451 2609 quin
478 2567 593 2609 potius
628 2567 715 2599 urbe
743 2568 864 2608 exiret,
890 2573 925 2600 et
946 2569 1101 2600 Asotium
1128 2569 1286 2601 defuncti
1310 2569 1486 2601 Adranase
1507 2580 1654 2613 curopa-

244 2611 337 2643 latae
363 2612 472 2643 filium
498 2623 611 2644 secum
635 2619 825 2646 assumeret
849 2619 954 2658 atque
977 2615 1012 2646 in
1039 2613 1158 2645 urbem
1185 2614 1394 2654 adduceret,
1419 2620 1458 2647 ut
1483 2614 1653 2658 dignitate

243 2662 388 2701 paterna
415 2657 636 2703 curopalatae
659 2664 852 2704 augeretur.
899 2659 985 2693 haec
1001 2659 1059 2692 ubi
1079 2661 1270 2705 accepisset
1285 2661 1453 2706 patricius
1473 2660 1651 2701 Constans,
