1780 3132
511 205 587 248 DE
614 206 651 249 T
653 205 971 250 HEMATIBUS
998 205 1102 250 LIB.
1129 205 1182 249 Π.
1505 205 1567 249 51

121 322 192 373 τῆς
222 319 496 369 Μακεδονίας.
539 310 669 360 κᾶλλιὶ
701 321 766 360 καὶ
804 317 1010 375 Ἱεροκλῆς
1049 317 1071 361 ὃ
1103 319 1379 375 γραμματικὸς
1411 319 1452 360 ἓν
1482 325 1569 367 ταῖς

120 388 422 436 Μακεδονικαῖς
441 386 566 442 αὐτὴν
587 387 740 429 τέθεικε
759 385 932 429 πόλεσιν.
1000 387 1076 442 ἔχει
1097 386 1230 442 δὲτὴν
1251 388 1467 441 ὀνομασίαν
1489 387 1567 427 ἀπὸ

121 452 309 509 τοιαύτης
332 456 481 504 αι’τιάς·
530 457 728 504 Φίλιππος
757 453 777 495 ὃ
806 453 1002 508 Ἀμύντου
1037 451 1270 506 Θεσσαλοὺς
1299 459 1382 498 ἐκεῖ
1409 453 1570 510 νικήσας

121 526 174 580 τῇ
191 525 367 580 θυγατρὶ
387 526 453 565 καὶ
472 527 523 580 τῇ
544 522 655 565 πόλει
678 521 901 577 ὁμωνύμως
920 523 964 566 τὸ
990 522 1115 578 ὄνομα
1138 524 1266 566 ἔθετο.

89 595 112 631 5
469 605 644 650 Πέμπτον
666 605 768 651 θέμα
790 606 859 651 τῆς
877 604 1060 651 Εὐρώπης
1082 604 1222 647 Ἑλλάς.

251 656 404 708 εΕλλὰς
423 657 449 714 ἦ
467 659 585 716 χώρα
607 658 759 713 ἐκλήθη
784 661 861 701 ἀπὸ
878 659 1078 714 ’Ἕλληνος
1099 664 1170 701 τοῦ
1192 659 1492 709 Δευκαλίωνος,
1528 655 1572 706 ὃς

122 725 394 776 δυναστεύσας
413 732 485 782 τῆς
500 726 735 777 Φθιώτιδος
753 728 848 778 τοὺς
867 725 1068 782 ὗπηκόους
1086 725 1214 784 ἑαυτῷ
1233 727 1466 783 γενομένους
1486 726 1572 767 ἀντὶ

122 795 311 851 Γραικῶν
323 794 526 849 ’Έλληνας
547 794 729 838 ἐκάλεσε·
775 797 840 837 καὶ
860 794 949 838 τότε
970 801 1129 851 πρῶτον
1152 793 1306 845 Ἕλλιὶς
1335 793 1573 848 ὠνομάσθη.

123 863 197 906 οὔκ
222 858 273 918 ἦν
294 864 337 905 δὲ
357 867 474 905 τοῦτο
495 864 666 906 παλαιὸν
687 863 815 917 ὄνομα
836 863 980 914 ἔθνους
1004 864 1107 905 ἀλλὰ
1130 869 1266 920 φωνῆς
1287 868 1359 917 τῆς
1383 861 1571 916 ζΕλληνι-

70 935 195 986 1οκῆς
214 932 383 985 ῗδίωμα,
431 929 486 981 ὥς
507 930 528 973 ὅ
547 932 801 989 συγγραφεὺς
821 931 1079 989 Ἀλεξανδρός
1101 949 1223 989 φησι,
1258 932 1332 986 τὴν
1355 932 1575 985 ὀνομασίαν

121 1000 358 1055 νεωτερικὴν
377 999 505 1049 εἰδώς.
574 1003 687 1042 δοκεῖ
701 1002 749 1042 δέ
761 1016 830 1054 μοι
841 1033 854 1052 ,
890 1001 984 1043 οὐδὲ
1004 1001 1050 1042 τὸ
1079 999 1206 1053 ὄνομα
1232 1004 1350 1042 τοῦτο
1378 996 1574 1052 σύμπασά
1598 1009 1626 1042 Ρ
1652 1007 1695 1041 24

120 1084 207 1118 πως
230 1066 330 1122 εἶχεν
347 1065 374 1122 ,ἦ
390 1066 521 1124 χώρα.
576 1069 667 1110 οὐδ’
693 1067 714 1110 ’ὃ
737 1069 904 1123 ποιητὴς
924 1067 1107 1123 ἐμνήσθη
1126 1066 1350 1123 ςΕλλήνων,
1380 1068 1578 1124 Ἀργείους

122 1136 272 1184 αὖτοὺς
301 1136 527 1187 ἀποκαλῶν,
574 1137 678 1178 ἀλλὰ
703 1137 937 1187 Θεσσαλοὺς
965 1135 1088 1190 μόνον
1112 1137 1340 1186 ἀποκαλῶν,
1386 1138 1451 1177 καὶ
1476 1133 1578 1176 (Ελ-

99 1201 104 1204 ’
122 1202 230 1246 λάδα
249 1203 322 1258 τὴν
344 1202 418 1246 ὑπ’
437 1205 613 1258 Ἀχιλλεῖ
627 1203 755 1256 πόλιν,
791 1203 846 1255 ὥς
861 1204 1123 1260 Ἀλέξανδρός
1145 1221 1267 1260 φησιν
1291 1202 1311 1246 ὃ
1334 1207 1577 1259 πολυῖστωρ,

70 1275 114 1312 15
125 1272 309 1326 οὐδαμοῦ
325 1272 420 1322 τοὺς
435 1270 671 1325 σύμπαντας
689 1271 1121 1327 ὠνόμασεν“Ελληνας,
1157 1272 1248 1314 οὐδ’
1276 1270 1424 1321 ἄλλους
1443 1271 1468 1326 ἢ
1486 1271 1580 1321 τοὺς

125 1339 228 1396 μετὰ
251 1339 462 1394 Ἀχιλλέως
489 1342 532 1382 ἐκ
560 1345 632 1393 τῆς
656 1339 889 1390 Φθιώτιδος
906 1340 1006 1398 πρὸς
1030 1340 1103 1395 τὴν
1124 1339 1254 1382 Ἴλιον
1275 1335 1580 1389 ἐκπλεύσαντας.

123 1408 202 1463 ἔχει
224 1408 269 1450 δὲ
288 1407 334 1451 τὸ
356 1408 467 1462 θέμα
486 1413 559 1462 τῆς
572 1406 775 1458 ζΕλλιίδος
793 1408 926 1458 πόλεις
946 1406 1028 1460 σθ’,
1057 1406 1219 1464 πρώτην
1241 1409 1314 1461 μὲν
1332 1407 1580 1465 Σκάρφειαν,

122 1475 165 1531 β’
177 1476 402 1527 Ἐλευσῖνα,
432 1475 467 1531 γ’
486 1475 682 1528 Λαύλιον,
713 1475 749 1518 δ’
767 1475 1039 1532 Χαιρώνειαν,
1062 1475 1099 1537 ι«ε’
1119 1475 1380 1527 Ναύπακτον,
1417 1475 1451 1526 ς’
1471 1477 1580 1518 Λελ-

123 1543 250 1602 φούς,
295 1543 328 1596 ζ’
352 1544 595 1602 Ἄμφισσαν,
641 1547 708 1587 καὶ
737 1546 810 1595 τὰς
842 1544 997 1595 λοιπάς.
1065 1546 1306 1600 συναρίθμει
1341 1546 1384 1586 δὲ
1413 1543 1582 1594 ταύταις

69 1615 192 1656 2οκαὶ
210 1617 332 1668 νῆσον
348 1613 422 1668 τὴν
437 1612 630 1666 Εὔβοιαν,
664 1612 715 1667 ἥν
733 1631 834 1664 τινες
851 1613 987 1655 Χάλιν
1002 1611 1028 1666 ἢ
1047 1614 1237 1655 Χαλκίδα
1257 1612 1582 1666 ἐπονομάζουσιν.

125 1681 204 1736 ἔχει
235 1682 280 1724 δὲ
307 1682 410 1736 μεθ’
447 1680 592 1736 ἑαυτῆς
619 1684 687 1724 καὶ
716 1682 790 1732 τὰς
817 1683 1066 1735 καλουμένας
1094 1680 1242 1735 νήσους
1269 1680 1492 1731 Κυκλάδας
1515 1683 1583 1723 καὶ

123 1754 245 1805 νῆσον
263 1750 336 1805 τὴν
355 1750 540 1805 Αἴγιναν,
564 1754 742 1810 καταντᾷ
760 1751 803 1792 δὲ
823 1753 888 1792 καὶ
908 1751 1025 1807 μέχρι
1043 1749 1332 1806 Θερμοπυλῶν,
1359 1750 1400 1791 ἓν
1421 1744 1455 1808 ᾧ
1472 1748 1583 1807 τόπῳ

215 1857 238 1891 2
261 1853 355 1890 aniz&
379 1856 409 1890 C
500 1853 575 1891 ὑπὸ
602 1857 726 1902 vulgo:
752 1869 831 1892 corr
853 1858 883 1892 C
975 1858 998 1893 3
1023 1857 1216 1897 θεσσαλεῖς
1238 1857 1268 1891 C
1365 1860 1404 1893 11
1431 1856 1582 1891 δοκεῖνί)

124 1945 207 1991 quin
223 1944 326 1979 etiam
342 1945 521 1980 Hierocles
537 1948 777 1991 grammaticus
800 1947 893 1981 inter
909 1946 1135 1981 Macedoniae
1157 1947 1262 1980 urbes
1287 1956 1360 1979 eam
1382 1945 1579 1981 collocavit.

124 2004 145 2026 a
169 1991 388 2037 pellationem
427 2001 538 2026 autem
576 1995 620 2027 ab
660 1994 829 2027 eiusmodi
869 2001 973 2026 causa
1005 1992 1158 2026 obtinet:
1195 1991 1379 2037 Philippus
1411 1992 1582 2035 Amyntae

162 2038 237 2080 ius,
270 2037 322 2072 ibi
344 2037 494 2073 victoria
517 2050 536 2072 a
564 2038 744 2073 Thessalis
769 2045 972 2085 reportata,
1006 2038 1101 2077 filiae
1123 2043 1158 2072 et
1181 2036 1318 2071 civitati
1343 2037 1432 2071 idem
1457 2049 1582 2072 nomen

123 2083 169 2118 im
195 2082 299 2119 osuit.
751 2119 757 2123 ,

170 2095 192 2130 Ρ
517 2129 688 2173 Quintum
714 2130 831 2164 thema
850 2130 1023 2173 Europae
1049 2127 1186 2162 Hellas.

214 2173 336 2207 Hellas
358 2174 456 2219 regio
480 2175 746 2221 appellationem
770 2176 907 2221 accepit,
930 2177 973 2209 ab
990 2175 1137 2208 Hellene
1161 2172 1382 2208 Deucalionis
1405 2173 1499 2214 filio;
1521 2174 1582 2218 qui

125 2227 201 2254 cum
226 2213 417 2253 dominatus
442 2228 535 2256 esset
549 2221 754 2261 Phthiotidi,
779 2222 934 2256 subditos
958 2221 1027 2255 sibi
1049 2220 1180 2254 incolas
1202 2231 1266 2264 pro
1291 2219 1438 2253 Graecis
1463 2219 1582 2253 Helle-

125 2277 189 2300 nas
212 2266 443 2311 nuncupavit3
467 2278 508 2300 ac
531 2273 613 2300 tunc
635 2268 778 2312 primum
802 2267 920 2301 Hellas
945 2266 1120 2300 nominata
1141 2265 1221 2300 fuit.
1263 2265 1329 2299 hoc
1353 2277 1436 2299 vero
1461 2277 1583 2299 nomen

125 2311 217 2345 haud
237 2311 412 2355 antiquum
435 2312 503 2346 fuit
525 2313 652 2357 gentis,
676 2313 738 2347 sed
758 2313 996 2347 Graecanicae
1020 2312 1119 2346 vocis
1142 2311 1351 2356 proprietas,
1376 2318 1413 2345 ut
1429 2310 1583 2345 Alexan-

125 2357 190 2391 der
220 2355 404 2390 historicus
433 2357 484 2392 ait
514 2370 553 2393 se
586 2364 795 2404 compertum
826 2359 989 2392 habuisse
1011 2357 1167 2391 Helladis
1198 2368 1318 2391 vocem
1352 2357 1583 2391 recentiorem

126 2413 216 2437 ossei
263 2402 347 2446 quin
378 2402 481 2437 etiam
513 2404 637 2449 opinor
661 2405 856 2439 universam
881 2405 1056 2448 regionem
1079 2403 1116 2436 id
1140 2402 1286 2437 nominis
1310 2414 1380 2436 non
1403 2402 1583 2445 obtinere;

124 2457 240 2492 neque
262 2458 348 2481 vero
375 2450 477 2493 poeta
493 2450 673 2484 Hellenum
697 2451 861 2493 meminit,
886 2461 960 2483 cum
976 2449 1126 2494 Argivos
1148 2449 1244 2493 ipsos
1268 2448 1439 2494 appellat:
1464 2459 1584 2482 verum

125 2493 317 2528 Thessalos
343 2493 448 2539 solos,
476 2500 511 2529 et
531 2496 711 2531 Helladem
730 2502 831 2530 vocat
853 2497 972 2530 urbem
995 2502 1086 2540 quae
1108 2494 1233 2529 Achilli
1256 2496 1414 2540 parebat,
1439 2499 1477 2528 ut
1499 2494 1582 2528 Ale-

125 2539 258 2574 xander
287 2538 485 2584 polyhistor
506 2541 639 2576 scribit.
687 2553 852 2587 nusquam
876 2541 1058 2575 universos
1083 2542 1239 2575 Graecos
1262 2540 1428 2574 Hellenas
1451 2551 1583 2574 nuncu-

127 2584 247 2631 pavit,
277 2596 388 2629 neque
412 2586 498 2620 alios
519 2594 659 2632 praeter
683 2600 742 2622 eos
767 2588 827 2632 qui
851 2598 925 2621 cum
950 2585 1083 2621 Achille
1107 2598 1151 2621 ex
1174 2585 1375 2620 Phthiotide
1398 2585 1496 2620 Ilium
1520 2597 1584 2620 na-

124 2630 301 2675 vigarunt.
348 2636 499 2666 ceterum
533 2633 648 2667 thema
670 2634 827 2667 Helladis
861 2635 965 2667 urbes
997 2633 1151 2667 continet
1183 2633 1248 2676 79,
1293 2642 1435 2676 quarum
1470 2631 1582 2676 prima

127 2682 183 2710 est
205 2675 386 2720 Scarphia,
411 2678 563 2712 secunda
585 2679 740 2723 Eleusin,
765 2680 870 2713 tertia
889 2678 1060 2722 Dauliuni,
1080 2683 1205 2724 quarta
1221 2678 1438 2720 Chaeronea,
1461 2677 1584 2722 quinta

125 2721 355 2766 Naupactum,
383 2729 483 2757 sexta
506 2724 643 2770 Delphi,
667 2725 813 2770 septima
839 2725 1032 2769 Amphissa,
1059 2731 1094 2758 et
1117 2730 1269 2758 ceterae.
1318 2723 1372 2757 his
1398 2723 1585 2757 adnumera

127 2767 232 2801 etiam
253 2767 396 2801 insulam
420 2770 620 2814 Euboeam,
653 2782 752 2816 quam
777 2770 929 2804 nonnulli
951 2770 1075 2804 Chalin
1099 2770 1155 2803 vel
1179 2769 1348 2804 Chalcida
1371 2774 1585 2814 nuncupant.

126 2811 215 2847 haec
236 2823 342 2857 porro
365 2825 480 2849 secum
503 2815 608 2851 habet
631 2817 734 2851 etiam
758 2817 888 2851 insulas
912 2815 1085 2859 Cyclades
1111 2816 1392 2860 cognominatas,
1418 2820 1456 2849 et
1476 2814 1585 2858 Aegi-

128 2869 204 2893 nam
226 2858 383 2903 insulam,
418 2866 524 2906 atque
546 2861 713 2898 inferiora
735 2874 844 2908 usque
865 2861 910 2897 ad
934 2860 1212 2907 Thermopylas,
1245 2860 1305 2896 ubi
1328 2860 1504 2895 Leonides
1526 2860 1586 2894 ille
