1780 3132
226 151 289 196 60
496 153 859 198 CONSTANTINI
892 154 1379 200 PORPHYROGENITI

221 261 318 316 βρία
346 268 542 317 κρατεῖται
569 263 678 317 παρὰ
697 266 773 303 τῶν
791 264 1058 317 Χριστιανῶν,
1093 265 1134 306 ἓν
1162 260 1188 321 ᾗ
1218 268 1282 307 καὶ
1308 266 1532 323 τὸ”“Ρήγιόν
1555 270 1637 312 ἔστι

221 329 286 368 καὶ
311 328 355 369 τὸ
382 327 639 381 πολισμάτιον
666 333 736 381 τῆς
761 327 873 382 ἁγίας
899 331 1105 386 Κυριακῆς
1126 336 1196 386 τῆς
1219 350 1258 374 τε
1285 332 1396 388 ἆγίας
1421 337 1636 392 Σεβηρίνης

220 396 285 435 καὶ
315 392 335 436 ὁ
364 394 530 451 Κρότων
548 396 613 435 καὶ
633 394 734 436 ἄλλα
751 394 857 446 τινά,
892 391 1018 453 ὧνπερ
1036 396 1056 439 ὅ
1072 399 1287 455 στρατηγὸς
1307 402 1541 457 Καλαβρίας
1561 420 1632 444 κυ-

218 457 347 515 ριεύει.
416 464 488 503 εἰσὶ
514 463 556 502 δὲ
586 461 627 502 αἶ
654 459 730 503 ὑπὸ
760 464 940 504 Σικελίαν
968 466 1033 506 καὶ
1061 465 1127 506 τὸν
1153 465 1297 520 ταύτης
1317 469 1533 523 στρατηγὸν
1556 468 1631 510 πό-

218 530 297 575 λεις
321 524 398 578 κβ’.
462 527 507 569 τὸ
539 528 581 569 δὲ
607 528 771 584 ἀρχαῖον
788 529 887 590 αὕτη
904 528 928 584 ἥ
947 536 1064 584 νῆσος
1081 533 1345 588 ἐτυραννεῖτο,
1375 536 1442 576 ἵνα
1460 535 1516 589 μὴ
1534 536 1664 590 λέγωό

217 591 461 645 ἐβασιλεύετο
470 626 483 644 ,
511 592 588 636 {md
612 612 653 636 τε
668 593 841 651 Ἱέρωνος
859 598 926 638 καὶ
946 598 1156 640 Διονυσίου
1179 604 1250 641 τοῦ
1268 598 1478 656 τυράννου·
1512 602 1634 658 παρέ-

215 663 339 711 λαβον
358 661 400 701 δὲ
419 660 541 713 αὐτὴν
562 662 598 702 οἳ
611 659 805 715 εΡωμαῖοι
822 663 922 715 μετὰ
941 663 1081 706 στόλου
1099 664 1286 720 μεγάλου,
1314 666 1376 708 ὅτε
1395 666 1635 724 Μάρκελλος

214 727 356 775 ε’κεῖνος
382 726 607 782 ἐστρατήγει
637 730 702 769 καὶ
729 727 926 784 ναύαρχος
953 735 1024 773 τοῦ
1050 729 1277 785 εΡωμαῦιοῦ
1313 733 1454 776 στόλου
1492 736 1633 776 ἐνεδεί-

213 809 328 834 κνυτο
337 824 350 843 ,
381 792 442 835 ὅτε
464 796 529 835 καὶ
552 793 807 849 Ἀρχιμήδης
825 794 845 837 ὅ
865 797 1085 853 γεωμέτρης
1104 799 1143 840 ἓν
1166 800 1303 849 αὖταΐς
1321 807 1406 850 ταῖς
1425 799 1632 856 Συρακού-

213 875 301 908 σαις
330 858 384 901 ὢν
413 861 550 910 νυκτὸς
577 859 748 915 ἁλούσης
773 866 843 916 τῆς
869 862 1017 912 πόλεως
1034 863 1111 906 ὑπὸ
1139 866 1378 922 στρατιώτου
1406 868 1510 916 τινὸς
1536 867 1632 923 ἀνῃ-
1643 875 1686 910 10

212 927 333 980 ρέθη·
382 925 426 967 ὃν
455 926 476 968 ὃ
508 927 748 983 Μάρκελλος
772 930 913 978 ἐκεῖνος
942 935 1128 973 τοσοῦτον
1160 932 1376 989 ἔθρήνησεν
1403 931 1456 983 ὥς
1480 935 1632 987 μηδένα

211 993 374 1034 κοπετὸν
406 993 700 1050 ἀπολειφθῆναι
727 1000 796 1049 τῆς
825 997 967 1038 ἐκείνου
995 1002 1138 1054 ταφῆς.
1204 1002 1270 1041 καὶ
1297 1005 1422 1042 ταῦτα
1448 1001 1520 1054 μὲν
1543 1003 1631 1058 περὶ

211 1060 402 1109 Σικελίας.

595 1164 816 1202 Ἐνδὲκατον
837 1167 937 1211 θὲμα
959 1169 1235 1215 Λογγιβαρδίας.

335 1236 396 1279 ‘H
410 1239 452 1280 δὲ
469 1241 752 1295 Λογγιβαρὸία
768 1243 917 1290 δισσοῖς
934 1240 1098 1295 ὀνόμασι
1116 1244 1311 1296 κέκληται,
1338 1244 1447 1299 παρὰ
1461 1244 1534 1298 μέν
1550 1262 1627 1288 τισι
1640 1254 1681 1289 15

206 1305 512 1361 Λογγιβαρβία,
546 1307 656 1348 τοῦτ’
689 1307 769 1349 ἔστι
794 1309 1041 1363 πολυγένεια,
1075 1310 1185 1365 παρὰ
1205 1310 1250 1351 δέ
1264 1326 1342 1352 τισι
1357 1313 1630 1368 Λαγοβαρδία

206 1368 260 1420 ὡς
287 1373 525 1427 πολυγένεια.
591 1371 617 1426 ἡ
646 1374 688 1414 δὲ
714 1379 763 1428 γῆ
789 1374 837 1426 ἣν
866 1379 1132 1426 κατοικοῦσιν,
1165 1375 1191 1427 η’
1220 1393 1260 1417 τε
1289 1379 1541 1433 Βοθρενοτὸς
1563 1381 1629 1420 καὶ

205 1435 406 1488 Νεάπολις
429 1438 454 1492 ἡ
480 1439 720 1495 μητρόπολις
746 1443 809 1482 καὶ
836 1441 879 1482 τὸ
899 1442 1069 1485 Βέσβιον
1091 1442 1184 1498 ὅρος
1203 1444 1268 1484 καὶ
1287 1441 1307 1484 ὃ
1328 1446 1368 1485 ἐν
1385 1444 1493 1502 αὐτῷ
1507 1447 1627 1501 Πυρ-

200 1503 337 1557 χάνος,
357 1504 553 1559 Ἑλλήνων
572 1509 667 1549 εἰσὶν
686 1508 870 1549 ἀποικίαι.
911 1510 976 1549 καὶ
995 1509 1055 1549 ἐπὶ
1072 1514 1150 1550 τῶν
1167 1507 1326 1566 ἡμερῶν
1338 1510 1627 1563 Ἰουστινιανοῦ,

202 1575 354 1624 μᾶλλον
380 1574 423 1614 δὲ
450 1573 654 1627 Ζήνωνος,
689 1575 912 1627 παρέλαβον
937 1575 974 1616 οἳ
999 1577 1039 1614 Γ
1036 1574 1150 1617 ότθοι
1172 1575 1243 1629 τήν
1267 1593 1308 1618 τε
1334 1576 1535 1619 Νεάπολιν
1559 1581 1679 1622 καὶ20

203 1639 275 1688 τὰς
291 1639 430 1689 λοιπὰς
446 1642 731 1697 παρακειμένας
747 1640 895 1691 πόλεις·
926 1636 979 1683 ὧν
996 1636 1090 1697 ἦρχε
1104 1645 1338 1692 Βουτελῖνος
1354 1642 1374 1685 ὅ
1393 1649 1471 1686 τῶν
1485 1644 1626 1701 Φράγ-

289 1779 310 1811 8
335 1775 464 1811 στόλου
489 1777 537 1812 C:
561 1778 667 1812 ceteri
690 1779 846 1820 στρατοῦ
957 1775 1216 1813 οἷνεδείκνυτοῒ
1328 1781 1371 1815 18
1397 1777 1624 1826 Οὖεσούβιον

288 1822 474 1868 Morellus,
500 1821 657 1867 Λέσβιον
679 1824 872 1858 Bandurius
895 1834 970 1857 cum
992 1835 1060 1858 mss

199 1954 267 1982 tur.
314 1947 387 1982 sola
408 1958 491 1981 vero
514 1951 609 1980 trans
632 1958 723 1980 mare
746 1945 905 1980 Calabria
928 1958 947 1979 a
971 1945 1175 1979 Christianis
1197 1950 1352 1990 tenetur,
1374 1946 1410 1979 in
1433 1957 1502 1990 qua
1523 1947 1625 1981 etiam

199 1993 366 2036 Rhegium
393 1998 446 2026 est
470 1997 504 2026 et
527 1992 719 2036 oppidulum
745 1992 782 2024 S.
809 1992 978 2035 Cyriacae
1003 1996 1036 2024 et
1060 1991 1100 2024 S.
1125 1991 1329 2032 Severinae,
1363 1995 1399 2024 et
1428 1991 1555 2035 croto,
1589 1997 1625 2026 et

199 2038 267 2071 alia
291 2037 454 2082 quaedam
477 2038 613 2081 oppida,
637 2037 759 2080 quibus
783 2037 851 2069 dux
875 2035 1055 2069 Calabriae
1076 2036 1278 2068 dominatur.
1325 2040 1405 2068 sunt
1427 2041 1538 2069 autem
1560 2038 1623 2070 sub

199 2083 321 2116 Sicilia
344 2087 378 2115 et
402 2083 474 2115 eius
497 2083 583 2115 duce
608 2083 708 2115 urbes
731 2081 854 2124 viginti
877 2082 976 2114 duae.
1023 2085 1169 2113 ceterum
1198 2081 1282 2112 haec
1304 2080 1414 2113 insula
1436 2080 1623 2125 antiquitus

198 2127 370 2160 dominatu
392 2127 571 2169 tyrannico
594 2129 795 2170 regebatur,
819 2137 860 2158 ne
883 2126 989 2158 dicam
1013 2125 1128 2168 regio,
1152 2126 1193 2158 ab
1219 2125 1372 2157 Hierone
1396 2129 1430 2158 et
1455 2125 1622 2169 Dionysio

197 2178 364 2214 tyrann03
402 2172 546 2204 Romani
570 2183 653 2204 vero
679 2183 750 2205 eam
775 2176 937 2215 ceperunt
960 2180 1032 2202 cum
1057 2181 1175 2213 magna
1198 2169 1325 2211 classe,
1360 2170 1495 2212 quando
1526 2170 1621 2203 Mar-

197 2216 299 2249 cellus
328 2216 385 2249 ille
417 2216 583 2249 exercitui
605 2216 794 2260 imperabat
816 2220 851 2249 et
871 2215 1061 2248 navarchus
1085 2214 1201 2247 classis
1226 2215 1398 2247 Romanae
1419 2215 1622 2249 constitutus

196 2268 290 2304 erat,
322 2266 392 2294 tum
423 2272 496 2294 cum
527 2261 746 2294 Archimedes
773 2266 964 2304 geometra,
1000 2259 1179 2300 Syracusis
1202 2270 1359 2302 manem,
1392 2264 1494 2292 noctu
1514 2271 1621 2303 expu—

196 2311 298 2349 gnata
320 2307 416 2348 urbe,
440 2317 460 2338 a
483 2305 588 2339 milite
612 2306 755 2349 quodam
778 2306 977 2339 interfectus
997 2308 1064 2343 est3
1089 2314 1187 2347 quem
1207 2303 1388 2336 Marcellus
1408 2314 1517 2347 usque
1534 2305 1620 2338 adeo

195 2350 281 2384 luxit
310 2355 347 2384 ut
375 2350 484 2383 nullus
513 2350 661 2383 abfuerit
680 2350 835 2395 planctus
859 2350 902 2383 ab
926 2348 997 2382 eius
1021 2348 1207 2392 sepultura.
1254 2353 1357 2392 atque
1380 2348 1464 2382 haec
1486 2348 1620 2392 quidem

194 2396 237 2429 de
260 2395 392 2429 Sicilia.

576 2470 798 2506 Undecimum
821 2471 935 2506 thema
963 2469 1241 2514 Langobardiae.

283 2525 525 2569 Longobardia
550 2526 681 2560 duobus
704 2527 894 2560 nominibus
921 2532 974 2559 est
998 2525 1186 2569 appellata,
1221 2524 1387 2568 siquidem
1411 2535 1431 2557 a
1455 2523 1621 2557 nonnullis

194 2570 427 2614 Longibarbia
459 2582 478 2603 a
509 2571 675 2615 promissa
705 2573 810 2605 barba
842 2571 1026 2604 incolarum
1050 2570 1141 2603 (licta
1166 2575 1234 2610 est,
1271 2581 1291 2602 a
1315 2568 1513 2613 quibusdam
1537 2580 1619 2603 vero

194 2615 409 2659 Lagobardia
432 2616 548 2648 eadem
572 2615 718 2659 origine.
764 2622 856 2650 terra
880 2622 990 2650 autem
1015 2625 1113 2659 quam
1136 2614 1304 2657 incolunt,
1337 2618 1371 2646 et
1393 2613 1620 2646 Bothrenotus

194 2666 229 2695 et
250 2659 414 2704 Neapolis
436 2660 630 2704 metropolis
651 2666 686 2694 et
711 2661 880 2694 Vesuvius
902 2672 1010 2702 mons,
1033 2665 1068 2693 et
1089 2659 1148 2703 qui
1171 2659 1205 2691 in
1228 2659 1303 2701 ipso
1329 2662 1383 2691 est
1406 2658 1619 2700 Pyrchanus,

195 2707 402 2739 Graecorum
436 2710 516 2738 sunt
547 2705 711 2739 coloniae.
758 2705 935 2738 Iustiniani
960 2710 1070 2738 autem
1093 2715 1154 2737 seu
1179 2703 1291 2747 potius
1315 2702 1464 2736 Zenonis
1487 2708 1618 2745 tempo-

194 2752 289 2784 ribus
321 2749 443 2784 Gotthi
473 2755 637 2795 ceperunt
668 2757 703 2784 et
735 2750 914 2795 Neapolim
949 2756 984 2784 et
1013 2749 1162 2793 reliquas
1184 2749 1287 2782 urbes
1311 2747 1518 2782 adiacentes.
1566 2746 1618 2778 his
