1780 3132
471 649 576 685 ΤΟΤ
619 648 933 685 ΣΟΦΩΤΑΤΟΤ
976 647 1232 682 ΒΑΣΙΛΕῼΣ

125 744 640 792 ΚΩΝΣΤΑΝΤΙΝΟΤ
715 746 847 791 ΤΟΥ
918 743 1583 790 ΠΟΡΦΥΡΟΓΕΝΝΗΤΟΥ

123 906 214 962 περὶ
241 909 323 949 τῶν
353 901 548 959 θεμάτων
582 907 663 946 ’τῶν
697 902 923 959 ἀνηκόντων
952 908 1004 961 τῇ
1033 904 1219 964 βασιλείᾳ
1247 907 1328 946 τῶν
1356 902 1578 959 Ῥωμαίων,
1600 910 1628 943 Ρ
1653 911 1673 945 1

122 972 252 1017 πόθεν
277 972 395 1029 ἴσχον
419 973 494 1024 τὰς
520 973 762 1027 ὀνομασίας,
789 975 855 1016 καὶ
877 975 919 1016 τί
935 975 1197 1028 σημαίνουσιν
1219 973 1260 1014 αἶ
1278 971 1429 1015 τούτων
1451 990 1580 1030 προσ-

122 1043 280 1100 ηγορίαι
290 1073 304 1095 ,
337 1044 404 1085 καὶ
426 1041 488 1085 ὅτι
509 1042 559 1085 τὰ
581 1043 655 1097 μὲν
674 1042 808 1085 αὐτῶν
827 1043 1085 1101 ἀρχαϊζουσι,
1119 1041 1172 1084 τὰ
1192 1041 1236 1084 δὲ
1253 1042 1344 1083 νέαν
1362 1040 1577 1096 ἐκτήσαντο

122 1111 196 1168 τὴν
216 1112 500 1169 προσηγορίαν.
1602 1115 1632 1149 P
1655 1117 1679 1150 2

91 1181 114 1223 5’
264 1180 326 1224 Οὔ
348 1180 452 1222 κατὰ
471 1178 547 1234 τὴν
566 1183 647 1222 τῶν
662 1182 820 1222 πολλῶν
836 1176 1063 1233 ὗπόληψιν,
1098 1174 1155 1227 ὥς
1172 1176 1260 1232 ἐμοὶ
1279 1177 1580 1234 καταφαίνεται,

121 1245 149 1302 ἦ
170 1252 250 1291 τῶν
269 1246 462 1302 θεμάτων
484 1247 632 1303 ἐγένετο
656 1248 918 1305 προσηγορία.
990 1245 1083 1288 οὐδὲ
1103 1245 1182 1302 γὰρ
1204 1243 1355 1287 παλαιά
1378 1247 1438 1296 τίς
1461 1248 1581 1299 ἐστιν,

122 1316 219 1359 οὐδέ
234 1333 297 1368 τις
312 1320 392 1359 τῶν
413 1316 591 1373 ἱστορίας
610 1315 858 1373 γραψάντων
876 1311 1062 1370 ἐμνήσθη
1079 1311 1269 1369 τοιαύτης
1288 1315 1507 1369 ὀνομασίας
1526 1314 1581 1366 ὥς

121 1384 275 1441 λέγεται
303 1389 394 1428 νῦν·
429 1384 534 1426 ἀλλὰ
563 1383 702 1443 πρῴην
732 1386 799 1427 καὶ
832 1384 923 1426 κατ’
959 1383 1087 1441 ἀρχὰς
1108 1380 1296 1439 τάγματά
1317 1401 1406 1426 τινα
1427 1386 1493 1426 καὶ
1514 1388 1581 1427 λε-

121 1458 264 1509 γεῶνες
291 1452 472 1511 ὖπῆρχον
498 1453 844 1510 ἀναγεγραμμέναι
870 1452 963 1495 κατ’
997 1451 1138 1504 ἔθνος,
1172 1450 1228 1502 ὥς
1247 1450 1273 1505 ἡ
1295 1452 1437 1507 λεγειὺν
1454 1451 1582 1507 ἡτῶν

69 1520 422 1580 1οτεσσαράκοντα
449 1521 668 1579 μαρτύρων
698 1523 850 1578 ἐλέγετο
881 1519 1193 1580 κεραυνοβόλος,
1228 1523 1295 1563 καὶ
1322 1521 1424 1577 ἄλλη
1450 1524 1582 1579 Maga-

211 1631 320 1666 t'uscr.
354 1628 424 1664 τοῦ
446 1648 491 1654 -
515 1629 667 1674 Πορφ.]
701 1628 940 1673 φιλοπόνημα
972 1628 1257 1663 Κωνσταντίνου
1287 1628 1375 1664 ὐἱοῦ
1407 1629 1584 1674 βασιλέως

212 1674 376 1715 Λέοντος
408 1676 478 1710 τοῦ
513 1676 634 1718 σοφοῦ
665 1676 696 1710 Α
729 1676 754 1710 i.
789 1688 821 1710 e.
856 1677 965 1710 codex
997 1675 1130 1719 Regius
1153 1687 1174 1708 a
1197 1675 1366 1719 Morello,
1401 1676 1527 1711 deinde
1562 1689 1583 1711 a

211 1721 390 1757 Bandurio
424 1722 467 1756 ad
500 1721 687 1756 editionem
721 1722 970 1756 Vulcanianam
1005 1722 1076 1765 (V)
1111 1721 1268 1755 collatus.
1321 1734 1421 1767 quem
1453 1723 1584 1756 addunt

213 1768 348 1803 titulum
372 1768 494 1802 ΠΕΡΙ
518 1767 785 1812 ΘΕΜΑΤΩΝ,
821 1768 941 1812 omisi,
971 1767 1065 1801 tituli
1091 1779 1168 1801 esse
1192 1773 1287 1802 ratus
1313 1779 1355 1802 ea
1377 1780 1468 1813 quae
1492 1769 1582 1802 infe-

212 1819 356 1857 runtur,
389 1812 473 1857 περὶ
496 1813 572 1847 τῶν
595 1811 769 1857 θεμάτων
791 1834 837 1841 —-
859 1813 1121 1858 προσηγορίαν.
1288 1815 1306 1849 1
1331 1815 1406 1847 τῶν
1430 1819 1511 1849 ante
1532 1811 1580 1848 Ῥ.

213 1871 268 1894 orn
291 1860 322 1893 C
348 1859 374 1894 i.
399 1870 432 1893 e.
457 1859 565 1893 codex
587 1859 701 1893 Paris.
728 1860 819 1904 Reg.
844 1859 912 1894 854
1073 1860 1097 1893 2
1130 1856 1275 1903 πόθεν]
1311 1858 1373 1894 καὶ
1396 1859 1519 1895 πόθεν
1552 1861 1581 1894 A

212 1906 234 1940 5
257 1905 334 1939 τῶν
356 1916 409 1938 om
433 1905 463 1938 C
569 1906 591 1940 7
614 1905 682 1947 τῆς
703 1903 880 1948 τοιαύτης
901 1905 932 1940 C
1038 1906 1062 1940 9
1085 1901 1107 1949 ἡ
1131 1905 1209 1939 τῶν
1232 1917 1285 1939 om
1303 1907 1334 1940 A
1443 1909 1487 1942 10
1506 1904 1583 1941 ἐλέ-

211 1962 294 1996 γετο
316 1946 588 1996 κεραυνοβόλος
609 1952 677 1986 add
700 1951 730 1985 A
938 1955 941 1958 '

482 2095 845 2133 SAPIENTISSIMI
889 2095 1228 2132 IMPERATORJS

275 2176 744 2228 CONSTANTINI
812 2175 1431 2227 PORPHYROGENITI

419 2277 488 2320 DE
534 2277 854 2322 THEMATIBUS
898 2279 1040 2322 LIBER
1085 2278 1279 2322 PRIMUS.

123 2392 168 2426 de
207 2390 444 2435 thematibus,
487 2402 578 2436 quae
615 2393 660 2426 ad
698 2393 888 2428 Romanum
926 2391 1107 2439 imperium
1144 2394 1333 2437 spectant,
1376 2394 1513 2438 acturi,
1551 2401 1587 2429 et

123 2438 214 2472 unde
248 2437 515 2483 appellationem
547 2438 730 2483 duxerint,
771 2446 806 2475 et
840 2440 906 2474 hae
938 2440 1038 2485 ipsae
1069 2438 1318 2484 appellationes
1342 2439 1424 2484 quid
1449 2439 1586 2485 signifi-

122 2488 239 2538 cent-‚-
262 2490 299 2517 et
331 2484 423 2528 quod
455 2483 619 2518 nonnulla
649 2485 805 2521 themata
826 2486 1006 2532 antiquum
1028 2485 1204 2519 retineant
1228 2496 1369 2530 nomen,
1408 2485 1479 2521 alia
1501 2498 1585 2522 vero

122 2541 298 2565 nowcium
325 2541 367 2563 ao
393 2540 515 2564 recens
542 2536 646 2565 nacta
667 2531 752 2566 sint.

215 2575 422 2610 'l'hematum
456 2575 665 2621 appellatio,
704 2584 744 2612 ut
777 2577 862 2612 mihi
895 2571 1033 2623 quidem
1064 2576 1225 2621 videtur,
1264 2587 1479 2621 nequaquam
1512 2589 1587 2612 eam

122 2631 224 2667 quam
247 2620 346 2655 multi
369 2621 555 2667 opinantur
580 2622 746 2667 originem
772 2624 896 2668 habet,
922 2623 1094 2668 siquidem
1118 2633 1232 2667 neque
1255 2624 1401 2667 antiqua
1426 2627 1500 2665 est,
1524 2635 1586 2658 ne-

124 2678 194 2713 que
224 2667 406 2712 quisquam
437 2679 553 2702 eorum
585 2669 645 2714 qui
678 2670 842 2704 historias
873 2670 1063 2705 condidere
1093 2669 1306 2703 eiuscemodi
1335 2667 1590 2714 appellationis,

126 2724 217 2759 quae
240 2725 331 2748 nunc
352 2713 390 2748 in
411 2724 478 2747 usu
503 2719 577 2758 est,
614 2716 820 2751 mentionem
844 2716 943 2750 facit.
991 2715 1068 2750 olim
1091 2726 1176 2749 vero
1203 2720 1239 2748 et
1264 2715 1309 2749 ab
1333 2714 1434 2748 initio
1458 2720 1590 2750 turmae

128 2759 296 2803 quaedam
319 2770 361 2793 ac
382 2759 537 2805 legiones
559 2772 624 2806 per
647 2762 800 2806 singulas
822 2762 1021 2808 provincias
1045 2760 1254 2796 distributae
1272 2764 1395 2803 erant,
1423 2763 1588 2805 quemad—

130 2805 266 2841 modum
300 2805 393 2851 legio
426 2807 661 2852 quadraginta
690 2814 878 2854 martyrum
901 2809 1083 2844 dicebatur
1106 2806 1319 2843 fulminatrix
1343 2812 1380 2842 et
1402 2806 1472 2842 alia
1494 2807 1589 2842 Mar-
