1780 3132
306 163 397 207 :322
608 167 863 207 BANDURH
911 166 1400 209 ANIMADVERSIONES

302 278 535 319 Soleemane
562 282 602 317 et
627 278 889 342 principatum
904 277 1107 318 Arabum
1095 290 1174 318 lam
1185 278 1330 319 Umaro
1357 281 1570 323 obtinente.
1599 283 1704 323 unde

301 333 427 371 verba
455 333 526 371 illa
553 336 777 380 postrema,
814 323 863 380 ἧς
890 329 960 368 καί
985 328 1058 380 τὴν
1095 325 1301 396 ἄχραντον
1329 331 1398 370 καὶ
1424 332 1544 383 ἁγίαν
1569 333 1704 374 εἰκόνα

301 383 374 422 καί
398 381 520 427 αυτὸς
549 380 568 420 ὅ
601 380 838 434 Σουλεημαν
868 382 1022 435 ᾐδέσθη
1051 384 1122 422 και
1151 382 1348 436 ἑνετράπη
1379 387 1446 424 καί
1475 387 1549 425 τοῦ
1579 388 1704 427 ἵππου

303 438 527 483 κατέπεσει,
555 450 631 476 ιιοιι
664 449 752 476 esse
780 437 1028 478 Constantini
1055 443 1162 490 puto,
1202 439 1270 478 sed
1299 441 1541 490 postmodum
1569 443 1619 482 ab
1643 443 1704 482 in-

302 493 417 531 docto
444 490 575 530 scriba
604 492 798 542 apposita.
853 491 944 531 vide
973 491 1190 532 Cedrenum
1223 493 1359 532 eodem
1386 494 1487 534 loco.

407 559 498 603 102,
527 559 592 593 20.
651 553 864 603 Ῥωμαίων
899 552 1093 605 βασιλεὺς
1137 553 1353 601 ’lovan-2109
1391 553 1412 595 ὅ
1453 553 1704 609 ῥινότμητος]

304 609 403 648 haec
432 609 640 648 scribenda
667 610 852 648 videntur
883 622 908 649 a
934 610 1064 659 linea,
1091 609 1157 649 vel
1185 610 1406 662 depravata
1432 614 1534 651 sunt.
1585 613 1705 652 lusti-

300 663 442 702 nianus
471 666 600 701 autem
630 663 912 713 RhinotmetuS‚
938 664 1004 715 qui
1031 668 1071 703 et
1096 668 1122 703 2
1145 675 1192 703 ac
1218 664 1348 704 iunior
1375 665 1529 716 dicitur,
1556 677 1583 706 a
1607 677 1707 707 non-

299 717 417 756 nullis
442 716 612 755 lustinus
643 720 669 756 3
698 718 935 768 appellatur.

405 778 511 820 Ibid.
544 785 607 819 21
663 794 767 831 αντη
795 776 905 818 ἐστιν
931 776 1041 829 ἆρχὴ
1083 780 1151 831 τῆς
1175 781 1386 830 βασιλείας
1411 778 1554 828 αὐτοῦ]
1608 782 1706 824 haec

300 835 357 874 ita
385 834 647 885 intelligenda
662 838 763 884 sunt,
790 834 993 873 nimirum:
1022 834 1102 874 hoc
1129 837 1296 887 imperii
1315 838 1407 876 eius
1434 838 1595 876 initium
1610 841 1703 884 est;

297 889 424 928 mittit
451 865 695 928 Abimelech
735 887 791 927 ad
822 888 1100 928 lastinianum
1129 887 1195 941 ley
1197 893 1313 937 atos,
1350 891 1421 942 qui
1453 890 1535 930 hac
1561 890 1704 930 condi-

299 945 420 982 cione
442 940 605 992 firmam
638 953 788 994 pacem
814 940 1068 981 stabilirent.
1125 944 1266 1005 quippe
1293 943 1567 995 Theophanes,
1595 945 1704 983 cuius

295 996 393 1035 haec
426 1002 615 1056 excerpta
643 1000 745 1044 sunt,
775 995 831 1034 sic
859 996 910 1034 ad
941 1008 1085 1035 annum
1111 997 1275 1057 primum
1305 997 1508 1036 Iustiniani
1537 997 1702 1049 incipit:

290 1046 419 1103 τούτω
446 1063 498 1101 τῳ
519 1062 597 1087 etet
626 1048 861 1086 α’ποστέλλει
883 1045 1105 1098 Ἀβιιιὲλεχ
1127 1045 1229 1099 πρὸς
1251 1043 1549 1102 Ἰουστινιαιιόν,
1577 1055 1649 1091 ete.

402 1113 508 1153 Ibid.
537 1118 602 1154 22
668 1110 917 1162 Ἀψιζιιαρον]
955 1113 1138 1152 Tiberius
1171 1114 1402 1165 Apsimarus
1429 1115 1562 1154 statim
1590 1127 1702 1155 occu·
1760 1145 1763 1149 .

293 1172 387 1220 pato
415 1168 579 1219 imperio
607 1167 812 1206 Leontium
853 1166 1016 1206 naribus
1054 1167 1271 1207 mutilatum
1300 1169 1341 1206 in
1366 1168 1541 1208 Dalmati
1567 1181 1702 1208 mona-

292 1222 452 1262 sterium
483 1221 694 1273 relegavit,
719 1233 799 1260 nou
829 1232 926 1259 vero
959 1221 1001 1259 in
1028 1221 1277 1269 Dalmatiam,
1307 1225 1352 1260 ut
1372 1233 1580 1273 perperam
1605 1223 1703 1263 scri-

292 1278 389 1316 bunt
413 1281 591 1314 recentes
629 1274 882 1314 historiarum
922 1274 1147 1326 scriptores.
1211 1275 1303 1314 vide
1343 1275 1623 1328 Theophanem
1651 1273 1702 1316 ad

292 1342 437 1370 annum
463 1333 488 1368 3
517 1329 689 1368 eiusdem
715 1328 883 1368 Leontii.

398 1392 505 1435 lbid.
563 1393 606 1431 ἐν
644 1393 693 1444 τῇ
735 1387 985 1444 ἱπποδρομίᾳ
1025 1387 1312 1441 θριαμβεύσας
1350 1392 1420 1430 καί
1447 1386 1701 1441 ιῖποκτείνας]

290 1461 370 1488 ιιοιι
397 1449 438 1487 in
464 1447 730 1498 Hippodromo
761 1446 879 1485 occisi
899 1448 1022 1496 fuere,
1042 1447 1135 1485 lieet
1164 1446 1204 1485 in
1225 1447 1458 1499 triumphum
1486 1447 1605 1495 ducti,
1630 1448 1700 1487 sed

290 1505 332 1542 in
360 1501 539 1564 Cpnegio
569 1500 698 1552 capite
740 1499 851 1551 plexi
887 1501 1010 1540 fuere.
1076 1500 1134 1540 sic
1170 1500 1432 1552 Theophanes
1462 1513 1500 1541 a
1530 1505 1554 1540 1
1584 1501 1700 1541 lusti-

290 1557 400 1597 niani
426 1555 596 1595 secundo
623 1554 888 1606 imperatoris.

358 1619 507 1659 [bid.
563 1615 695 1679 τούτῳ
729 1616 784 1669 τῶ
820 1612 917 1663 ἔτει]
956 1617 1013 1656 sic
1039 1618 1080 1657 in
1110 1617 1143 1657 Β
1171 1618 1342 1669 legitur,
1382 1604 1475 1659 editi
1504 1630 1600 1659 vero
1628 1619 1701 1660 ha-

289 1675 385 1714 bent
412 1671 541 1724 τούτῳ
568 1671 622 1724 τῶ
647 1655 730 1708 ἐτει
759 1681 866 1724 ςρη
923 1675 965 1709 at
993 1684 1176 1711 numerus
1203 1672 1267 1710 hic
1305 1685 1496 1712 annorum
1524 1674 1574 1713 ab
1605 1674 1701 1713 orbe

291 1728 450 1767 condito
477 1727 518 1766 in
543 1738 601 1765 ms
623 1725 664 1764 in
683 1729 796 1764 textu
826 1737 906 1763 non
921 1724 1102 1774 habetur,
1130 1726 1199 1764 sed
1217 1726 1388 1776 margini
1414 1727 1568 1778 utrique
1584 1739 1702 1768 manu

291 1782 374 1821 alia
397 1785 515 1832 atque
545 1779 627 1819 alia
645 1778 868 1829 adscriptus
892 1782 963 1818 est.
1020 1784 1060 1817 et
1087 1780 1241 1831 quidem
1261 1784 1467 1832 corruptus
1496 1793 1544 1820 ac
1559 1781 1702 1832 depra-

291 1840 407 1875 vatus
436 1838 497 1873 est
523 1845 706 1872 numerus
735 1833 817 1872 ille
890 1833 956 1871 vel
982 1832 1105 1884 igitur
1130 1834 1378 1883 reponendus
1406 1838 1466 1873 est
1492 1835 1562 1874 ille
1589 1846 1701 1886 quem

291 1890 342 1929 ab
370 1889 467 1928 orbe
494 1887 651 1926 condito
680 1887 912 1948 praeferunt
950 1887 1113 1926 tabulae
1154 1886 1406 1938 Theophanis
1431 1887 1482 1927 ad
1509 1900 1653 1928 annum
1677 1893 1699 1928 1

291 1942 498 1982 Iustiniani
510 1940 762 1991 Rhinotmeti‚
789 1939 970 1979 nimirum
997 1937 1126 1995 ςροῆ,
1149 1941 1214 1979 vel
1239 1941 1303 1979 hic
1334 1942 1438 1980 alter
1465 1953 1540 1993 quo
1557 1943 1702 1982 Graeci

292 1997 535 2036 recentiores
562 1999 724 2034 utuntur
752 1971 873 2048 Μςρςγ
888 2024 899 2043 ,
929 1993 995 2045 qui
1024 1972 1194 2045 quadrat
1234 2006 1318 2033 cum
1345 2007 1449 2034 anno
1476 1999 1498 2034 1
1529 1996 1702 2036 eiusdem

293 2049 512 2091 Iustiniani.
570 2053 742 2087 ceterum
772 2047 821 2085 de
857 2047 933 2086 hac
958 2048 1160 2099 legatione
1188 2047 1414 2087 Abimelech
1443 2049 1494 2088 ad
1521 2050 1702 2089 Iustinia-

292 2117 384 2144 num
424 2107 451 2142 2
485 2102 664 2154 pluribus
706 2101 795 2154 agit
841 2101 1104 2152 Theophanes
1140 2113 1243 2141 anno
1280 2105 1304 2141 1
1342 2102 1495 2154 imperii
1524 2103 1702 2144 eiusdem

294 2157 476 2211 Augusti.

401 2220 507 2263 lbid.
537 2222 577 2261 5.
634 2218 728 2258 καθ’
758 2211 943 2270 ἑκάστην]
986 2218 1248 2271 Theophanes
1272 2220 1393 2260 habet
1415 2219 1509 2259 καθ’
1536 2215 1704 2273 ἑκάστην

296 2271 512 2379 &Mezad-
536 2342 576 2379 8.
632 2333 949 2386 Μαγιστριανός
975 2348 1103 2389 ayens
1129 2339 1173 2377 in
1201 2337 1341 2388 rebus,
1371 2339 1551 2379 officialis
1577 2340 1704 2392 magi-

294 2394 367 2434 stri
395 2393 625 2433 officiorum.
682 2392 851 2431 Glossae
877 2392 965 2431 Lat.
996 2392 1069 2431 Gr.
1108 2393 1199 2431 vide
1228 2394 1423 2445 Ducangii
1452 2394 1517 2433 Gl.
1545 2394 1619 2433 Gr.

403 2455 510 2498 Ibid.
540 2461 604 2496 16.
662 2447 734 2502 ὧν]
763 2468 972 2508 perperam
1010 2456 1050 2495 in
1079 2455 1322 2508 Theophane
1352 2458 1500 2510 legitur
1526 2457 1620 2498 τῶν.

398 2520 505 2563 lbid.
531 2525 594 2560 17.
651 2518 708 2572 τῷ
736 2519 770 2557 ‹5’
797 2513 907 2574 αὐτῷ
933 2516 1028 2566 ἔτει]
1061 2520 1160 2560 haec
1187 2534 1224 2562 a.
1251 2525 1277 2561 2
1306 2522 1511 2563 Iustiniani
1552 2523 1705 2563 Rhino-

293 2575 402 2616 tmeti
429 2577 553 2615 refert
577 2574 853 2626 Theophanes.

401 2639 507 2681 leid.
538 2643 601 2680 18.
670 2637 834 2686 ἐδέξατο
880 2635 976 2684 τοὺς
1012 2637 1055 2678 ἐν
1096 2638 1151 2692 τῷ·
1188 2636 1381 2692 Λιβάνῳ]
1423 2640 1709 2692 interpretatus
