1780 3132
339 158 394 198 lN
429 156 797 199 SYNECDEMUM
841 154 1283 197 COMMENTARIUS.
1437 150 1525 193 531

95 271 160 312 ria
189 269 294 311 enim
331 269 488 312 scholia
533 271 575 313 in
614 284 732 312 ιιιιιιιιι
759 276 852 311 sunt
880 269 1078 319 conflata;
1110 281 1212 323 quae
1239 267 1360 308 facile
1390 267 1536 307 distin-

93 338 219 380 gues,
257 325 293 366 si
331 325 562 367 observaris
601 325 674 365 καί
698 323 852 370 ἀθέους
883 337 972 365 esse
998 324 1217 365 Ptolemaei
1246 324 1384 372 verba,
1415 334 1540 375 eaque

94 381 284 422 breviore
302 379 455 422 scholio
486 382 684 435 explicari
718 378 863 430 α’μέλει
889 377 1137 426 Ἰουδαίςους
1166 391 1261 420 mox
1285 356 1407 419 aliuin
1435 378 1540 418 idem

94 436 234 498 paullo
262 436 443 489 pluribus
471 436 744 491 interpretari
802 447 905 489 quae
933 447 1032 475 vero
1075 435 1276 476 adduntur
1307 427 1407 472 ὅθεν
1433 429 1539 470 κατὰ

95 486 170 541 τήν
199 490 480 558 προσηγορίαν
523 506 559 530 κ.
606 493 644 530 λ.
685 504 734 532 ea
770 491 959 531 Iudaeam
986 502 1067 529 non
1110 494 1306 542 spectant,
1334 489 1404 529 sed
1435 488 1541 528 Ara-

97 546 207 587 biam
233 542 484 599 εὐδαίμονα,
525 560 639 601 quem
666 547 751 587 eius
781 546 938 586 titulum
972 545 1078 585 baud
1107 546 1279 585 obscure
1308 544 1543 597 respiciunt.

98 601 192 642 vide
221 601 404 642 Proclum
433 606 461 642 2
488 616 527 656 p.
546 604 626 654 95,
655 606 694 642 et
722 614 786 641 me
822 602 969 642 falsum
999 600 1182 652 negabis.
1241 604 1339 640 nata
1367 612 1416 639 ea
1446 611 1543 652 per-

99 655 238 697 suasio
267 657 443 710 paganis
472 662 545 709 est,
572 658 678 711 quod
707 656 846 697 ludaei
876 656 919 695 in
947 655 1090 695 summi
1117 655 1289 695 numinis
1317 656 1426 695 cultu
1456 666 1544 694 cnm

98 711 265 775 reliquis
293 711 474 752 omnibus
503 690 757 753 dissiderent.
812 711 906 752 hinc
935 714 976 750 et
1003 710 1188 750 Lucanus
1217 714 1244 750 2
1273 712 1380 750 593:
1408 715 1447 750 et
1475 710 1545 749 de

98 765 186 807 dita
228 766 357 806 sacris
384 766 528 808 incerti
572 768 722 808 Iudaea
762 767 839 807 dei.
898 770 938 805 et
966 764 1165 806 Aristides
1194 770 1287 806 tom.
1312 769 1340 806 3
1381 778 1419 828 p.
1441 768 1544 805 514:

97 823 185 866 τοῖς
228 819 273 860 ἐν
304 821 578 887 Παλαιστίνῃ
621 821 844 888 δὐσσεβὲσι
892 815 1178 872 παραπλήσιοι
1204 817 1303 866 τοὺς
1334 815 1545 867 τρόπους·

97 871 172 915 καὶ
185 871 278 942 γὰρ
297 873 468 923 ἐκείνοις
494 876 605 916 τοῦτ’
634 875 725 916 ἐστι
742 871 954 926 σύμβολον
982 875 1057 927 τῆς
1074 872 1334 925 δυσσεβείας,
1365 869 1422 913 ὅτι
1452 886 1547 918 τους

98 926 333 981 κρείττονας
370 929 424 969 ου’
455 931 686 981 νομίζουσι.
755 944 832 984 quo
863 936 998 972 tamen
1026 931 1117 971 loco
1159 930 1193 971 si
1223 935 1264 971 et
1293 930 1548 971 Christianos

100 985 238 1026 notari
266 998 354 1026 cum
374 987 510 1028 lebbio
538 988 654 1037 velis,
681 987 782 1028 nihil
811 986 1069 1027 intercedam.
1127 991 1301 1026 ceterum
1321 986 1546 1038 praesidem

98 1040 191 1082 huic
218 1041 455 1094 provinciae
485 1044 605 1083 etiam
630 1043 783 1083 Notitia
811 1043 902 1095 imp.
934 1042 1088 1082 orient.
1118 1054 1153 1082 c.
1185 1045 1207 1081 1
1239 1041 1419 1094 imponit.

206 1109 303 1155 398,
330 1110 396 1148 24.
455 1103 730 1157 Σκυθόπολις]
769 1107 1005 1162 provinciae
1031 1107 1106 1148 fuit
1134 1107 1393 1170 metropolis;
1423 1119 1549 1171 quare

102 1173 156 1203 ex
183 1173 232 1203 ea
260 1166 373 1202 ortus
403 1162 582 1213 Cyrillus
614 1164 676 1216 (ἰιι
706 1164 801 1205 Vita
827 1164 870 1204 S.
902 1162 1039 1204 Sabae
1067 1176 1100 1202 c.
1131 1163 1206 1212 80)
1246 1158 1349 1213 γυνή
1378 1175 1454 1214 τις,
1482 1163 1547 1203 in-

101 1216 200 1279 quit,
228 1215 274 1254 ἐκ
303 1215 374 1267 τῆς
400 1218 495 1255 καθ’
525 1215 633 1269 ἡμᾶς
660 1214 948 1270 μητροπόλεως
978 1212 1212 1281 ὁρμωμένη,
1243 1222 1283 1257 et
1311 1231 1344 1257 c.
1375 1220 1453 1258 ⁷5:
1481 1214 1554 1255 καί

99 1267 293 1317 ἐλθόντος
324 1269 462 1310 αυτοῦ
490 1270 533 1311 ἐν
559 1272 830 1324 Σκυθοπόλει,
860 1273 1034 1322 ἐξῆλθεν
1063 1267 1083 1309 ὁ
1114 1271 1414 1336 μητροπολίτης
1444 1271 1553 1311 Θεο-

102 1321 243 1371 δόσιος
265 1323 374 1375 μετὰ
403 1324 561 1372 παντὸς
586 1328 663 1365 τοῦ
693 1326 799 1366 λαοῦ
828 1340 887 1372 εις
914 1324 1147 1379 ἀπάντησιν
1175 1322 1320 1365 αὐτοῦ.
1380 1327 1549 1367 Aristidi

101 1385 197 1422 tom.
230 1384 259 1422 3
301 1395 340 1435 p.
355 1384 439 1423 595
463 1382 642 1421 Σκυθων
685 1380 824 1433 πόλις,
868 1395 948 1437 quo
995 1383 1046 1422 de
1083 1383 1242 1423 nomine
1278 1383 1331 1424 ad
1368 1383 1460 1423 ltin.
1501 1384 1549 1423 H.

210 1499 321 1544 Ibid
379 1499 529 1554 Σέλλα]
560 1502 638 1543 imo
667 1502 828 1545 Πέλλα.
900 1502 1005 1556 quod
1034 1515 1180 1544 nomen
1210 1516 1235 1544 a
1262 1504 1551 1545 Macedonibus

101 1557 268 1611 accepit,
299 1557 431 1598 solitis
451 1557 612 1609 patriae
639 1571 737 1599 suae
756 1559 913 1612 oppidis
932 1559 1192 1612 cognomines
1220 1559 1402 1600 devictas
1430 1561 1551 1600 urbes

101 1614 240 1654 facere
269 1613 377 1678 apud
416 1612 589 1676 Appian.
599 1612 778 1677 Syriae.
807 1627 845 1666 p.
865 1618 958 1654 201.
996 1615 1112 1654 Pella
1140 1611 1255 1664 παρὰ
1286 1611 1381 1660 τοὺς
1411 1614 1551 1666 πέλας,

97 1665 196 1712 τούς
233 1664 378 1713 λίθους
419 1664 523 1706 κατὰ
561 1664 638 1720 τὴν
667 1665 927 1708 Μακεδόνων
966 1665 1141 1721 φωνήν,
1174 1670 1279 1723 quod
1309 1670 1552 1710 Macedones

104 1722 266 1787 lapides
291 1723 423 1775 pellas
443 1728 650 1775 vocarent,
679 1728 741 1764 est
769 1725 889 1777 dicta,
921 1729 965 1764 ut
997 1737 1048 1764 ex
1051 1725 1270 1777 Ulpiano·
1259 1737 1302 1764 ιιι
1316 1725 1551 1765 Demosthe-

103 1778 167 1818 nis
196 1779 301 1818 orat.
333 1778 384 1817 de
407 1778 554 1831 Legat.
585 1779 693 1819 Fa.ls
725 1793 764 1832 p.
782 1783 864 1820 234
894 1780 1165 1832 spanhemius
1207 1779 1303 1819 diss.
1333 1784 1361 1821 9
1389 1780 1439 1820 de
1470 1780 1550 1820 Usu

102 1838 145 1874 et
171 1833 215 1873 Ρ
234 1833 282 1873 N
313 1845 351 1885 p.
367 1835 450 1873 654
477 1834 680 1886 patefecit.
737 1847 951 1888 perperam
981 1847 1081 1888 ergo
1110 1848 1136 1875 a
1163 1835 1298 1874 nescio
1330 1847 1407 1888 quo
1437 1836 1550 1875 Pella

102 1887 335 1941 Stephanus
362 1901 507 1928 nomen
533 1890 703 1941 derivat,
735 1892 956 1954 meritoque
975 1890 1039 1930 Ti.
1061 1890 1384 1930 Hemsterhusius
1414 1903 1551 1930 eorum

100 1943 283 1984 mutandi
325 1943 530 1984 libidinem
559 1946 795 1997 compescit,
825 1947 891 1999 qui
929 1945 1224 1995 Hesychianum
1253 1945 1402 1983 Πέλλα
1431 1946 1550 1990 λίθος
1622 1977 1625 1980 .

101 1998 311 2051 corrigere
339 1998 612 2039 instituerunt.
645 2001 778 2041 sedem
798 2002 916 2052 urbs,
946 2001 1092 2040 nobilis
1118 2013 1234 2040 mora
1251 2001 1550 2052 Hierosolymis

103 2054 379 2107 digressurum
409 2054 754 2106 Christianorum,
784 2057 826 2097 in
854 2058 1010 2096 Peraea
1036 2056 1255 2096 obtinebat.

209 2118 318 2160 Ibid.
374 2115 570 2173 Γάδαρα]
599 2135 680 2161 non
709 2123 834 2185 longe
862 2123 914 2163 ab
941 2123 1041 2162 urbe
1069 2121 1214 2162 fluvius
1231 2122 1450 2163 Hieramax
1478 2124 1548 2163 de-

103 2175 322 2225 currebat,
366 2187 480 2229 quem
520 2182 737 2230 propterea
773 2175 846 2215 τὸν
879 2173 1098 2227 λεγόμενον
1125 2174 1311 2226 ποταμὸν
1341 2177 1378 2215 Γ
1378 2178 1548 2227 αόαρων

103 2229 283 2279 cyrillus
322 2229 363 2270 in
395 2231 490 2271 Vita
528 2232 571 2272 S.
604 2232 741 2272 Sabae
779 2246 813 2273 c.
858 2237 934 2282 33,
978 2237 1018 2271 et
1052 2232 1278 2272 Antoninus
1315 2234 1476 2283 Martyr
1506 2234 1545 2273 in

100 2285 241 2325 itiner.
271 2284 434 2326 fluvium
465 2287 648 2337 calidum,
678 2289 742 2340 qui
792 2289 939 2328 dicitur
968 2287 1149 2338 Gadara,
1179 2288 1372 2342 appellat.
1401 2289 1452 2328 de
1483 2301 1545 2328 se-

101 2340 311 2393 quentibus
340 2342 545 2381 Relandus
576 2348 616 2382 et
643 2355 716 2382 nos
747 2343 862 2382 alibi.

211 2400 527 2453 Ibid.‘'1nn0;]
569 2408 712 2448 aberat
753 2409 894 2448 stadiis
933 2421 958 2448 a
986 2408 1204 2448 Tiberiade
1242 2413 1309 2451 30.
1354 2410 1545 2463 Iosephus

99 2461 219 2500 Vitae
246 2473 342 2500 suae
373 2473 406 2500 c.
442 2464 527 2501 65:
559 2459 581 2511 ἡ
614 2461 659 2500 ὸὲ
688 2459 738 2511 σὴ
772 2462 935 2514 πατρίς,
967 2478 999 2500 ω
1027 2458 1198 2516 Ἰοῦστε,
1228 2465 1392 2528 κειμένη
1425 2468 1468 2503 έν
1498 2464 1546 2528 τῇ

102 2515 415 2565 Γεννησαοίτιὸι
457 2514 579 2570 λιίινῃ
611 2514 680 2554 καί
721 2515 936 2567 ἀπέχουσα
960 2513 1108 2556 Ἵππου
1138 2519 1215 2568 μὲν
1244 2515 1393 2559 στάδια
1424 2535 1468 2568 ro
1476 2517 1545 2557 ια’-

101 2582 248 2630 nona,
283 2567 486 2621 suacium
531 2557 576 2608 δὲ
621 2567 840 2624 ἑξήκοντα,
889 2568 1183 2619 Σκυθοπόλεως
1218 2573 1263 2614 δὲ
1307 2572 1435 2614 εἴκοσι
1477 2588 1543 2611 και

98 2601 255 2662 ἑκατόν.

219 2689 323 2731 [bid.
353 2693 418 2730 25.
483 2688 647 2729 Ἑλέιου
678 2690 811 2738 πόλις]
857 2694 999 2746 Magni
1038 2694 1293 2735 Constantini
1324 2696 1443 2735 matri
1472 2695 1546 2735 hoc
