1780 3132
362 125 418 166 IN
456 121 822 165 SYNECDEMUM
863 121 1302 165 COMMENTARlUS.
1446 121 1542 171 493

108 239 181 280 iae
206 235 354 278 mentio
383 236 448 276 hie
463 235 725 286 incommoda,
755 236 793 276 si
812 236 953 276 valeat
979 234 1235 277 eruditissimi
1252 236 1425 280 Bentleii
1454 241 1542 282 ani-

110 292 342 335 ιιι3ᾱνει3ἰο
373 291 414 332 in
434 292 731 332 Horat110d2
760 295 838 332 17.
866 303 994 344 neque
1022 291 1126 331 enim
1148 295 1359 341 tyrannmn
1387 295 1543 346 Dascy-

113 349 195 399 len,
225 347 356 400 Gygis
385 352 560 410 patrem,
590 346 737 396 fuisse,
763 346 834 386 sed
863 347 1084 409 privatum,
1122 352 1438 410 proptereaque,
1467 351 1544 391 nisi

114 380 272 445 auc'tori
313 402 445 455 potius
475 414 652 442 errorem
681 413 798 454 quam
837 401 1016 441 librariis
1043 401 1256 465 impingas,
1286 382 1546 444 Κανδαύλεω

112 458 335 510 scripsisse,
364 461 472 496 certe
502 457 678 496 scribere
706 455 902 496 debuisse.
957 460 1002 496 at
1030 457 1124 509 quid
1153 469 1189 496 s1
1205 457 1438 500 Alexander
1463 474 1544 502 non

109 514 232 554 fuerit
267 517 428 553 secutus
467 511 659 552 Herodoti
699 511 749 550 de
777 511 841 560 Gy
844 523 896 564 ge
922 511 1207 560 narrationem,
1237 514 1307 552 sed
1336 515 1540 556 Plutarchi

109 569 154 610 in
178 565 455 619 Ἑλληνικοῖςῖ
518 578 621 619 quae
656 566 790 618 utique
814 566 1006 606 maiorem
1045 567 1132 607 veri
1158 567 1340 609 umbram
1370 582 1471 622 prae
1499 584 1544 610 se

111 626 204 664 fert.
262 622 355 676 quid
379 623 414 662 si
442 622 561 662 etiam
591 622 712 661 alium
729 621 931 671 Dascylen
960 634 1009 661 ac
1039 621 1102 671 Gy
1106 622 1170 675 gis
1198 628 1352 675 patrem
1379 630 1541 678 specta-

110 679 247 720 verit?
299 678 500 727 Dascylen
530 676 743 725 Periaudi‚
773 689 800 716 3
842 688 919 729 quo
949 677 1186 742 Dascylium·
1207 679 1329 719 fuerit
1355 681 1544 733 appella-

110 738 206 782 tum,
223 737 418 773 memorat
434 732 677 785 Stephanus,
703 736 831 785 atque
831 731 1017 772 eiusdem
1042 733 1210 774 nominis
1223 734 1391 776 Tantali
1419 735 1543 777 filium

110 788 350 837 scholiastes
378 787 585 840 Apollonii
607 791 633 827 2
661 789 744 827 725
774 791 814 826 et
841 789 935 827 754.

217 857 406 906 396,11.
466 848 788 903 Νεοκαισάρεια]
818 853 904 894 eius
935 853 1099 920 praesul
1127 852 1433 909 Constantinop.
1461 861 1543 897 ter-

108 910 166 951 tio
190 922 230 963 Ρ
247 911 330 950 668
361 906 679 957 Νεοκαισαρέων
705 905 1007 957 τῆςΒιθυνίας
1026 913 1209 951 vocatur.
1265 910 1402 951 Ariste
1430 912 1543 954 dein-

109 977 204 1019 ceps
230 964 339 1006 dicta
364 969 437 1014 est,
465 968 510 1003 ut·
539 962 643 1003 Acta
669 963 835 1004 Nicaeni
863 964 1026 1004 secundi
1055 976 1094 1016 Ρ.
1122 967 1206 1004 353
1234 964 1387 1006 innunt.

159 1070 163 1074 .
215 1039 325 1083 Ibid
379 1037 613 1091 Ἀδριανοί]
652 1040 758 1080 numi
788 1038 1016 1090 Ἀὸοιανων
1042 1035 1147 1089 πρὸς
1169 1033 1378 1087 Ὄλυμπον
1403 1043 1542 1084 urbem

109 1095 279 1150 olympo
317 1095 443 1138 monti
470 1095 671 1136 assedisse
703 1095 935 1144 ostendunt;
977 1107 1095 1148 quam
1137 1095 1330 1136 Aristidis
1366 1100 1540 1150 patriam

108 1158 260 1205 magna
297 1150 511 1204 diligentia
552 1150 819 1200 examinavit,
863 1155 1042 1190 veterum
1082 1151 1324 1202 scriptorum
1360 1153 1460 1193 locis
1500 1154 1543 1195 in

99 1207 319 1247 *consilium
361 1205 948 1257 missis‚10.Masson.Vit.
999 1205 1190 1245 Aristidis
1225 1209 1254 1246 3
1283 1211 1311 1247 3
1338 1212 1413 1248 etc.
1471 1222 1542 1261 op-

99 1262 190 1329 ²pidi
220 1262 428 1315 episcopus
458 1261 706 1313 Nicephorus
745 1273 866 1313 saepe
906 1260 947 1300 in
976 1260 1151 1300 Nicaeno
1181 1261 1356 1302 secundo
1387 1259 1544 1308 πόὶεως

99 1313 346 1370 Ἀδρανοῦς,
374 1321 419 1357 ut
444 1329 484 1369 p.
515 1319 568 1356 51
603 1321 644 1356 et
668 1318 763 1368 572,
791 1315 949 1367 dicitur,
976 1316 1127 1356 rectius
1155 1315 1288 1357 David
1310 1313 1543 1369 Ἀδοιανῶν

106 1371 297 1413 Chalced
325 1377 422 1412 tom.
454 1375 482 1412 9
509 1384 548 1424 p.
582 1375 674 1412 176.

214 1435 327 1478 Ibid.
376 1434 467 1487 ‘Psy
469 1434 668 1486 ετατάὶος]
697 1435 802 1476 hanc
830 1440 870 1476 et
888 1447 989 1489 quae
1008 1435 1189 1489 sequitur
1211 1433 1450 1489 Ῥεγὲδωρις
1479 1438 1540 1488 (id

107 1492 212 1534 euim
242 1504 380 1533 verum
413 1504 558 1533 nomen
598 1491 760 1544 opiner)
805 1491 858 1531 ad
883 1491 971 1531 ltin.
999 1491 1155 1532 Hieros.
1198 1504 1238 1543 p.
1266 1494 1351 1533 573
1382 1493 1540 1533 abunde

101 1548 407 1589 illustravimus.
462 1551 591 1588 restat
618 1551 663 1587 ut
690 1545 782 1600 quid
811 1542 908 1597 ῥεγὲ
936 1547 1036 1586 velit
1062 1559 1313 1599 quaeramus.
1370 1552 1540 1601 utraque

105 1605 272 1645 mansio
300 1603 342 1643 in
370 1603 398 1644 l.
426 1606 507 1643 119
532 1615 565 1644 c.
598 1603 675 1642 Th.
706 1602 756 1641 de
782 1601 1021 1652 Βεουιὶοιι.,
1047 1603 1181 1642 altera
1208 1603 1386 1643 mutatio
1417 1603 1540 1643 ltin(-

102 1659 215 1699 rario
247 1658 295 1700 Η.
336 1657 509 1707 dicitur;
545 1657 651 1697 unde
693 1656 865 1709 colligas
908 1657 1079 1697 nominis
1118 1655 1328 1710 utriusque
1382 1657 1538 1698 initium

102 1713 350 1754 mansionem
378 1712 558 1752 vicumve
587 1716 744 1752 notare
801 1711 906 1764 quod
935 1711 1084 1752 clarius
1111 1711 1277 1764 patebit,
1307 1713 1344 1752 si
1372 1724 1459 1753 eam
1488 1726 1539 1754 ex

104 1763 258 1819 ῥεγεών
286 1768 564 1808 detruncatam
591 1766 953 1815 animadverteris,
985 1778 1066 1819 qua
1095 1779 1193 1806 voce
1224 1767 1336 1806 vicos
1367 1772 1407 1807 et
1432 1768 1538 1818 loca,

102 1835 207 1877 quae
235 1822 334 1863 urbe
363 1827 456 1862 sunt
483 1823 639 1862 minora
680 1826 802 1875 atque
839 1797 1036 1865 infer’iora
1062 1822 1251 1872 Notitiae,
1281 1826 1326 1862 ut
1348 1821 1423 1862 illa
1456 1824 1536 1864 lac.

103 1877 231 1919 Goari
258 1891 297 1930 Ρ.
316 1879 400 1918 365
427 1877 594 1930 signare
620 1877 764 1917 solent.
830 1876 935 1916 idem
963 1876 1067 1916 citra
1091 1876 1249 1916 dubium
1281 1877 1404 1917 faciet
1427 1878 1541 1919 Ana-

102 1933 254 1974 stasius
283 1933 447 1985 praesul
465 1909 713 1980 ⁰Nieaenus,
746 1931 788 1972 in
817 1931 1060 1971 Chalcedon.
1118 1931 1287 1971 concilio
1317 1936 1410 1972 tom.
1442 1938 1470 1974 9
1497 1947 1536 1986 Ρ.

101 1991 159 2029 98
186 1988 236 2028 de
264 1988 428 2028 Tattaio
455 1991 496 2027 et
512 1987 665 2027 Doride
691 1986 792 2027 haec
807 1987 1032 2051 profatus:
1064 1979 1202 2050 ‹13¹0qu
1239 1985 1438 2053 Τατταϊος
1467 1988 1541 2026 και·
1617 1987 1621 1991 ’

101 2041 244 2094 Δωρὶς
272 2040 470 2094 ῥεγεωνές
511 2041 616 2081 εἰσιν
657 2038 747 2105 ²5:⁷⁵6
770 2037 845 2104 τήν
873 2038 1069 2092 Νίκαιαν,
1100 2035 1230 2086 ου’τως
1255 2033 1305 2091 ἧν
1332 2039 1412 2090 πρὸ
1442 2040 1537 2081 τού-

101 2109 176 2137 του
206 2097 279 2136 καί
297 2092 644 2144 Βασιλινούπολις
669 2089 748 2134 ὑπὸ
779 2092 851 2147 τὴν
867 2093 1062 2137 Νίκαιαν.
1118 2099 1327 2149 utramque
1358 2093 1540 2164 ῥεγεῶικα

101 2153 191 2194 sive
215 2152 343 2193 vicum
370 2156 597 2218 nuncupat3
627 2156 668 2192 et
696 2164 783 2191 cum
813 2150 951 2213 paullo
979 2155 1076 2212 post
1097 2150 1147 2189 de
1172 2150 1437 2217 Basiljinopoli
1467 2149 1540 2191 καί

100 2202 127 2259 ἦ
157 2204 358 2271 npo'tsoov
386 2220 492 2245 ουσα
522 2203 681 2260 ῥεγεων,
710 2207 780 2257 ait,
808 2202 933 2244 πάλιν
972 2201 1079 2251 μετὰ
1108 2204 1242 2244 ταῦτα
1271 2204 1428 2256 ἐγένετο
1457 2206 1535 2245 πό..

102 2263 179 2312 λις,
209 2262 459 2316 apertissime
480 2262 683 2315 significat
710 2274 757 2301 eo
797 2273 840 2300 se
866 2260 1063 2300 vocabulo
1091 2261 1221 2301 locum
1247 2260 1360 2301 urbis
1391 2263 1535 2315 ampli-

101 2317 240 2358 tudine
268 2322 308 2358 et
335 2317 534 2370 dignitate
559 2318 683 2357 multo
716 2317 909 2357 minorem
943 2315 1184 2368 intelligere.
1240 2316 1373 2359 dictae
1402 2326 1534 2359 autem

100 2373 291 2426 regiones
317 2373 494 2413 Nicaeae
534 2373 740 2422 videntur,
779 2371 885 2425 quod
928 2370 1012 2410 eius
1052 2371 1359 2423 magistratibus
1387 2372 1443 2413 ibi
1473 2375 1534 2414 ius

103 2428 260 2468 dicendi
287 2432 329 2467 et
357 2428 568 2467 coercendi
597 2432 704 2467 esset
730 2404 930 2466 facultas,
969 2426 1166 2478 reyi'ones
1193 2425 1389 2478 dicimus,
1417 2428 1534 2468 Sicu-

100 2482 165 2522 lus
192 2483 361 2523 Flaccus
402 2483 453 2522 de
481 2482 580 2536 Agr.
626 2482 842 2522 condition.
885 2494 923 2532 p.
957 2484 979 2519 1
1021 2482 1174 2547 inquit,
1211 2483 1330 2523 intra
1356 2494 1534 2536 quarum

96 2535 208 2589 fines
237 2536 503 2591 singularum
518 2514 807 2577 ”calamorum
839 2539 916 2576 aut
943 2538 1268 2589 municipiorum
1305 2540 1534 2591 mayistra-

102 2590 216 2635 tibus
242 2595 313 2634 ius
341 2592 513 2634 dicendi
554 2591 868 2645 coercendique
900 2595 968 2632 est
995 2591 1136 2632 libera
1163 2595 1375 2645 potestas.

205 2657 315 2702 Ibid.
347 2662 412 2701 13.
469 2655 653 2711 ἐπαρχία
675 2652 939 2711 Ὁνωοιάδος]
969 2660 1080 2700 facta
1107 2659 1207 2699 haec
1233 2663 1274 2699 et
1300 2672 1326 2700 a
1344 2658 1463 2709 Bithy
1467 2658 1533 2699 nia
