1780 3132
280 119 371 163 536
789 121 1135 161 WESSELlNGll

277 234 409 284 paam,
437 245 538 285 quae
553 231 745 272 Ammiani
771 233 904 270 aetate
932 230 1101 282 quinque
1116 231 1340 282 provinciis,
1354 232 1547 283 Aegypto,
1564 242 1675 283 »quae

277 289 348 327 sub
381 288 596 327 Iustiniano
636 286 783 336 duplex
825 290 937 334 erat,
963 288 1007 323 ut
1037 285 1163 324 Edict.
1198 289 1250 324 13
1275 285 1432 334 indicat,
1460 286 1674 332 Thebaide,

276 343 414 390 Libya,
441 340 748 390 Augustamnica
769 343 807 377 et
823 339 1028 389 Pentapoli
1056 339 1420 383 absolvebat-,unua
1446 339 1540 379 l.22
1567 351 1600 378 c.
1624 343 1675 379 16

274 397 422 435 scribit.
481 394 618 433 addita
643 393 733 431 dein
763 392 812 431 ab
843 392 1014 430 Arcadio
1054 392 1289 442 imperatore
1314 392 1486 432 Arcadia
1511 397 1583 440 est,
1610 405 1676 432 cu-

274 450 334 488 ius
361 448 510 488 Notitia
537 447 625 497 imp.
656 446 804 485 Orient.
834 449 960 484 c.117
1001 446 1182 484 meminit.
1224 450 1313 496 post
1360 445 1450 484 dein
1476 445 1676 498 Augusta-

275 503 401 543 mnica
432 501 473 540 in
500 501 599 539 duas
627 505 687 539 est
716 504 835 539 secta.
866 511 1000 538 omnes
1027 501 1227 550 praefecto
1244 499 1470 551 Augustali,
1497 499 1570 539 etsi
1599 501 1676 538 Ae-

277 560 422 608 gyptus
461 554 666 606 provincia
692 553 905 605 praecipua
938 553 1019 592 eius
1051 559 1156 592 esset
1184 565 1284 603 sors,
1316 552 1526 593 subiectae.
1594 553 1677 603 pri-

277 623 361 650 mus
386 609 524 648 horum
553 607 840 658 Augustalium,
868 605 1198 655 Αύγουσταλίων,
1227 608 1262 646 si
1287 618 1366 646 non
1394 607 1501 646 fauit
1518 607 1573 646 10,
1592 607 1679 646 Ma..

278 665 361 703 lala
391 667 482 702 tom.
502 667 522 701 1
554 675 590 713 p.
609 666 700 707 290,
729 660 935 700 Cornelius
964 661 1040 699 fuit.
1058 660 1223 700 Gallus:
1251 660 1451 713 Augustus
1478 661 1579 700 enim
1605 660 1679 699 do-

276 718 394 757 mitae
423 717 607 768 Aegypto
649 715 815 767 equitem
855 713 1038 765 imposuit
1064 714 1167 765 apud
1194 714 1357 754 Dionem
1385 714 1412 754 l.
1434 716 1485 753 51
1514 727 1554 766 p.
1584 716 1677 760 521,

277 772 457 822 interque
485 771 566 809 alia
603 767 880 808 dominationis
917 779 1065 807 arcana
1094 768 1245 816 vetuit,
1275 768 1352 807 nisi
1377 767 1592 818 permissu,
1621 767 1681 806 in-

278 825 391 877 gredi
419 828 637 873 senatores,
665 822 806 863 Tacito
833 821 979 860 Annal.
1008 826 1034 860 2
1060 823 1114 861 59
1141 826 1254 861 teste.
1310 821 1494 861 solemnis
1519 822 1683 872 praefe-

279 879 330 918 cti
369 878 602 930 Augustalis
645 876 759 916 sedes
795 875 1062 914 Alexandriae
1099 880 1206 924 erat3
1251 875 1355 914 unde
1391 869 1576 924 ὕπαρχος
1613 874 1685 923 τῆς

275 930 582 979 Ἀλεξανδρείας
611 929 832 970 Sozomeno
846 929 957 967 H-E.
986 932 1012 967 '7
1043 931 1094 968 15
1123 929 1275 968 dicitur.
1331 928 1563 969 Theodorus
1588 925 1684 966 Αὕ-

279 981 517 1034 γουστάλιος
544 989 604 1023 est
631 984 673 1023 in
697 983 840 1023 Isidori
853 983 1077 1022 Pelusiotae
1105 983 1216 1034 epist.
1245 987 1272 1023 3
1299 984 1365 1032 50,
1396 983 1499 1022 alius
1524 983 1565 1021 in
1579 981 1683 1030 syu-

280 1040 352 1079 esii
392 1038 503 1089 epist.
533 1039 624 1077 105.
691 1038 740 1076 de
770 1037 900 1076 officio
934 1037 1019 1075 eius
1064 1037 1155 1075 vide
1196 1038 1225 1075 l.
1256 1041 1280 1076 1
1309 1041 1348 1076 et
1375 1040 1402 1075 2
1429 1049 1463 1076 c.
1494 1035 1544 1074 de
1569 1036 1684 1074 effic.

282 1094 412 1132 Praef.
443 1092 606 1143 August.
647 1096 765 1143 atque
807 1091 934 1129 Edict.
963 1090 1167 1130 Iustiniani
1199 1094 1262 1140 13,
1305 1095 1346 1130 et
1371 1090 1618 1130 Pancirolum
1643 1089 1685 1129 in
1731 1096 1734 1100 ’

282 1147 403 1186 Notit.
433 1146 524 1197 imp.
557 1147 707 1185 Orient.
737 1158 770 1183 c.
802 1149 894 1183 117.

389 1214 481 1261 399,
513 1213 550 1249 7.
603 1207 907 1259 Ἀλεξάνδρεια]
937 1209 1012 1248 Dio
1028 1208 1330 1258 Chrysostomus
1360 1212 1460 1249 orat.
1476 1211 1529 1248 32
1555 1220 1592 1259 p.
1607 1210 1688 1248 3⁸72

283 1266 404 1304 totius
425 1265 534 1304 orbis
564 1277 636 1303 sua
663 1267 794 1303 aetate
815 1263 1028 1314 emporium
1055 1263 1176 1302 fuisse
1205 1268 1323 1315 atque
1348 1263 1518 1315 undique
1534 1263 1574 1301 in
1602 1273 1689 1301 eam

284 1331 417 1358 omnes
443 1317 681 1357 confluxisse
705 1323 970 1366 mercatores,
1000 1310 1102 1353 ὥστε
1126 1313 1198 1362 τὰς
1225 1315 1442 1366 ἐμπορίας,
1470 1315 1607 1368 inquit,
1638 1312 1689 1352 ου’

280 1370 426 1422 νήσων,
456 1369 551 1408 οὐδὲ
582 1369 764 1421 λιμένων,
798 1367 893 1407 οὐδὲ
921 1369 1119 1418 πορθμῶν
1145 1369 1266 1407 τινῶν
1293 1370 1363 1407 καί
1389 1369 1560 1417 ἰσθμῶν,
1587 1364 1691 1406 ἀλλὰ

282 1421 433 1475 σχεδὸν
461 1421 622 1474 ἁπάσης
659 1424 729 1472 τῆς
770 1421 1004 1472 οἰκουμένης
1038 1420 1246 1471 γίγνεσθαι
1283 1425 1378 1471 παρ’
1417 1421 1538 1469 ὖμΐνε
1577 1434 1692 1474 quam

286 1492 419 1519 rerum
446 1479 598 1530 copiam
626 1483 666 1517 et
692 1478 908 1517 incolarum
954 1478 1212 1528 frequentiam
1241 1477 1306 1515 diu
1336 1477 1395 1516 illi
1422 1477 1585 1515 durasse
1615 1477 1691 1515 ali-

287 1534 389 1573 unde
418 1537 584 1572 constat.
622 1533 724 1571 haud
754 1532 872 1583 longe
902 1531 1041 1569 aberat
1060 1531 1223 1579 Pharus,
1251 1531 1340 1569 dein
1370 1531 1456 1569 urbi
1483 1531 1691 1569 coniuncta

288 1600 336 1626 ac
365 1588 559 1626 Mainmae
587 1586 742 1624 nomine
771 1584 951 1623 celebris.
1007 1584 1108 1622 Acta
1136 1585 1178 1623 S·
1208 1584 1303 1632 cyri
1331 1597 1363 1623 c.
1384 1588 1412 1623 3
1454 1589 1544 1622 tom.
1573 1587 1600 1622 2
1627 1585 1692 1623 la-

289 1653 404 1680 nuar.
438 1653 477 1691 p.
497 1644 628 1679 109οε
667 1636 922 1678 Maiumetes
958 1636 1028 1676 hic
1069 1641 1183 1685 erat,
1228 1650 1309 1677 non
1346 1650 1404 1676 ex
1440 1635 1694 1677 Gazensium

293 1692 483 1735 Maiuma
497 1692 710 1745 prodiens,
741 1692 819 1731 sed
848 1703 906 1730 ea:
922 1690 1001 1730 illa
1018 1688 1416 1740 Alexandrinorum,
1445 1702 1565 1743 quam
1586 1689 1694 1730 Pha-

293 1760 381 1793 ruS,
414 1747 618 1800 quondam
647 1745 802 1792 insula,
829 1744 1136 1797 complectitur,
1169 1757 1354 1798 quaeque
1381 1756 1491 1784 nunc
1506 1741 1696 1784 Aleman-

295 1802 416 1842 driae
447 1813 541 1840 cum
568 1799 765 1840 insulana
792 1801 967 1839 civitate
998 1801 1247 1838 coniunctae
1273 1810 1379 1850 pars
1396 1797 1594 1849 liabetur,
1621 1810 1696 1838 ve-

293 1861 386 1896 tere
417 1853 631 1896 Maiumae
660 1855 821 1893 nomine
849 1852 985 1893 adhuc
1009 1857 1188 1892 retento.
1260 1853 1437 1892 Philonis
1463 1857 1595 1891 aetate
1621 1849 1699 1889 αὖ·

294 1907 374 1958 χήν
403 1905 636 1951 ὑποταίνιος
675 1920 725 1947 ex
751 1908 882 1946 insula
909 1907 960 1945 ad
987 1907 1122 1945 urbem
1149 1907 1400 1957 pertinebat,
1428 1917 1531 1956 quae
1553 1906 1698 1952 taenia,

295 1964 342 2002 de
373 1975 448 2015 qua
477 1967 516 2001 et
543 1961 691 2002 Strabo
717 1965 766 1999 1⁷
804 1974 842 2012 p.
859 1964 960 2008 800,
990 1964 1059 1999 aut
1086 1960 1120 1999 si
1148 1960 1286 1999 brevia
1322 1959 1437 1999 malis
1454 1989 1465 2007 ‚
1494 1959 1700 2011 paullatim

297 2017 563 2056 alluvionibus
592 2016 748 2054 videtur
774 2018 905 2061 aucta,
937 2014 985 2052 de
1013 2014 1104 2053 Vita
1133 2013 1255 2052 Mosis
1281 2018 1306 2052 2
1331 2026 1368 2064 p.
1381 2016 1472 2052 659.
1529 2016 1700 2052 ceterum

296 2071 404 2109 urbis
433 2069 603 2121 episcopi
636 2080 707 2120 per
728 2068 952 2107 universam
966 2067 1186 2118 Aegyptum
1216 2066 1430 2106 auctoritas
1460 2066 1701 2118 amplissima

297 2129 395 2173 erat,
422 2124 573 2176 sibique
602 2122 796 2162 subiectos
840 2126 992 2160 centum
1019 2121 1177 2160 circiter
1214 2121 1411 2160 antistites
1445 2120 1628 2171 habebat,
1657 2123 1699 2159 ut
1728 2154 1732 2157 ,

300 2178 539 2217 Athanasius
568 2177 738 2228 Apolog.
771 2188 803 2214 c.
833 2175 969 2214 Arian.
1002 2187 1039 2226 p.
1060 2178 1137 2213 187
1167 2175 1360 2214 adfirmat-

404 2252 513 2292 Ibid.
560 2245 843 2302 Ἑρμούπολις]
883 2251 1014 2290 Parva
1038 2250 1307 2301 Hermupolis‚
1347 2262 1447 2302 quae
1490 2248 1563 2298 τῆς
1585 2245 1703 2288 Ἀλε-

296 2304 501 2352 ξανόρὲων
523 2301 666 2355 χώρας
696 2305 925 2356 metropolis
950 2304 1174 2343 Ptolemaeo
1201 2304 1366 2351 dicitur,
1396 2303 1498 2343 unde
1525 2302 1703 2342 Athana-

295 2361 377 2398 sius
404 2360 656 2398 Dracontinm
686 2359 768 2397 eius
796 2358 1018 2410 praesulem
1046 2357 1161 2396 modo
1203 2356 1272 2405 τῆς
1298 2354 1593 2405 Ἀλεξανδρέων
1618 2351 1702 2404 χώ-

297 2425 372 2459 ρας
400 2413 483 2451 sive
512 2413 555 2450 ἑν
592 2410 641 2463 τῇ
667 2410 960 2460 Ἀλεξανδρέων
987 2406 1127 2462 χώρᾳ,
1155 2413 1198 2449 ut
1232 2416 1323 2450 tom.
1356 2414 1377 2450 1
1405 2424 1443 2462 Ρ.
1470 2414 1561 2458 263,
1588 2410 1702 2449 modo

296 2461 591 2512 Ερμουπόλεως
635 2466 784 2515 μικρᾶς
802 2495 812 2514 ,
843 2464 958 2505 sicuti
995 2465 1036 2504 in
1061 2465 1187 2516 Epist.
1225 2464 1276 2504 ad
1295 2463 1525 2504 Antiochen.
1551 2477 1589 2516 p.
1610 2467 1703 2511 776,

296 2523 506 2571 nuncupat.

406 2593 514 2635 Ibid.
573 2591 844 2647 Μενελαΐιης]
880 2594 1010 2635 vicina
1045 2598 1132 2634 erat
1155 2593 1353 2642 schedia,
1393 2593 1496 2634 unde
1529 2591 1707 2645 Agatho·
