1780 3132
349 126 404 167 IN
443 122 807 166 SYNECDEMUM
846 109 1284 162 COMMENrAmUS.
1428 108 1525 158 415

103 242 168 280 λιν
206 233 303 284 τούς
337 234 540 290 Στόβους,
577 236 905 291 quemadmodum
935 234 1101 287 egregie
1135 233 1180 273 L.
1220 228 1465 272 Holsteinius
1492 229 1535 270 in

104 293 299 348 stephan.
336 293 542 345 correxit,
570 293 754 334 Malchus
791 292 834 333 in
873 291 1064 343 Excerpt.
1103 287 1271 330 lloesch.
1306 298 1346 339 p.
1378 288 1432 326 61
1461 297 1536 338 ap-

101 350 240 405 pellat.

210 417 306 465 391,
320 417 384 454 19.
403 406 587 466 '‘Apyoq]
604 413 739 467 Argos
750 411 1002 464 Pelasgicum
1014 408 1189 463 intelligi
1204 406 1406 461 putabam,
1419 403 1533 446 cuius

105 470 300 511 Homerus
328 473 368 508 et
397 474 511 509 vetus
540 469 646 521 apud
675 468 1009 521 Hephaestionem
1039 464 1245 506 Euchirid.
1274 476 1313 515 p.
1331 465 1387 503 33
1413 465 1537 515 poeta

103 524 303 574 meminit3
349 524 452 577 quod
481 529 615 564 tamen
646 537 734 564 cum
772 523 813 563 in
844 521 1061 563 Thessalia
1091 520 1226 570 fuerit,
1267 517 1416 558 rectius
1444 516 1538 556 binc

103 580 248 622 aberit.
304 579 359 620 sit
387 579 522 632 itaque
547 579 683 632 Argos
703 578 955 619 Oresticum:
981 589 1073 617 nam
1104 575 1286 616 orestias
1314 573 1404 613 sive
1434 572 1539 611 ore-

103 635 191 686 stis,
219 635 261 674 in
290 646 370 687 qua
398 634 499 674 illud
530 634 678 687 Argos,
707 634 863 687 pariter
891 645 940 673 ac
966 630 1191 683 Pelagonia
1217 627 1417 682 superiori
1449 627 1540 667 Ma-

105 690 297 731 cedoniae
334 693 452 730 erant
493 690 771 738 contributae,
813 691 916 728 teste
946 686 1150 728 Strabone
1179 689 1205 726 ⁷
1231 698 1270 737 p.
1297 686 1392 724 326.
1445 681 1542 722 licet

108 750 243 786 autem
268 743 522 797 Pelasgicum
553 744 689 798 Argos
726 744 768 784 in
808 743 965 783 urbium
1004 740 1355 782 Macedonicarum
1382 749 1542 778 censum

106 800 246 841 venire
295 799 403 840 haud
451 800 604 852 possit,
649 811 720 840 cur
764 809 878 852 opem
914 797 1043 838 veteri
1087 793 1396 855 Hephaestionis
1441 797 1540 846 poe-

108 860 190 906 tae,
219 867 299 908 qua
326 854 510 908 indigere
544 854 696 908 coepit,
726 853 992 907 negabimus?
1058 851 1172 902 χαῖρ’
1202 843 1235 888 αἶ
1260 859 1542 900 χρυσοκερως,

107 910 177 960 ait,
205 904 397 959 βαβάκτα
434 906 629 960 Γάλλων,
668 911 750 948 πᾶν
790 903 1056 959 Πελασγικόν
1092 901 1253 957 ”Αργος
1286 898 1543 954 ἐμβατεύων,

108 965 169 1006 ita
198 965 239 1006 in
271 976 424 1018 nupera
454 965 629 1005 editione
667 965 741 1005 hos
784 976 930 1004 versus
960 965 1024 1003 vir
1065 962 1127 1003 cl.
1155 959 1351 1008 distinxit,
1380 960 1545 1019 insuper

109 1020 363 1061 adscribens:
406 1018 517 1061 illud
555 1019 637 1058 πᾶν
679 1032 762 1062 non
792 1021 937 1072 polest
978 1017 1165 1071 pendere
1190 1015 1244 1057 ab
1274 1015 1544 1064 ἑμβατευωνς

108 1086 207 1129 nam
232 1077 302 1116 sic
329 1076 518 1128 ineptum
536 1079 670 1116 esset.
726 1073 1014 1129 sequebamur
1033 1075 1166 1125 iyitur
1194 1070 1296 1122 alia,
1323 1080 1419 1109 cum
1446 1068 1543 1123 qui-

110 1129 190 1171 bus
217 1134 319 1184 apte
348 1129 584 1172 cohaerere
611 1134 810 1184 poterat.-
852 1133 985 1170 totum
1019 1127 1164 1181 Aryos
1190 1125 1459 1177 Pelasgicon,
1483 1124 1545 1163 si-

109 1184 253 1226 mulac
296 1187 557 1234 intraveris,
598 1185 769 1226 laetitia
810 1182 960 1235 afficis
991 1188 1036 1226 et
1068 1182 1274 1224 exultare
1297 1179 1419 1231 lucis
1448 1177 1543 1220 tibi.

113 1240 196 1282 hoc
223 1243 300 1281 aut
328 1240 470 1281 simile
486 1240 588 1295 quid
614 1241 810 1281 dixerint
825 1239 1012 1280 Graeca.
1068 1243 1112 1280 et
1134 1240 1204 1279 sic
1218 1239 1419 1291 pvmcmm
1445 1236 1547 1288 post

112 1293 286 1334 Γάλλων
315 1298 446 1336 etiam
474 1298 842 1349 appositissimum
870 1298 950 1336 est.
1008 1306 1111 1347 quae
1139 1306 1216 1346 ego
1248 1292 1357 1331 dicta
1381 1291 1546 1331 nollem.

111 1350 271 1391 dedisse
298 1350 373 1392 has
402 1352 540 1391 turbas
569 1352 653 1391 Pan
680 1352 723 1391 in
750 1350 933 1391 versibus
976 1349 1206 1390 reconditus
1234 1346 1417 1395 videtur,
1446 1345 1547 1385 satis

111 1405 314 1459 ceteroqui
331 1418 384 1447 ex
411 1406 536 1446 titulis
557 1406 870 1459 conspiciendus.
901 1406 1030 1458 ipsum
1060 1405 1160 1445 illud
1190 1397 1432 1453 ἐμβατεύων
1459 1413 1547 1440 eum

114 1461 367 1514 requirebat:
402 1461 494 1514 quid
524 1462 627 1501 enim
658 1462 788 1514 poetis
826 1461 958 1514 magis
987 1460 1188 1500 familiare
1217 1469 1335 1511 quam
1362 1456 1414 1495 de
1446 1456 1549 1496 locis

111 1516 261 1556 numiui
291 1518 463 1556 sacratis
492 1516 534 1556 id
560 1518 786 1569 usurpare?
859 1516 1083 1566 Aeschylus
1107 1514 1241 1554 Persis
1269 1526 1309 1566 p.
1342 1513 1446 1552 146:
1478 1510 1548 1562 νῆ-

110 1566 182 1616 σός
206 1583 269 1616 τις
291 1566 380 1609 ἔστι
421 1567 579 1622 πρόσθε
606 1571 839 1621 ,Σαλαμῖνος
881 1566 1039 1619 τόπων,
1066 1565 1184 1621 βαιά,
1214 1564 1420 1617 δύσορμος
1448 1579 1550 1604 ναυ-

111 1621 199 1677 σι’ν,
239 1620 292 1677 ἦν
317 1622 535 1678 φιλόκορος
562 1623 663 1665 Πάν
698 1625 931 1676 ἐμβατεύει.
999 1626 1140 1679 quibus
1177 1623 1327 1676 tragici
1365 1621 1549 1662 versibus

114 1679 219 1720 alios
256 1693 308 1721 ex
337 1681 538 1733 Sophocle
583 1685 624 1722 et
661 1682 854 1735 Euripide
884 1687 1098 1735 praestans
1138 1679 1362 1720 eruditione
1391 1678 1548 1717 iuvenis

115 1735 316 1788 Georgius
359 1736 574 1776 D'Arnaud
611 1735 888 1780 Animadvers.
918 1749 952 1777 c.
988 1739 1044 1777 34
1071 1735 1271 1788 apposuit.
1347 1732 1548 1772 Aristides

115 1794 210 1831 tom.
239 1794 266 1830 2
294 1803 332 1843 p.
360 1795 472 1831 30⁷:
510 1786 550 1829 οἱ
581 1790 772 1830 Μουσῶν
812 1790 886 1829 καί
909 1789 1109 1842 Χαρίτων
1137 1786 1264 1840 χοροί
1289 1783 1327 1826 οὶ
1357 1786 1413 1825 δι’
1444 1785 1550 1825 αἰῶ-

115 1857 184 1891 νος
209 1841 286 1896 τήν
310 1841 427 1884 πόλιν
461 1840 775 1895 ἑμβατεύοντες.
836 1845 1028 1887 Libanius
1064 1844 1252 1885 Antioch.
1287 1857 1325 1896 p.
1356 1845 1465 1884 350:
1493 1839 1551 1887 ὥς

117 1896 138 1937 ὅ
166 1896 266 1944 θεὸς
307 1899 482 1951 ἐμβατεῖ
502 1899 572 1939 τὸν
609 1896 746 1954 τόπον,
773 1900 859 1942 sive
886 1901 1019 1954 potius
1049 1895 1280 1949 ἐμβατεύει.
1336 1897 1552 1950 Euripides

117 1955 223 2008 apud
247 1954 479 2006 Dionysium
509 1956 560 1996 de
589 1955 806 2010 Composit.
872 1957 1042 1997 verbor.
1077 1969 1116 2008 p.
1146 1958 1229 1995 256
1255 1954 1351 1995 edit.
1380 1953 1550 1994 Londin.

114 2004 211 2047 ὅστε
235 2010 382 2061 πέτρον
406 2007 631 2062 Ἀρκάδων
659 2010 948 2062 δυσχειμέρων
969 2006 1279 2060 ἐπεμβατεύεις.
1334 2009 1465 2062 igitur
1492 2008 1554 2048 di-

117 2065 332 2106 stinctione
372 2079 454 2106 non
498 2071 561 2106 est
597 2067 711 2120 prior
747 2080 773 2107 a
810 2066 1036 2119 posteriore
1081 2077 1202 2106 versu
1245 2061 1551 2114 dissociandusg

119 2132 284 2174 cumque
323 2119 515 2172 βαβάκτα
547 2121 722 2161 Γάλλων
759 2123 886 2162 minus
924 2122 1128 2162 commode
1156 2122 1241 2161 Pan
1267 2123 1554 2172 nuncupetur,

119 2176 320 2227 praeferri
357 2182 594 2230 oportuerat
635 2178 740 2232 quod
782 2178 824 2218 in
862 2190 921 2217 ms
960 2177 1195 2217 Florentino
1235 2176 1287 2215 Is.
1316 2175 1484 2216 Vossius
1511 2174 1554 2214 in

120 2231 321 2272 Catullum
347 2245 387 2284 p.
416 2236 496 2272 163
525 2233 637 2286 legit,
665 2227 856 2283 βαβοίκτα
880 2227 1024 2283 κὴλων.
1083 2236 1123 2271 et
1150 2236 1263 2271 tanto
1283 2231 1439 2285 quidem
1467 2242 1555 2270 ma-

121 2285 185 2337 gis
204 2317 215 2337 ,
258 2288 443 2340 quoniam
468 2287 733 2341 Etyinologus
770 2301 851 2328 non
894 2287 1015 2328 aliter
1042 2299 1200 2327 versum
1238 2286 1343 2326 hunc
1371 2285 1553 2336 Cratini,

122 2354 215 2393 non,
244 2347 288 2381 ut
315 2343 363 2382 D.
392 2343 578 2383 Heinsius
608 2344 650 2384 in
668 2343 761 2384 Silii
789 2344 816 2384 l.
850 2346 904 2384 13
931 2347 1024 2394 329,
1049 2354 1284 2406 quamquam
1310 2336 1445 2393 κὴλων
1476 2341 1552 2381 ad-

123 2398 310 2448 probam,
340 2398 505 2450 Diphili,
535 2400 725 2451 scriptum
756 2398 967 2439 invenerit.
1023 2401 1158 2448 κηλων
1187 2402 1319 2438 autem
1337 2409 1424 2437 cum
1449 2397 1554 2437 idem

121 2453 176 2492 sit
207 2465 256 2492 ac
283 2452 440 2502 θερμός
468 2452 526 2497 εἰς
556 2450 628 2505 τήν
653 2453 899 2501 συνουσίαν,
931 2452 1024 2507 quin
1053 2453 1103 2493 de
1131 2453 1346 2506 capripede
1375 2452 1450 2492 deo
1481 2464 1556 2492 ve-

122 2507 280 2547 rissime
316 2508 622 2561 pronuntietur,
652 2520 768 2549 nemo
807 2509 1063 2550 dubitaverit.
1126 2509 1257 2563 Atque
1289 2508 1365 2549 hoc
1395 2508 1555 2549 obiter:

121 2574 215 2602 nam
257 2563 413 2605 Cratini
455 2565 708 2617 Pelasgicum
749 2564 886 2618 Argos
926 2564 1124 2618 quodnam
1166 2566 1220 2605 sit
1260 2564 1408 2618 (neque
1451 2563 1556 2603 enim

122 2618 399 2715 Τίέςῐεεαιίωιιι
429 2620 606 2672 videtur)
642 2620 706 2662 Ti.
743 2619 1077 2662 Hemsterhusius·
1102 2620 1333 2675 propediem
1379 2631 1454 2661 nos
1483 2618 1555 2658 do-

119 2685 164 2713 ce
192 2686 206 2714 1
226 2702 235 2712 .
