1780 3132
294 196 388 239 338
607 200 860 239 BANDURII
897 198 1390 243 ANIMADVERSIONES

295 309 469 348 auditum
502 320 641 347 nomen
669 313 859 360 usurpent
878 310 1089 361 scriptores
1107 310 1334 354 Christiani.
1358 313 1430 353 etsi
1457 313 1497 353 in
1516 315 1695 354 confesso

293 364 345 402 sit
374 368 466 402 ante
493 362 792 401 Constantinum
831 375 1013 415 magnum
1055 369 1095 403 et
1130 364 1400 406 Constantium
1438 368 1506 407 vix
1531 380 1697 420 usurpa·

292 422 372 455 tum
407 417 480 455 hac
506 415 666 454 notione
693 427 766 467 pro
799 418 1012 467 gentilibus
1041 421 1080 456 et
1108 418 1344 467 idololatris,
1372 422 1416 458 ut
1443 421 1592 472 pridem
1621 422 1695 461 ob-

292 476 491 508 servatum
536 481 561 507 a
590 469 762 508 Batonio
800 470 841 509 in
870 471 974 510 notis
1012 472 1062 510 ad
1091 472 1433 525 Martyrologium.
1500 486 1634 514 verum
1661 475 1696 514 si

291 523 517 573 Ducangius
544 523 731 562 Sclavam
774 524 952 576 linguam
993 526 1222 573 emmisset,
1255 530 1294 565 et
1334 528 1422 567 loca
1459 528 1697 579 scriptorum

290 576 362 615 illa
392 588 492 627 quae
529 576 569 615 in
599 577 807 616 Glossario
849 578 1008 617 exhibet
1046 579 1183 618 sedulo
1221 579 1530 632 considerasset,
1558 582 1696 633 procul

292 630 410 669 dubio
442 630 608 668 dixisset
636 630 1017 683 Porphyrogenitum
1048 632 1124 672 hae
1149 633 1191 672 in
1217 645 1261 672 re
1289 645 1457 674 errasse.

397 698 487 743 129,
507 698 570 733 19.
626 690 681 738 ὥς
706 694 957 745 προέφημεν]
987 696 1167 736 nimirum
1197 698 1247 737 ab
1267 698 1440 738 Heraclii
1466 698 1630 750 imperio
1657 703 1698 738 et

289 747 457 787 maxime
494 748 733 798 temporibus
768 748 976 788 Michaelis
1018 750 1133 790 Balbi
1174 751 1382 791 Dalmatae
1424 763 1589 792 excusso
1615 753 1696 792 lto-

287 802 392 841 mani
422 801 577 853 imperii
607 801 703 853 iugo
731 802 794 841 sui
819 802 916 841 iuris
944 804 1038 843 facti
1066 808 1169 854 sunt,
1198 809 1243 844 ut
1269 806 1387 857 paulo
1415 805 1596 857 superius
1624 805 1694 846 ait.

393 870 485 914 130,
513 869 554 904 2.
610 862 813 903 ἐλθόντων
840 866 1104 918 Σαρακηνῶν]
1141 869 1190 908 de
1216 869 1291 908 hac
1309 869 1600 910 Saracenorum
1626 882 1696 911 ex-

286 919 485 971 peditione
526 919 567 958 in
605 919 844 959 Dalmatiam
882 921 1055 972 loquitur
1105 922 1207 962 idem
1248 923 1612 976 porphyrogenitus
1646 924 1696 962 de

287 974 422 1013 Them.
445 977 470 1011 2
499 977 548 1012 11
590 977 628 1011 et
659 974 701 1012 in
730 972 796 1012 avi
824 973 961 1013 Basilii
1002 975 1087 1015 vita
1129 989 1167 1017 n.
1198 979 1274 1025 53,
1304 977 1407 1016 unde
1436 977 1567 1016 hausit
1593 989 1694 1029 quae

286 1028 328 1066 in
356 1027 457 1067 hanc.
487 1039 568 1066 rem
594 1027 714 1067 habet
742 1026 955 1068 Cedrenus.
1012 1030 1197 1070 Zonaras
1227 1034 1356 1070 autem
1386 1031 1505 1082 paulo
1536 1030 1696 1070 diversa

287 1081 417 1121 habet.

387 1143 493 1186 [bid.
522 1149 561 1185 3.
618 1143 693 1182 τοῦ
721 1140 837 1193 Σάβα
863 1140 934 1183 καί
966 1143 1038 1182 τοῦ
1070 1146 1287 1197 Κλαφοῦς]
1319 1147 1432 1187 varie
1458 1157 1598 1186 nomen
1625 1147 1698 1187 ho-
1750 1175 1753 1178 -

285 1212 372 1238 rum
400 1199 537 1238 ducum
566 1198 859 1239 Saracenorum
895 1211 921 1238 a
955 1199 1212 1250 scriptoribus
1240 1201 1410 1240 effertur.
1466 1199 1692 1251 Porphyro-

287 1253 444 1304 genitus
482 1253 555 1292 hoe
593 1253 721 1303 capite
749 1252 915 1303 primum
948 1251 1065 1292 Saba
1092 1255 1294 1305 appellat,
1322 1258 1365 1293 ut
1396 1258 1435 1294 et
1464 1253 1695 1295 cedrenus:

285 1312 328 1346 at
357 1307 405 1345 de
434 1307 570 1346 Them.
597 1310 624 1345 2
652 1310 702 1345 11
731 1307 892 1345 eundem
919 1305 1079 1346 Samon
1103 1309 1291 1358 appellat,
1324 1313 1363 1347 et
1390 1309 1432 1348 in
1459 1307 1527 1348 avi
1552 1306 1694 1347 Basilii

287 1361 371 1400 vita
401 1359 599 1400 Sambon.
654 1360 960 1411 Erchempertus
1004 1361 1044 1399 in
1084 1361 1182 1401 Hist.
1212 1363 1392 1413 Langob.
1434 1362 1560 1413 ipsum
1588 1359 1695 1401 Seo-

284 1414 379 1454 dam
408 1418 625 1465 nuncupat;
668 1414 734 1466 qui
776 1414 929 1465 quidem
968 1413 1173 1462 Anonymo
1211 1416 1343 1454 Casin.
1380 1419 1419 1454 et
1452 1415 1577 1455 Leoni
1608 1416 1690 1456 ost.

285 1467 468 1518 Seodan,
508 1468 674 1519 denique
712 1467 866 1507 auctori
901 1467 1086 1507 Chronici
1125 1469 1168 1507 S.
1197 1469 1394 1508 Vineentii
1422 1470 1472 1508 de
1498 1469 1694 1508 Vulturno

286 1521 498 1574 Sanydam
525 1526 701 1561 vocatur.
757 1525 799 1561 at
829 1533 940 1573 quem
968 1521 1031 1559 hie
1062 1521 1263 1572 Κλαφοῦς
1291 1526 1490 1574 nuncupat
1515 1519 1694 1574 Porphy-

284 1576 504 1627 rogemus,
534 1575 700 1614 eundem
729 1574 777 1613 de
791 1575 927 1614 Them.
956 1579 981 1613 2
1010 1578 1057 1613 11
1086 1580 1125 1613 et
1152 1576 1191 1615 in
1221 1576 1287 1615 avi
1313 1576 1452 1616 Basilii
1481 1576 1563 1615 vita
1582 1575 1695 1613 Καλ-

286 1628 392 1678 φοιῗς
421 1630 612 1680 appellat.
680 1633 719 1667 et
747 1629 901 1681 quidem
930 1626 1119 1680 Calphon
1159 1630 1327 1670 Soldani
1367 1629 1541 1670 meminit
1579 1630 1697 1669 etiam

285 1684 366 1722 Leo
392 1684 473 1722 Ost.
506 1687 528 1722 1
559 1687 624 1721 27.

392 1745 499 1788 Ibid.
531 1749 570 1787 5.
587 1741 791 1795 Βούτοβα]
821 1746 924 1785 hanc
951 1747 1084 1785 urbem
1100 1746 1464 1797 porphyrogenitus
1489 1741 1560 1796 τῆν
1586 1740 1698 1783 Βού-

287 1800 410 1848 τοβαν
442 1801 620 1852 appellat
649 1801 698 1840 de
725 1800 862 1840 Them.
889 1804 915 1838 2
946 1805 1016 1849 11,
1056 1805 1095 1838 et
1122 1801 1163 1839 in
1201 1801 1267 1839 avi
1297 1800 1435 1840 Basilii
1463 1799 1548 1840 vita
1572 1800 1696 1839 eidem

289 1852 310 1902 ἡ
339 1850 530 1901 Βοιῖτομα
558 1855 722 1903 dicitur,
763 1854 943 1894 cedreno
988 1866 1084 1893 vero
1110 1848 1312 1900 Βούταμα
1339 1858 1516 1894 vocatur.
1570 1853 1699 1893 Plinio

288 1907 430 1949 Butua
459 1908 614 1958 dicitur,
641 1908 833 1960 hodieque
856 1905 1007 1948 Budua
1043 1908 1281 1959 appellatur.

401 1971 508 2012 Ihm.
558 1969 764 2023 Ῥαῖσσαν]
794 1972 917 2011 eidem
945 1972 994 2010 de
1025 1972 1161 2011 Them.
1191 1975 1217 2010 2
1250 1974 1299 2010 11
1330 1975 1369 2009 et
1395 1971 1438 2010 in
1465 1971 1531 2010 avi
1557 1970 1699 2010 Basilii

290 2026 374 2064 vita
395 2023 530 2063 Ῥῶσα
561 2026 660 2065 haec
685 2026 781 2066 urbs
810 2027 1058 2077 appellatum
1096 2026 1289 2077 hodieque
1318 2025 1434 2064 etiam
1460 2022 1580 2066 Rosa
1605 2024 1701 2064 dici-

289 2084 366 2129 tur,
394 2092 474 2118 non
502 2081 624 2132 longe
656 2080 706 2120 ab
733 2079 926 2119 Ascruvio
965 2092 1034 2118 seu
1062 2079 1244 2118 Ascrivio
1271 2079 1413 2130 posita.

397 2141 504 2184 Ibid.
560 2140 611 2181 τὰ
631 2140 857 2194 Δεκάτερα]
887 2144 976 2183 aliis
1005 2143 1262 2195 scriptoribus
1289 2142 1456 2182 Graecis
1483 2135 1699 2191 Δεκάταρα

291 2196 446 2245 dicitur,
474 2198 591 2237 hodie
618 2197 831 2246 (latarum,
871 2198 1085 2237 Catharum
1126 2202 1165 2236 et
1206 2197 1395 2246 (Zattara,
1432 2195 1570 2236 Slavis
1601 2207 1699 2234 vero

293 2250 442 2298 Cot0r;
474 2252 523 2291 de
554 2264 632 2304 qua
661 2252 814 2303 quidem
844 2252 941 2291 urbe
961 2252 1140 2303 pluribus
1166 2251 1337 2301 scriptor
1363 2254 1501 2289 noster
1527 2249 1702 2301 loquitur

293 2304 400 2343 infra
429 2305 502 2344 hoe
527 2306 613 2357 ipso
641 2306 783 2357 capite.
838 2305 938 2345 haec
963 2309 1090 2344 autem
1131 2305 1225 2343 urbs
1253 2308 1445 2355 occupata
1471 2302 1547 2342 fuit
1574 2314 1600 2341 a
1626 2303 1703 2342 Sa-

293 2358 449 2397 racenis
467 2389 477 2407 ‚
514 2363 680 2410 excepta
722 2359 918 2411 superiori
961 2363 1111 2398 tantum
1140 2358 1263 2409 ipsius
1305 2361 1420 2408 parte
1460 2357 1502 2396 in
1543 2357 1626 2395 alto
1655 2368 1704 2395 ae

293 2416 508 2463 praerupto
536 2418 668 2452 monte
695 2413 786 2461 sita,
815 2413 882 2452 ubi
909 2412 1100 2463 hodieque
1127 2423 1204 2450 arx
1229 2410 1488 2451 munitissima
1517 2409 1702 2449 cernitur.

293 2470 464 2504 ceterum
510 2466 559 2505 de
587 2467 685 2506 urbe
723 2467 872 2507 Cataro
911 2467 968 2506 sic
1004 2466 1121 2505 habet
1151 2467 1231 2504 lac.
1274 2465 1441 2504 Luccari
1478 2465 1507 2503 l.
1539 2467 1561 2502 1
1593 2461 1705 2515 deyli

294 2516 450 2571 Annali
476 2519 519 2559 di
551 2517 699 2560 Rausa
726 2524 826 2572 p.9:
862 2531 939 2560 ora
964 2522 1133 2560 ruinam
1166 2518 1201 2558 z‘l
1238 2529 1367 2571 regno
1394 2517 1438 2558 di
1469 2514 1703 2567 Vladislau,

295 2576 310 2612 i
340 2571 518 2624 Bulyarz'
542 2585 782 2625 pas-sarona
810 2577 884 2626 piu
913 2573 1043 2618 ollre,
1072 2577 1114 2612 et
1153 2572 1488 2612 abbrusczarono
1517 2569 1715 2623 Onagos-

296 2630 377 2675 εἱε,
404 2625 567 2667 Risano
594 2640 618 2667 e
648 2625 830 2676 cataro,
858 2627 958 2680 qual
993 2626 1145 2667 crebbe
1175 2626 1288 2666 dalle
1314 2627 1434 2665 ruine
1462 2621 1705 2665 d'Ascrz'vz'o

297 2695 321 2720 e
346 2681 389 2721 di
417 2679 554 2722 Kotor
594 2681 637 2722 di
666 2679 835 2731 Bosna,
876 2682 919 2722 la
949 2681 1048 2734 qual
1076 2693 1208 2720 roc-ea
1237 2679 1475 2732 liudinyero
1504 2678 1548 2718 al
1577 2682 1603 2717 2
1632 2676 1703 2718 lib.
