1780 3132
218 135 272 174 ΙΝ
293 129 647 172 CONSTANTINI
683 129 880 171 PORPH.
907 130 1005 170 Lm.
1030 127 1101 168 DE
1119 126 1250 168 ΑΒΜ.
1293 127 1399 191 ΙΜΡ.
1444 121 1538 165 315

101 247 146 288 Β.
173 246 282 286 Pers.
307 249 327 283 1
355 247 426 284 17:
459 241 707 294 Σαρακηνεόν
737 240 968 293 ἡγούμενοι,
998 237 1264 293 ofiani-«9201
1294 235 1539 277 ἐπικαλοῦν-

101 313 182 340 ται.
213 313 250 340 v.
281 298 478 351 Ducangii
508 298 574 338 Gi.
604 298 678 338 Gr.

206 360 717 415 91,18.Βοιβαχαο]
782 363 897 402 varie
936 361 1011 401 hoc
1053 373 1198 400 nomen
1239 358 1362 400 scribi
1405 364 1550 409 monet⁴

98 420 308 461 meursius.
373 419 644 480 slheophanes
685 413 1018 481 Ἀβουβάχαρος,
1050 415 1289 456 Anastasius
1317 418 1357 454 et
1383 413 1537 455 Cedre-

98 487 172 515 nus
200 470 484 524 Ἀβουβάχαρ,
512 474 744 523 Anonymus
771 473 812 512 in
839 472 1096 512 Saracenicis
1124 467 1398 521 Βουβάρχαν,
1427 470 1538 511 Lan-

99 530 271 582 dulphus
301 527 567 570 Eububezer.
624 533 798 568 ceterum
832 527 1102 579 Theophanes
1132 531 1172 565 et
1202 525 1408 566 cedrenus
1435 525 1541 567 hanc

97 596 183 625 rem
212 585 374 624 diverso
401 584 517 623 modo
547 587 729 623 narrant.

208 648 315 691 Ibid
339 654 406 690 20.
463 647 536 686 καί
575 647 772 697 κατέσχεν
814 642 839 697 ἦ
879 642 1039 697 πονηρὰ
1074 642 1223 698 πὶοὲνη]
1252 646 1435 698 pluribus
1463 645 1561 687 hac·

99 705 149 744 ‘de
179 718 226 745 re
254 705 427 757 scriptor
452 708 590 744 noster
617 703 726 743 infra
744 706 864 743 ο.17.
895 714 999 755 quae
1027 701 1183 755 quidem
1205 701 1339 741 onmia
1367 701 1420 741 ad
1449 712 1542 741 ver-

99 760 191 800 bum
218 772 270 800 ex
299 759 546 810 Theophane
574 758 798 810 exscripsit.
870 757 1077 798 cedrenus
1116 769 1215 797 vero
1261 756 1370 808 impii
1397 756 1540 796 Maho-

98 816 215 856 metis
257 815 452 867 dogmata
492 814 618 854 fusius
658 814 850 865 exponit,
890 817 935 852 ut
961 813 1099 853 videre
1135 817 1197 852 est
1234 824 1260 852 a
1297 824 1444 852 annum
1485 815 1538 851 21

97 869 274 911 Heraclii
299 868 485 942 Augusti.

202 939 270 987 92,
298 939 337 977 2.
392 931 436 974 τὸ
468 933 540 985 τῆς
568 931 817 984 Ἀφροδίτης
856 923 1026 985 αστρον]
1060 933 1267 974 Cedrenus
1295 944 1380 971 rem
1414 932 1540 983 pluri-

95 990 169 1031 bus
196 991 374 1044 exponit.
432 989 664 1039 Anonymus
692 1000 790 1028 vero
818 988 860 1028 in
890 987 1147 1030 Saracenicis
1178 988 1308 1041 inquit
1334 987 1540 1027 Mahome-

95 1050 213 1086 tanos
243 1046 411 1087 Veneris
441 1045 614 1097 effigiem
646 1043 686 1084 in
726 1056 876 1096 magno
905 1044 1041 1096 lapide
1072 1043 1246 1097 positam
1274 1043 1421 1093 colere,
1450 1055 1540 1082 ere-

94 1100 234 1141 dentes
279 1101 323 1141 in
364 1113 411 1140 eo
443 1100 649 1139 Abraham
691 1111 780 1138 cum
817 1098 932 1151 Agar
960 1098 1129 1151 coiisse,
1169 1102 1240 1138 aut
1281 1099 1473 1138 camelum
1503 1098 1540 1137 ei

94 1156 289 1209 alligasse
328 1167 416 1195 cum
457 1156 573 1195 Isaac
614 1154 916 1193 sacrificaturus
946 1158 1064 1195 esset.
1136 1153 1275 1194 eadem
1301 1154 1430 1193 refert
1457 1153 1538 1193 Eu-

93 1210 267 1260 thymius
297 1210 542 1263 zygabenus
573 1209 793 1260 Panopliae
826 1209 887 1249 tit.
910 1211 976 1249 28.

201 1275 311 1318 Ibid.
344 1280 408 1316 13.
467 1272 598 1314 ’Μὲκε
643 1274 730 1314 sive
776 1270 906 1312 ΙΙΙοέκε
952 1278 1022 1315 aut
1067 1270 1250 1325 Μάκεχ,
1290 1275 1355 1314 vel
1394 1269 1538 1323 Βάκχε

93 1342 260 1384 quoque,
286 1332 400 1371 locus
426 1335 516 1371 erat
544 1329 586 1369 in
613 1342 690 1382 quo
720 1329 876 1370 domum
918 1329 1115 1370 orationis
1155 1329 1206 1370 ab
1235 1329 1468 1370 Abrahamo
1499 1333 1539 1368 et

90 1386 262 1427 ismaele
283 1390 477 1448 structam
493 1385 697 1426 Mahomet
722 1384 943 1425 fabulatur
974 1384 1206 1425 Catechesis
1218 1384 1537 1452 Saracenorum.

88 1437 381 1490 οἷναθεματίζω
411 1437 483 1491 τήν
502 1434 761 1488 μυθοποιίαν
788 1438 865 1477 τοῦ
885 1435 1114 1503 Μωοέμεθ,
1155 1437 1199 1478 ἐν
1223 1431 1253 1492 ᾗ
1276 1453 1389 1502 φησι
1421 1434 1537 1489 γενή-

87 1495 240 1534 σεσθαι
269 1494 340 1560 τῷ
358 1493 443 1558 θεῷ
471 1490 582 1534 οἶκον
621 1493 856 1558 προσευχῆς
880 1489 995 1545 παρὰ
1027 1494 1102 1532 τοῦ
1127 1490 1322 1558 Ἀβρααμ
1356 1507 1425 1532 και
1463 1492 1538 1531 τοῦ

86 1547 257 1601 ’lenatia
300 1562 360 1595 εις
397 1533 440 1587 τὸ
472 1546 616 1599 Βάκχε
655 1543 746 1600 ἤτοι
779 1546 823 1588 τὸ
850 1546 1007 1600 Μάκεχ
1033 1543 1062 1599 ἢ
1088 1545 1238 1599 Μάκε,
1268 1543 1311 1587 ὃν
1341 1547 1534 1598 ὀνομάζει

88 1617 447 1672 nooaxvvqrqptov
478 1617 550 1644 του
582 1601 949 1655 παοαϊηοήμαΐθς.
1012 1617 1081 1643 καί
1120 1616 1398 1670 ποθσῒασσει,
1428 1615 1535 1641 onov

87 1671 140 1696 αν
177 1673 255 1698 ωσι
294 1672 362 1698 και
399 1672 616 1710 ευχονι-αι,
662 1659 877 1711 στρέφωσι
913 1656 963 1698 τὰ
994 1657 1198 1710 πρόσωπα
1241 1636 1398 1698 αὐτῶν
1427 1654 1535 1709 πρὸς

87 1709 134 1751 τὸ
155 1711 283 1776 μέσος
315 1713 457 1753 έκεῖνο.
489 1719 607 1755 erant
635 1720 767 1755 autem
789 1715 874 1755 illic
900 1718 1051 1767 septem
1080 1715 1238 1768 lapides
1266 1714 1333 1767 qui
1361 1727 1386 1754 a
1405 1713 1533 1754 Sara-

89 1769 199 1808 cenis
225 1767 479 1809 iaciebantur
506 1774 650 1810 contra
678 1769 943 1811 Christianos.
1001 1770 1182 1810 Historia
1198 1768 1532 1821 Longobardica:

86 1822 223 1864 semel
248 1827 390 1865 autem
420 1836 502 1878 per
545 1823 740 1890 singulos
781 1836 917 1866 anuos
954 1836 1093 1866 causa
1135 1825 1446 1877 recoquitionis
1475 1822 1532 1863 ad

85 1877 252 1919 domum
279 1878 374 1931 dei,
405 1891 514 1934 quae
542 1883 612 1921 est
643 1881 689 1920 in
719 1878 902 1931 Media,
932 1882 999 1921 ire
1027 1882 1371 1945 praecipiuntur,
1401 1882 1444 1919 et
1470 1877 1531 1918 ibi

85 1932 286 1986 adorare,
315 1946 490 1989 eamque
524 1934 857 1976 inconsutilibus
904 1937 1159 1988 teyumentis
1201 1936 1449 1983 circumire,
1486 1937 1530 1974 et

86 1986 258 2041 lapides
277 2001 358 2043 per
386 1990 526 2030 media
552 1989 771 2041 foramina
789 2002 871 2043 pro
886 1990 1060 2031 diabolo
1080 1989 1314 2044 lapidando
1344 1991 1527 2030 iactare.

85 2055 211 2097 quam
239 2044 405 2085 domum
432 2045 581 2086 dicunt
604 2043 743 2086 Adam
771 2049 1092 2094 construxisse,
1122 2044 1396 2099 omnibusque
1420 2042 1530 2096 filiis

84 2100 180 2139 eius
211 2103 255 2140 et
283 2097 518 2141 Abrahami
546 2104 590 2141 et
616 2099 797 2142 Ismaeli
825 2100 965 2142 locum
1007 2103 1221 2142 orationis
1251 2099 1406 2152 fuisse.
1455 2099 1528 2140 de-

83 2164 194 2194 mum
237 2152 524 2196 Mahometum
570 2168 664 2196 eam
703 2156 867 2197 domum
916 2155 1002 2197 sibi
1036 2159 1291 2211 cunctisque
1328 2152 1528 2209 yentibus

83 2209 181 2248 suis
211 2209 450 2251 tradidisse
477 2209 712 2263 affirmant.
769 2212 1035 2265 Landulphus
1074 2212 1220 2266 Sagax
1247 2211 1431 2265 appellat
1459 2209 1526 2251 lo-

83 2274 181 2304 cum
206 2261 497 2318 blasphemiae
524 2267 552 2307 l.
584 2271 650 2308 22.
707 2267 862 2307 Msuns.

189 2332 257 2378 93,
287 2334 325 2370 2.
382 2331 612 2384 Stephanus
642 2317 708 2373 hic
747 2333 1052 2373 mathematicus
1081 2332 1383 2374 Alexandrinus
1423 2336 1524 2383 erat,

80 2387 185 2423 teste
201 2383 383 2426 Cedreno
411 2387 464 2426 ad
492 2400 639 2428 annum
668 2392 721 2427 12
746 2401 904 2440 impetu
918 2388 1109 2437 Heraclii
1137 2389 1204 2429 ubi
1230 2401 1315 2429 rem
1342 2388 1526 2450 pluribus

79 2444 236 2480 narrat.
294 2452 399 2492 quae
426 2447 647 2494 sequuntur
684 2443 727 2483 in
760 2442 944 2484 Cedreno
984 2444 1095 2496 (post
1125 2444 1200 2485 illa
1228 2441 1525 2493 δυστυχοῦσαν

79 2488 152 2543 ἔτη
180 2490 276 2544 τξέ)
304 2495 445 2536 mutila
474 2496 570 2536 mihi
599 2510 647 2536 ac
691 2498 918 2549 depravata
946 2499 1143 2539 videntur.
1200 2504 1402 2539 caeterum
1431 2510 1525 2550 per-

79 2559 219 2600 peram
241 2550 442 2591 Meursius
482 2551 772 2604 interpletatur
811 2552 914 2593 hunc
943 2553 1097 2594 titulum
1144 2554 1221 2594 sic.
1266 2556 1525 2606 excerptum

82 2605 264 2645 canonis
293 2617 414 2658 quem
439 2608 586 2658 posuit
617 2604 865 2660 Stephanus
892 2608 1217 2650 mathematicus
1243 2608 1296 2651 de
1327 2607 1524 2649 Sarace-

77 2668 225 2699 norum
252 2662 388 2711 exitu,
418 2672 499 2714 quo
528 2664 718 2715 tempore
746 2660 910 2713 fuerit,
944 2667 988 2705 et
1017 2676 1100 2718 quo
1129 2662 1416 2707 Romanorum
1441 2665 1522 2705 im-
