1780 3132
495 181 572 224 DE
605 181 966 226 THEMATIBUS
999 181 1103 225 LIB.
1139 181 1197 225 H.
1507 179 1572 227 49

117 293 326 351 μάργαρον
347 292 476 352 τούτῳ
500 295 869 349 ἔγκαλλωπίζονται.
937 296 1005 336 καὶ
1031 293 1188 352 μάρτυς
1217 292 1447 346 ἀξιόπιστος
1475 294 1572 337 αὐτὸ

116 362 163 406 τὸ
184 361 361 417 νόμισμα
380 367 454 405 τοῦ
470 360 713 412 Μακεδόνος
728 361 1006 419 Ἀλεξάνδρου,
1041 362 1208 421 τοιαύτῃ
1228 362 1345 406 εῗκόνι
1368 367 1571 405 καλλωπι-

117 429 291 484 ζόμενον.
363 433 441 485 [εἲ]
465 429 655 488 ἐκράτησε
677 431 721 472 δὲ
742 428 768 484 ἡ
787 433 971 483 βασιλεία
995 437 1076 473 τῶν
1097 430 1351 474 Μακεδόνων
1369 431 1571 489 ἄρξαμένη

115 498 196 541 ἀπὸ
233 503 305 541 τοῦ
342 500 477 556 τρίτου
517 499 609 540 υἱοῦ
644 496 895 554 “Ηρακλεόυς
927 501 1122 554 Καρανοῦ
1158 500 1570 558 προσαγορευομένου,

81 566 339 621 ὄαύξηθεΐσα
363 568 406 609 δὲ
437 566 516 609 ἀπὸ
540 568 742 608 Φιλίππου
772 571 846 609 τοῦ
872 567 1025 623 πατρὸς
1050 567 1337 625 Ἀλεξάνδρου,
1371 572 1569 624 μεγαλυν-

111 639 235 678 &eitra
265 635 310 677 δὲ
336 637 402 677 καὶ
430 634 641 692 ὑπερφυὴς
662 636 850 690 γενομένη
879 637 943 676 καὶ
968 639 1047 677 τῶν
1069 636 1206 692 ἄκρων
1237 641 1309 691 τῆς
1335 641 1408 693 γῆς
1439 637 1571 680 αὐτῶν

111 701 377 758 ἔπιψαύσασα
416 703 482 745 ἐπ’
522 703 647 745 αὐτοῦ
673 702 937 758 Ἀλεξάνδρου
977 705 1044 745 καὶ
1077 709 1157 746 τῶν
1195 706 1321 747 αὐτοῦ
1354 704 1569 759 διαδόχων,

110 769 372 825 καταλήξασα
395 772 438 814 δὲ
461 773 516 820 εἷς
538 771 701 826 Περσέα
723 771 792 812 τὸν
815 772 1040 823 Φιλίππου,
1084 770 1185 814 ὥστε
1205 775 1270 815 καὶ
1292 774 1390 816 αὐτὸ
1411 774 1570 826 ἀποβα-

111 842 192 881 λεΐν
210 839 254 881 τὸ
277 843 350 894 τῆς
364 840 570 893 βασιλείας
593 839 773 892 ἀξίωμα·
818 838 1073 893 αἰχμάλωτος
1099 840 1176 896 γὰρ
1204 841 1324 891 αὐτὸς
1344 840 1364 883 ὃ
1387 841 1572 897 Περσεὺς

57 906 213 961 Ῑομετὰ
229 907 416 963 γυναικὸς
433 909 499 949 καὶ
520 907 678 958 τέκνων,
713 905 904 961 ἡττηθεὶς
924 906 1002 949 ὑπὸ
1025 910 1221 963 Αἰμιλίου
1245 908 1482 952 ἀνθυπάτου
1504 911 1571 951 καὶ

108 980 334 1031 στρατηγοῦ
361 979 442 1018 τῶν
467 973 688 1029 Ῥωμαίων,
726 977 781 1026 εἷς
807 976 880 1030 τὴν
906 973 1065 1031 Ῥώμην
1087 975 1256 1033 ἀπήχθη
1281 978 1467 1032 δέσμιος,
1503 979 1571 1020 καὶ

107 1041 240 1085 πάντα
259 1043 312 1087 τὰ
331 1048 404 1099 τῆς
422 1045 631 1097 βασιλείας
649 1049 728 1087 τῶν
749 1043 1004 1087 Μακεδόνων
1024 1046 1199 1100 ἐπίσημα
1209 1077 1223 1098 ,
1266 1044 1366 1088 ὥστε
1390 1046 1468 1088 ἀπὸ
1488 1051 1569 1099 βα-

107 1112 258 1162 σιλείας
287 1114 345 1162 εἷς
371 1113 564 1168 ἐπαρχίαν
592 1112 637 1154 τὸ
664 1116 803 1166 σχῆμα
831 1116 1084 1166 μεταβαλεῖν,
1119 1116 1185 1156 καὶ
1217 1118 1288 1156 νῦν
1313 1116 1369 1164 εἷς
1387 1115 1569 1169 θέματος

92 1178 220 1239 fragm
238 1181 305 1222 καὶ
323 1181 587 1237 στρατηγίδος
604 1180 729 1235 αὐτὴν
751 1184 987 1235 καταλῆξαι.

53 1277 96 1314 15
236 1269 442 1324 Ἔπαρχιά
464 1272 747 1322 Μακεδονίας,
779 1268 857 1311 ὕπὸ
878 1266 1159 1325 κονσιλιάριον,
1191 1266 1325 1319 πόλεις
1345 1268 1423 1321 λα’,
1458 1271 1566 1313 Θεσ-
1590 1279 1617 1312 Ρ
1641 1279 1687 1315 23

105 1338 308 1392 σαλονίκη,
330 1338 486 1392 Πέλλη,
508 1338 718 1392 Εὔρωπος,
753 1338 869 1388 Λῖος,
903 1337 1095 1393 Βέρροια,
1125 1338 1351 1394 Ἐορδαῖοι,
1370 1337 1567 1390 ”Εδεσσα,

104 1405 255 1460 Κέλλη,
282 1405 505 1460 Ἀλμωπιά,
534 1404 759 1463 εΗροὶκλεια
779 1405 971 1456 Λάκκου,
1002 1404 1200 1456 Ἀντανία,
1236 1407 1277 1446 Γ
1274 1406 1433 1459 ε’μινδος
1441 1439 1453 1458 ,
1485 1411 1566 1450 Νι-

103 1471 246 1528 κεδῆς,
282 1472 524 1531 Λιόβουρος,
553 1473 772 1529 ιΗδομένη,
807 1471 1043 1533 Βράγυλος,
1077 1474 1286 1529 Πρίβανα,
1321 1473 1564 1530 ΖΠαρώνεια,

98 1542 378 1599 ’Λμφι’πολις,
411 1542 638 1594 Νεάπολις,
668 1543 937 1592 Ἀπολλωνία,
975 1539 1174 1598 Τόπειρος
1199 1542 1245 1583 τὸ
1277 1547 1348 1584 νῦν
1370 1541 1565 1594 Ῥούσιον,

46 1608 346 1663 2οΝικόπολις,
374 1609 602 1663 Ἰθάπολις,
628 1610 856 1662 ’Άκανθος,
891 1608 1219 1668 Κεραιόπυργος,
1249 1611 1411 1667 Βέρπη,
1439 1611 1565 1669 ’Άρα-

101 1682 193 1732 λος,
227 1678 664 1734 Διοκλητιανούπολις,
698 1677 1010 1733 Σεβαστόπολις.

190 1819 214 1854 3
237 1816 382 1862 ἐκράτει
403 1819 448 1854 F.
467 1822 613 1862 fortean
634 1820 844 1854 scribendum
861 1817 1052 1862 ἐπεκράτει
1067 1819 1148 1864 (pro
1167 1818 1203 1852 εἰ
1217 1815 1375 1861 ἐκράτει)
1395 1818 1561 1854 Morellus

192 1865 214 1899 5
238 1861 312 1899 15πό
327 1866 346 1899 ἱ)
438 1867 458 1900 8
483 1866 662 1909 φίλιππον
687 1866 716 1899 C
811 1869 852 1900 15
876 1863 930 1910 λβ’
959 1866 989 1899 C
1083 1866 1127 1900 18
1149 1864 1317 1909 πρίβαυα
1342 1865 1371 1898 Α

101 1999 201 2033 quam
234 1988 398 2034 pretiosis
420 1989 549 2034 lapillis
575 1995 611 2024 et
632 1988 816 2023 unionibus
840 2000 878 2021 se
902 1987 1060 2022 decorari
1084 1992 1228 2033 putant3
1270 1998 1312 2021 ac
1335 1987 1437 2022 testis
1463 1987 1564 2022 huius

98 2033 151 2067 rei
174 2034 244 2068 fide
266 2034 391 2079 dignus
415 2043 470 2070 est
494 2047 648 2069 nummus
674 2034 857 2068 Alexandri
881 2033 1104 2078 Macedonis,
1141 2032 1310 2067 eiusmodi
1340 2034 1452 2078 figura
1475 2033 1563 2067 insi-

99 2079 229 2124 gnitus.
276 2080 445 2125 siquidem
470 2089 613 2125 regnum
637 2081 866 2115 Macedonum
899 2080 1026 2113 florere
1058 2091 1100 2113 ac
1121 2079 1244 2124 vigere
1271 2079 1389 2123 coepit
1412 2091 1431 2113 a
1454 2080 1561 2113 tertio
1624 2093 1627 2097 ·

100 2124 263 2160 Herculis
285 2127 379 2170 filio,
415 2127 476 2172 qui
499 2127 658 2161 Caranus
681 2127 893 2167 vocabatur3
929 2131 1066 2160 auctum
1100 2137 1186 2160 vero
1218 2131 1515 2171 propagatumque
1541 2136 1560 2158 a

98 2170 274 2216 Philippo,
310 2179 411 2217 patre
435 2172 641 2215 Alexandr13
671 2172 822 2216 denique
851 2171 1120 2216 magnitudinem
1144 2183 1185 2205 ac
1206 2170 1424 2216 splendorem
1449 2170 1561 2205 admi-

98 2215 242 2251 rabilem
275 2223 467 2252 assecutum
501 2224 554 2252 est
585 2225 691 2263 atque
725 2224 896 2252 extremas
930 2223 1098 2252 terrarum
1133 2228 1212 2251 oras
1243 2215 1362 2259 attigit
1393 2218 1457 2251 sub
1481 2217 1558 2261 ipso

97 2263 296 2297 Alexandro
319 2262 462 2308 eiusque
485 2264 765 2304 successoribus3
799 2275 840 2297 ac
871 2264 1008 2297 tandem
1032 2262 1164 2297 decidit
1189 2274 1230 2296 ac
1253 2262 1358 2295 desiit
1381 2264 1446 2296 sub
1469 2264 1559 2297 Per-

97 2319 157 2343 seo
182 2308 337 2355 Philippi
357 2309 450 2353 filio,
489 2310 550 2354 qui
574 2310 701 2355 regiam
727 2320 865 2354 quoque
888 2308 1092 2352 dignitatem
1117 2308 1252 2342 amisit:
1286 2307 1411 2342 etenim
1436 2314 1558 2353 captus

98 2358 154 2388 est
183 2353 261 2407 ipse
293 2360 368 2388 cum
400 2355 546 2399 coniuge
575 2362 612 2390 et
633 2355 753 2390 liberis
777 2356 819 2390 ab
842 2355 988 2389 Aemilio
1012 2354 1216 2400 proconsule
1240 2358 1275 2387 et
1298 2354 1387 2388 duce
1410 2354 1558 2388 Romani

98 2405 285 2444 exercitus,
309 2411 331 2434 a
355 2411 424 2446 quo
447 2401 561 2436 victus
585 2403 711 2444 fuerat,
737 2409 772 2435 et
796 2413 873 2434 mox
898 2401 1041 2435 Romam
1064 2400 1101 2434 in
1122 2399 1271 2434 vinculis
1294 2399 1483 2443 adductus,
1522 2406 1558 2433 et

96 2456 167 2480 una
188 2456 264 2480 cum
288 2457 330 2480 eo
353 2447 468 2481 omnia
490 2447 590 2492 regni
612 2446 842 2482 Macedonum
873 2445 1044 2490 insignia,
1078 2446 1128 2481 ita
1158 2452 1196 2480 ut
1228 2457 1247 2479 a
1271 2446 1370 2490 regio
1395 2451 1487 2479 statu
1512 2446 1555 2479 ad

35 2492 40 2507 '
94 2491 339 2536 praefecturae
361 2493 503 2527 sormam
526 2493 734 2528 Macedonia
757 2496 886 2527 mutata
908 2492 1034 2537 fuerit,
1068 2504 1110 2527 ac
1143 2503 1234 2527 nunc
1266 2491 1303 2525 in
1334 2491 1496 2526 thematis
1521 2497 1557 2525 et

93 2537 300 2583 provinciae
323 2538 477 2573 ordinem
500 2539 656 2574 redacta.

174 2605 410 2639 'Praefectura
431 2605 677 2650 Macedoniae,
713 2608 776 2641 sub
800 2606 1022 2647 consiliario,
1060 2606 1162 2639 urbes
1186 2606 1251 2650 31,
1290 2605 1554 2646 Thessalonice,

95 2649 203 2694 Pelle,
227 2649 412 2705 Europus,
442 2652 547 2697 Dius,
578 2653 750 2697 Berroea,
783 2652 951 2695 Eordaei,
972 2651 1120 2694 Edessa,
1145 2651 1255 2694 Celle,
1283 2651 1452 2696 Almopia,
1478 2651 1551 2684 He—

95 2695 210 2731 raclea
233 2696 352 2741 Lacci,
385 2698 545 2743 Antania,
579 2699 782 2739 Gemindus,
819 2698 984 2740 Nioedes,
1009 2697 1199 2740 Dioburus‚
1223 2698 1439 2739 Hedomene,
1468 2697 1556 2729 Bra—

94 2741 215 2786 gylus,
247 2742 422 2787 Pribana,
456 2744 647 2788 Maronea,
682 2743 908 2789 Amphipolis,
944 2743 1125 2789 Neapolis,
1159 2743 1363 2788 Apollonia,
1400 2742 1555 2787 Topirus

93 2787 261 2822 Rhusium
294 2800 385 2823 nunc
419 2788 530 2834 dicta,
567 2790 772 2836 Nicopolis,
807 2789 995 2835 lthapolis,
1029 2789 1229 2833 Acanthus,
1270 2791 1555 2835 Ceraeopyrgus,

92 2832 221 2879 Berpe,
244 2833 379 2878 Aralus,
404 2835 725 2882 Diocletianopolis,
749 2835 1003 2882 Sebastopolis.

150 2885 265 2921 Consi.
296 2886 423 2932 Porph.
1252 2881 1279 2921 4
