1780 3132
259 177 345 225 134
527 185 873 225 CONSTANTlNl
912 186 1380 228 PORPHYROGENI'H

250 279 321 318 καί
358 274 459 330 ἅπερ
505 279 674 331 ἐποίησα
717 276 913 331 πρότερον
951 283 1008 328 εἰς
1055 283 1163 332 ’ὑμᾶς
1201 283 1555 335 μεταμεμέλημαι,
1591 296 1649 322 οτι

250 341 383 382 ἔσωσα
421 340 530 392 ὑμᾶς
556 342 646 396 {dno
685 344 765 382 τῶν
795 345 959 397 ἐχθρῶν
985 345 1119 399 ὑμῶν,
1149 345 1219 387 καί
1247 344 1553 387 ἆνταπεδώκατέ
1577 360 1646 396 μοι

248 405 403 458 πονηρὰ
423 405 515 446 dvm*
535 402 726 457 ἆγαθῶν·
756 408 826 447 καί
846 406 983 456 καθώς
1000 409 1206 463 ἐδιώχθην
1224 412 1316 464 παρ’
1339 411 1466 462 ὑμῶν,
1494 409 1644 461 οἷρτίως

244 468 380 522 χαίρω
407 471 476 509 ἐπὶ
501 471 552 523 τῇ
576 470 754 526 α’πωλείᾳ
780 468 909 522 ὑμῶν.
963 474 1055 514 τότε
1077 472 1353 527 α’πορήσαντες
1370 471 1449 513 α’πό
1474 473 1548 513 τοῦ
1572 469 1645 526 ῥη-

245 532 316 585 γὸς
345 534 555 584 Λοδοΐχου
597 533 835 576 ἀπέστειλαν
877 539 1066 589 πρέσβεις
1101 536 1204 590 πρὸς
1241 537 1310 579 τὸν
1338 539 1510 590 βασιλέα
1532 533 1680 576 ‘Pas-5

245 595 379 647 μαίων
407 599 482 636 τοῦ
512 597 652 637 δοῦναι
680 599 820 645 αὐτοῖς
845 598 1039 653 βοήθειαν
1067 604 1138 642 καί
1164 601 1455 654 λυτρώσασθαι
1473 601 1546 640 τοῦ
1564 613 1650 638 τοι-

245 658 365 699 οὐτου
395 659 610 700 κινδύνου·
667 661 688 701 ὃ
730 663 775 703 δὲ
803 663 998 715 βασιλευς
1026 665 1223 717 ὑπέσχετο
1253 667 1459 718 βοηθῆσαι
1489 663 1644 710 αὐτοῖς.

244 726 319 762 τοῦ
365 725 410 764 δὲ
449 724 763 778 ἅποκρισιαριόυ
801 726 882 767 α’πὸ
920 731 990 782 τῆς
1023 729 1176 777 πόλεως
1208 729 1542 782 ὑποστρέψαντος
1579 727 1649 767 καὶ

243 787 404 839 α’γαθιὶς
431 789 618 840 α’γγελίας
641 795 723 839 τοῖς
747 793 958 844 πέμψασιν
980 791 1107 833 αὐτὸν
1124 791 1433 845 ἆποκομίζοντος
1458 789 1554 844 περὶ
1577 792 1648 844 τῆς

241 852 314 891 τοῦ
338 855 537 903 βασιλέως
564 858 825 908 συμμαχίας,
857 857 980 909 μήπω
1022 855 1168 897 τούτου
1206 858 1491 904 ἀποσωθέντος
1521 857 1565 896 ἐν
1592 855 1649 910 τῷ
1663 861 1704 894 10

243 914 423 972 κάστρῳ,
466 918 669 971 ἐκρατήθη
706 918 818 971 παρὰ
854 922 934 960 τῶν
960 922 1111 973 βιγλαῖν
1137 922 1208 960 τοῦ
1237 921 1468 960 Σολδανοῧ·
1522 933 1649 971 προε-

242 979 385 1033 γνώκει
423 980 502 1033 γάρ
542 979 562 1020 ὅ
600 983 805 1031 Σολδανὸς
849 982 922 1036 τήν
950 990 1160 1036 γεγονυῖαν
1189 981 1414 1036 οἷποστολὴν
1442 983 1546 1036 πρὸς
1569 981 1650 1023 ἱκε-

244 1047 337 1084 σίαν
360 1048 435 1085 τοῦ
461 1048 662 1095 βασιλέως
685 1045 920 1099 (Ρωμαίων,
950 1048 1019 1088 καί
1046 1047 1266 1089 ἐπύκτευσε
1294 1050 1368 1088 τοῦ
1393 1047 1463 1088 τὸν
1482 1048 1650 1099 α’ποκρι-

242 1108 400 1160 σιὰριον
441 1107 574 1150 αὐτῶν
605 1113 827 1164 κρατῆσαι,
867 1109 966 1165 ὅπερ
1007 1114 1078 1152 καί
1105 1114 1251 1165 γέγονε.
1307 1113 1578 1164 κρατηθέντος
1605 1112 1652 1150 δὲ

243 1175 370 1213 αεῗτοῦ
401 1172 530 1225 ἐζιιαθε
559 1174 630 1228 την
656 1175 999 1217 ἀποτελεσθεῖσαν
1026 1181 1123 1230 παρ’
1165 1173 1298 1217 αὐτοῦ’
1335 1177 1551 1228 δουλείαν,
1582 1173 1651 1214 καί
1665 1179 1705 1211 15
1756 1172 1759 1176 ’

243 1235 306 1277 ὅτι
345 1239 395 1277 δι’
434 1237 579 1289 ὀλίγων
616 1239 781 1292 ἡμερῶν
812 1239 1115 1292 καταλαμβάνει
1158 1238 1182 1294 ἦ
1223 1242 1294 1280 τοῦ
1318 1240 1518 1291 βασιλέως
1536 1235 1650 1278 ‘Pm-

240 1302 375 1352 μαίων
400 1305 586 1355 βοήθεια.
643 1301 664 1342 ὅ
704 1306 748 1345 δὲ
777 1303 981 1352 Σολδανὸς
1009 1302 1094 1345 εἶπε
1122 1307 1176 1361 τῷ
1206 1304 1320 1360 αὐτῷ
1357 1304 1651 1358 αἠοκρισιαρίῳ

242 1362 303 1406 ὅτι
331 1369 370 1406 εἰ
397 1367 579 1419 ποιήσεις
617 1364 714 1420 ὅπερ
754 1384 818 1409 σοι
851 1368 963 1423 εἴπω,
984 1370 1222 1420 ἐλευθερίας
1250 1371 1320 1409 κατ’
1346 1369 1516 1419 δωρεῶν
1535 1369 1651 1420 μεγί-

240 1445 348 1470 στων
376 1430 610 1487 ἀξιωθήσῃ·
666 1434 705 1473 εἰ
731 1433 775 1472 δὲ
810 1431 867 1485 μή
886 1467 896 1486 ,
935 1434 1094 1487 πονηρῷ
1119 1430 1287 1487 θανάτῳ
1318 1430 1389 1484 την
1419 1431 1523 1485 ζωὴν
1551 1432 1652 1470 ἄπο-

241 1496 383 1543 λέσεις.
438 1496 512 1535 τοῦ
535 1497 580 1536 δὲ
605 1493 886 1548 ὑποσχομένου
909 1497 1165 1551 ἐκπληρῶσαι
1187 1496 1233 1536 τὰ
1257 1494 1501 1547 κελευόμενα
1524 1495 1650 1550 αὐτῷ,
1663 1498 1706 1533 20

241 1553 351 1598 εἶπεν
380 1558 401 1598 ὁ
430 1558 636 1607 Σολδανὸς
663 1560 766 1614 πρὸς
806 1558 934 1602 αὐτὸν
971 1558 1029 1601 ὅτι
1065 1559 1216 1601 κελεύω
1245 1562 1393 1613 στῆναί
1413 1575 1459 1600 σε
1484 1562 1654 1612 πλησίον

243 1623 319 1663 τοῦ
347 1625 521 1677 τείχους,
549 1625 620 1664 καί
645 1623 1131 1678 προσκαλέσασθαιζτούς
1159 1620 1474 1670 ἇποστείλαντάς
1498 1638 1558 1677 σε,
1585 1626 1656 1664 καί

244 1688 373 1727 εἰπεῖν
401 1685 503 1740 πρὸς
532 1687 686 1736 αὐτοὺς
709 1688 811 1741 “ἑγώ
843 1691 919 1741 μὲν
949 1687 1025 1742 τὴν
1053 1689 1241 1729 δουλείαν
1266 1686 1315 1743 ἢν
1335 1683 1510 1743 ὤφειλον
1535 1689 1654 1741 ποιῆ-

341 1823 383 1855 13
409 1822 472 1857 τοῦ
494 1820 568 1870 τὸν]
593 1823 721 1859 τοῦτον
744 1824 847 1868 vulgo

249 1970 303 1991 me
329 1960 432 1992 etiam
460 1970 579 1992 eorum
603 1971 692 2004 quae
716 1966 819 1993 antea
842 1961 940 1994 vobis
965 1962 1133 2005 praestiti,
1158 1973 1234 1993 cum
1258 1971 1318 1993 vos
1341 1959 1384 1992 ab
1401 1959 1560 1992 hostibus
1583 1970 1653 1991 ser-

248 2006 355 2038 varim
373 2030 382 2045 ,
421 2017 483 2050 pro
507 2017 575 2050 quo
612 2006 785 2039 beneficio
821 2007 911 2039 mala
935 2007 1020 2039 mihi
1045 2007 1266 2051 reposuistis3
1304 2010 1338 2038 et
1362 2004 1654 2049 quemadmodum

250 2052 380 2082 eiectus
404 2051 479 2094 ipse
506 2063 525 2082 a
556 2051 653 2084 vobis
680 2053 744 2091 fui,
771 2053 820 2084 ita
846 2064 938 2084 nunc
962 2053 1005 2085 de
1030 2059 1143 2084 vestro
1169 2053 1274 2084 exitio
1291 2049 1456 2094 gaudeo.”
1504 2055 1589 2082 tunc
1609 2050 1654 2082 ad

250 2107 416 2128 sunnnam
442 2098 634 2140 augustiam
658 2098 800 2137 redacti,
827 2109 847 2130 a
875 2109 952 2141 rege
979 2098 1157 2131 Ludovico
1183 2098 1226 2130 ad
1250 2099 1478 2129 Romanorum
1503 2096 1653 2140 impera—

250 2147 359 2174 torem
384 2142 516 2186 legatos
545 2144 690 2175 mittunt
714 2145 864 2187 petitum
892 2150 932 2176 ut
965 2144 1048 2187 ipsis
1084 2144 1315 2188 opitularetur
1345 2148 1450 2186 atque
1487 2140 1530 2172 ab
1557 2141 1653 2172 eius-

249 2188 343 2220 modi
370 2189 526 2231 periculo
553 2200 612 2221 eos
640 2189 815 2222 liberaret.
862 2189 1051 2233 pollicetur
1074 2200 1175 2233 opem
1198 2189 1410 2232 imperator3
1434 2186 1496 2219 sed
1519 2187 1654 2230 legatus

250 2234 294 2264 ab
322 2233 408 2265 urbe
433 2235 618 2278 Cpolitana
643 2234 782 2267 rediens
815 2240 920 2279 atque
948 2235 1038 2267 laeta
1072 2235 1142 2267 suis
1168 2236 1291 2267 nuntia
1315 2235 1462 2265 afferens
1489 2232 1532 2264 de
1554 2231 1653 2264 auxi-

252 2279 300 2310 lio
326 2279 367 2310 ab
395 2281 603 2326 imperatore
629 2281 826 2319 mittendo,
850 2281 1051 2324 priusquam
1076 2280 1110 2312 in
1136 2279 1255 2312 urbem
1283 2290 1320 2311 se
1344 2279 1498 2322 recipere
1524 2282 1654 2322 posset,

251 2335 270 2355 a
293 2325 428 2356 soldani
454 2325 608 2357 excubiis
646 2331 766 2370 captus
805 2326 884 2359 fuit.
931 2327 1160 2370 praesciverat
1184 2326 1315 2370 quippe
1351 2325 1414 2356 ille
1444 2324 1655 2366 legationem

252 2370 375 2402 saetam
405 2370 450 2402 ad
474 2372 719 2415 imperatorem
745 2374 956 2411 Romanum,
988 2377 1023 2404 et
1047 2372 1142 2403 omni
1167 2371 1284 2404 studio
1309 2369 1470 2403 incubuit
1493 2373 1531 2401 ut
1557 2368 1654 2411 lega-

251 2421 321 2447 tum
353 2422 510 2459 caperet3
535 2417 630 2460 quod
653 2422 689 2449 et
715 2417 843 2449 factum
862 2418 941 2450 fuit.
989 2417 1237 2461 comprehenso
1261 2422 1377 2449 autem
1397 2415 1525 2458 legato,
1547 2413 1656 2446 intel—

251 2462 337 2493 lexit
362 2473 432 2506 quo
457 2461 641 2494 defunctus
669 2463 783 2494 suerat
808 2463 931 2503 ossicio,
955 2467 990 2495 et
1011 2468 1091 2506 post
1116 2474 1243 2507 paucos
1268 2462 1342 2494 dies
1360 2461 1491 2493 auxilia
1510 2459 1654 2492 Romani

250 2507 467 2550 imperatoris
493 2510 651 2540 affutura.
701 2508 787 2540 dicit
804 2509 922 2553 itaque
947 2508 979 2540 ei
1004 2508 1168 2541 soldanus
1187 2508 1240 2541 “si
1265 2518 1354 2552 quae
1379 2506 1499 2539 dixero
1519 2504 1654 2544 seceris,

251 2553 415 2585 libertate
439 2558 475 2585 et
493 2554 650 2589 maximis
667 2553 866 2586 muneribus
885 2553 1165 2587 cohonestaberis
1181 2567 1187 2586 ε
1216 2555 1268 2586 sin
1285 2554 1412 2591 minus,
1436 2550 1526 2583 mala
1545 2554 1654 2582 morte

250 2597 415 2642 peribis.'’
463 2610 610 2642 cumque
635 2599 769 2641 legatus
793 2600 963 2632 facturum
986 2611 1022 2632 se
1049 2600 1212 2632 mandata
1238 2599 1416 2644 pollicitus
1439 2601 1542 2636 esset,
1566 2595 1656 2628 dixit

252 2645 284 2676 ei
310 2644 473 2676 soldanus
496 2644 624 2684 „iubeo
652 2650 688 2676 te
719 2646 875 2688 proxime
910 2656 1025 2678 muros
1051 2645 1216 2678 accedere
1251 2656 1291 2677 ac
1324 2655 1383 2677 eos
1407 2643 1467 2695 qui
1491 2647 1525 2673 te
1549 2640 1654 2673 mise-

252 2695 332 2722 runt
346 2689 524 2731 advocare,
547 2691 702 2735 ipsisque
726 2689 859 2723 dicere:
886 2702 949 2735 ego
966 2691 1106 2737 quidem
1132 2691 1228 2736 quod
1252 2691 1350 2726 vobis
1373 2687 1522 2722 officium
1548 2685 1655 2719 debui
