1780 3132
260 175 353 219 252
525 179 876 223 CONSTANTlNl
920 181 1389 225 PORPIIYROGENITI

256 273 373 324 θείας
399 276 532 324 πάσας
572 280 665 318 καθ’
703 276 870 318 ἕκαστον
901 275 989 326 ἔτος
1012 280 1093 319 τῶν
1127 279 1314 320 ἐντεῦθεν
1338 282 1534 330 μέλλομεν
1562 277 1662 329 ύμῖν

256 339 512 381 ἀποστέλλειν
556 340 655 381 κατὰ
686 341 760 396 τήν
786 343 1094 395 Χερσωνιταῖν.”
1160 341 1199 383 οἱ
1229 343 1274 382 δὲ
1304 345 1559 397 Χερσωνῖται
1586 339 1662 388 τὰς

254 402 447 453 τοιαύτας
485 403 697 458 εἰληφότες
736 404 926 459 α’ννόνας,
964 408 1021 454 εἰς
1060 404 1232 455 ἑαυτούς
1262 421 1306 447 τε
1334 405 1404 448 καί
1427 406 1475 448 τοὶ
1502 403 1660 446 τούτων

251 469 371 508 τέκνα
396 469 701 522 διαμερίσαντες
732 468 802 509 τὸν
828 469 1010 522 ἀριθμὸν
1040 473 1357 525 συνεστήσαντο·
1421 469 1489 511 διὰ
1519 469 1562 510 τὸ
1591 471 1663 510 καί

252 532 330 578 ἕως
355 532 429 571 τοῦ
457 534 529 571 νῦν
558 529 606 572 τοὶ
636 531 791 572 τούτων
818 535 937 574 τέκνα
955 533 1058 574 κατὰ
1090 537 1167 575 τῶν
1193 535 1340 588 γονέων
1354 535 1426 587 τῆς
1450 533 1693 587 στρατείαςό

252 595 546 647 συμπλήρωσιν
572 598 617 637 ἐν
649 599 703 652 τῷ
731 597 899 651 α’ριθμῷ
924 597 1254 639 κατατάσσονται.
1310 598 1492 652 ἐφοδίοις
1519 599 1564 639 δὲ
1592 597 1664 637 καί

253 655 400 710 δώροις
440 659 642 708 πλείστοις
682 658 772 701 τότε
797 663 1050 714 τιμηθέντων
1088 661 1167 702 ὑπὸ
1201 664 1273 703 τοῦ
1298 662 1517 715 θεοφιλοῦς
1541 663 1662 713 βασι-

251 723 354 768 λέως
394 723 711 765 Κωνσταντίνου
749 726 823 766 τοῦ
858 741 901 765 τε
940 729 1158 779 Διογένους
1199 724 1270 767 καί
1306 728 1386 767 τῶν
1419 723 1495 766 σὺν
1533 724 1660 779 αὐτῷ,

249 787 474 838 κατέλαβον
499 787 573 841 τήν
605 791 878 842 Χερσωνιτιὸν
905 790 1226 843 ἀποκομίσαντες
1253 791 1322 831 καί
1345 788 1418 838 τὰς
1444 788 1561 836 θείας
1587 803 1662 842 φι-

250 851 446 900 λοτιμίας.
1675 850 1716 883 10

359 911 483 954 ,Μετὰ
517 916 563 956 δὲ
596 915 772 968 χρόνους
808 916 923 964 τινας
950 919 1023 957 τοῦ
1050 920 1178 958 ταῦτα
1217 919 1422 970 γεγονέναι
1449 914 1663 968 Σαυρόμα-

250 990 317 1023 τος
344 975 367 1017 ὅ
407 975 566 1031 ἔγγονος
589 979 863 1033 Σαυρομάτου
905 983 979 1021 τοῦ
1001 978 1284 1033 Κρισκορόνου
1306 982 1379 1021 τοῦ
1406 978 1665 1031 πολεμῆσαι·-

250 1056 319 1088 τος
359 1040 432 1094 τήν
457 1041 672 1096 Λαζικήν,
701 1044 979 1098 συναθροίσας
1017 1044 1193 1095 πόλεμον
1230 1046 1275 1086 ἐκ
1310 1047 1383 1098 τῆς
1422 1041 1664 1091 Μαιώτιδος

250 1107 393 1159 λιμνης
422 1107 619 1161 ἐπανέστη
647 1114 732 1155 τοῖς
750 1111 1038 1163 Χερσωνίταις,
1065 1108 1322 1163 βουλόμενος,
1354 1107 1468 1163 φησί,
1496 1105 1568 1160 τήν
1596 1108 1666 1160 τῆς

251 1169 535 1221 αἰχμαλωσίας
573 1169 697 1224 ὕβριν
738 1174 812 1213 τοῦ
849 1174 1001 1214 οἰκείου
1039 1171 1207 1212 πάππου
1235 1174 1446 1225 ἐκδικῆσαι
1471 1168 1542 1224 τήν
1567 1171 1662 1222 παρ’
1678 1171 1719 1204 15
1758 1180 1760 1183 ·

251 1233 390 1275 αὐτῶν
423 1233 494 1275 ἐπί
521 1237 821 1290 Διοκλητιανοῦ
846 1240 920 1279 τοῦ
952 1239 1153 1290 βασιλέως
1179 1239 1409 1290 γενομένην.
1461 1233 1666 1286 μαθόντες

251 1300 297 1339 δὲ
325 1300 445 1340 τοῦτο
476 1297 512 1340 οἱ
548 1303 831 1354 Χερσωνῖται,
874 1305 1280 1356 στεφανηφοροῦντος
1319 1300 1407 1342 τότε
1445 1298 1516 1340 καὶ
1553 1313 1667 1350 πρω·

250 1362 436 1412 τεύοντος
472 1364 795 1418 τῆςΧερσιὸνος
832 1363 1002 1406 Βύσκου
1039 1368 1112 1407 τοῦ
1143 1366 1413 1418 Σουπολιχου,
1441 1363 1666 1414 α’ντιπαρα·

249 1427 470 1480 ταξάμενοι
512 1428 584 1470 καί
623 1428 743 1474 αὐτοὶ
766 1427 1001 1483 ὑπήντησαν
1041 1431 1096 1485 τῷ
1127 1427 1383 1484 Σαυρομάτῳ
1409 1426 1486 1478 ἔξω
1512 1428 1556 1468 ἐν
1581 1420 1667 1473 τοῖς

250 1495 326 1533 τοῦ
354 1494 571 1545 λεγομένου
603 1495 740 1547 Καφοῖ
764 1492 929 1545 τόποις,
959 1493 1031 1534 καί
1059 1492 1357 1546 πολεμήσαντες
1381 1491 1484 1544 μετοέν
1513 1490 1721 1543 αὕτοῦ,2θ

251 1558 326 1597 τοῦ
352 1559 455 1597 θεοῦ
480 1563 563 1606 τοῖς
590 1560 874 1611 Χερσωνίταις
902 1559 1165 1610 βοηθοῦντος,
1194 1555 1381 1610 ἐνίκησαν
1408 1554 1480 1597 τὸν
1508 1553 1667 1607 Σαυρὸ-

251 1636 379 1672 μαῖον
405 1624 478 1662 καί
500 1623 697 1672 ἐδίωξαν,
736 1621 935 1675 θήσαντες
967 1624 1038 1662 καί
1064 1621 1284 1674 ὁροθεσίας
1310 1623 1354 1662 ἐν
1381 1623 1435 1675 τῷ
1461 1621 1570 1675 αὐτῷ
1598 1624 1667 1661 λε-

252 1686 408 1742 γομένῳ
447 1688 605 1742 Καφᾷ,
646 1689 691 1728 ἐν
737 1680 768 1741 ᾧ
815 1687 926 1742 τόπῳ
964 1686 1263 1739 πολεμήσαντες
1301 1683 1367 1726 τὸν
1401 1683 1669 1738 Σαυρόματον

346 1821 370 1855 4
397 1822 441 1867 δι]
469 1818 585 1856 anzo?
679 1821 722 1855 16
749 1822 809 1856 ἐπὶ
840 1821 1101 1863 Διοκλητιανοῦ
1133 1820 1199 1855 τοῦ
1222 1820 1394 1864 βασιλέως
1416 1817 1485 1851 add
1509 1818 1534 1850 Β
1623 1818 1668 1851 23

347 1869 388 1904 ἐν
412 1869 439 1913 ῴ
462 1887 511 1895 -
534 1870 706 1910 ἐνίκησαν
732 1867 802 1900 add
830 1867 852 1899 B

259 1985 440 2019 mittemus
466 1984 503 2016 in
529 1983 771 2017 Chersonem.''
819 1983 1048 2017 Chersonitae
1073 1994 1154 2015 vero
1177 1982 1324 2014 annonis
1349 1980 1548 2014 huiusmodi
1571 1990 1669 2012 acce-

256 2033 341 2077 ptis,
368 2032 460 2063 inter
486 2040 522 2062 se
544 2030 746 2074 liberosque
771 2041 850 2062 suos
878 2029 1049 2061 divisione
1075 2029 1164 2061 facta
1187 2038 1368 2060 numerum
1395 2027 1673 2065 constituerunt3

256 2082 443 2122 propterea
467 2086 577 2120 usque
602 2076 649 2108 ad
675 2075 881 2108 hodiernam
908 2075 1000 2107 diem
1030 2075 1183 2118 ipsorum
1210 2074 1273 2105 filii
1299 2073 1345 2104 ad
1366 2077 1502 2116 patrum
1529 2081 1670 2104 suorum

255 2125 295 2155 in
329 2123 483 2155 exercitu
518 2121 812 2165 complementum
848 2122 884 2153 in
917 2131 1060 2153 numero
1095 2120 1247 2152 militum
1282 2124 1518 2151 recensentur.
1566 2122 1670 2160 atque

255 2168 324 2201 hoc
351 2173 452 2212 pacto
477 2173 551 2200 tum
575 2168 771 2210 Diogenes,
801 2173 836 2199 et
860 2167 921 2211 qui
950 2177 1025 2198 cum
1053 2166 1148 2208 ipso,
1183 2169 1378 2197 commeatu
1403 2174 1444 2195 ac
1467 2162 1671 2196 muneribus

256 2225 277 2246 a
300 2214 530 2246 Constantino
566 2213 624 2245 dei
651 2214 886 2246 amantissimo
912 2213 1122 2256 imperatore
1154 2210 1314 2243 instructi
1346 2210 1383 2242 in
1415 2215 1540 2242 terram
1573 2217 1670 2241 suam

258 2260 385 2293 reversi
410 2264 502 2298 sunt,
526 2258 662 2292 divinos
685 2259 836 2291 honores
862 2269 978 2291 secum
1002 2258 1165 2289 ferentes.

346 2306 454 2337 Annis
477 2315 558 2337 vero
583 2306 722 2349 aliquot
736 2310 816 2348 post
833 2305 1055 2336 sauromatas
1074 2301 1266 2334 Sauromati
1282 2300 1490 2339 Criscoroni,
1514 2300 1574 2344 qui
1603 2299 1672 2331 La-

257 2351 365 2383 zicam
390 2350 486 2382 bello
510 2350 753 2390 infestaverat,
786 2361 917 2394 nepos,
940 2349 1087 2381 collecto
1114 2348 1159 2379 ad
1182 2346 1392 2379 Maeotidem
1416 2346 1581 2390 paludem
1604 2344 1672 2377 mi-

257 2397 320 2429 lite
345 2402 466 2428 contra
491 2395 713 2429 Chersonitas
740 2397 860 2435 movit,
885 2395 1067 2433 iniuriam,
1094 2399 1132 2425 ut
1156 2392 1349 2437 inquiebat,
1377 2391 1590 2436 captivitatis
1616 2390 1671 2422 avi

257 2442 326 2482 sui,
351 2452 443 2486 quae
467 2441 689 2474 Diocletiano
716 2442 911 2486 imperante
938 2439 1063 2472 accidit
1080 2464 1088 2478 ‚
1126 2439 1272 2470 ulturus.
1319 2449 1387 2481 qua
1421 2448 1458 2470 re
1490 2437 1680 2469 intellecta-

257 2487 510 2527 Chersonitae‚
546 2488 606 2531 qui
633 2489 828 2532 principem
853 2498 893 2518 ac
924 2490 1169 2531 proteuontem
1197 2490 1280 2517 tunc
1304 2483 1469 2528 temporis
1494 2481 1674 2514 habehant

258 2533 601 2579 ByscumUSupolichi
619 2534 743 2571 filium,
768 2533 870 2565 armis
895 2538 930 2564 et
947 2532 1013 2576 ipsi
1032 2531 1178 2574 sumptis
1198 2530 1335 2563 obviam
1361 2529 1392 2561 ei
1419 2528 1501 2562 facti
1528 2532 1609 2560 sunt
1635 2527 1674 2559 in

259 2579 344 2612 locis
369 2578 487 2622 Caplia
510 2581 742 2623 nuncupatis3
780 2579 942 2622 initoque
981 2577 1133 2621 praelio,
1172 2576 1237 2608 deo
1277 2575 1499 2618 opitulante,
1524 2571 1671 2604 cherso-

258 2626 356 2657 uitae
380 2625 576 2668 superiores
606 2626 690 2657 facti
718 2627 959 2658 Sauromatum
983 2624 1019 2655 in
1036 2623 1148 2664 fugam
1174 2625 1430 2660 converterunt,
1455 2619 1672 2661 limitemque

258 2672 298 2707 in
323 2669 446 2703 eodem
469 2671 547 2704 loco
571 2670 690 2716 capha
715 2671 894 2704 nominato
909 2694 919 2710 ‚
945 2668 1006 2701 ubi
1029 2668 1174 2702 victoria
1196 2666 1300 2713 potiti
1331 2671 1412 2700 sunt
1437 2669 1558 2698 contra
1584 2663 1672 2697 Sauf-
