1780 3132
287 151 379 198 344
563 160 566 161 ’
598 160 854 200 BANDURn
896 155 1387 199 ANJMADVERffloNEs

286 282 361 322 que
390 272 442 308 15
470 269 600 308 seculo
639 281 734 319 pars
763 270 836 308 illa
861 269 972 308 urbis
1002 269 1231 319 Ragusinae
1261 279 1360 319 quae
1385 267 1687 319 septentrionem

288 328 440 374 spectat
465 323 612 361 inunita
642 323 728 369 fuit,
755 327 991 361 structuram
1021 327 1182 360 curante
1197 321 1447 371 sigismundo
1475 323 1688 362 malatesta

287 377 454 416 Arimini
482 375 649 419 domino,
678 379 720 413 ut
747 376 883 415 scribit
909 377 988 415 lac.
1019 375 1186 414 Luccari
1217 375 1243 413 l.
1270 377 1297 414 3
1324 375 1543 414 Annalium.

392 432 484 475 135,
501 433 565 467 10.
619 427 692 466 τοῦ
719 425 1108 478 πρωτοσπαθαριόυ]
1137 439 1342 480 perperam
1364 427 1510 479 legitur
1535 428 1577 467 in
1603 427 1686 467 etli-

286 485 339 523 tis
370 482 444 519 τοῦ
474 478 591 530 ἁγίου
620 493 692 532 pro
717 481 791 519 τοῦ
817 480 1217 530 πρωτοσπαθαριόυ;
1253 493 1325 520 nec
1361 481 1493 520 dubito
1523 481 1614 533 quin
1645 481 1686 520 in

286 549 357 586 ms,
387 547 462 587 quo
490 535 685 574 Meursius
714 547 809 574 usus
837 537 966 574 fuerat
993 535 1043 574 ad
1073 547 1181 574 suam
1207 535 1413 573 editionem
1440 534 1687 574 Constantini

288 589 582 636 adornandam,
625 590 865 628 scriberetur
907 588 1003 627 haec
1032 601 1113 628 vox
1147 592 1348 627 contracta
1390 599 1471 637 seu,
1495 592 1540 626 ut
1566 588 1687 639 vulgo

288 644 453 688 dicitur,
483 642 737 689 abbreviata,
778 643 954 681 nimirum
982 642 1097 680 litera
1133 655 1159 678 α
1203 653 1286 680 cum
1326 641 1358 678 θ
1396 641 1687 692 superscripto;

285 696 386 748 quod
418 695 573 747 quidem
600 696 796 747 significat
823 690 1207 744 ήρωτοσπαθάριον.
1240 708 1278 734 v.
1307 699 1421 734 notas
1449 695 1499 734 ad
1528 707 1562 733 o.
1591 697 1657 732 42.

392 748 498 789 Ibid.
516 753 580 788 11.
639 747 718 785 αἠὸ
739 748 923 795 Batava]
944 749 1226 799 interpretatus
1246 761 1328 787 sum
1362 761 1409 787 ac
1426 748 1460 787 si
1486 748 1688 799 legeretur

287 799 323 841 οἱ
339 800 417 839 ἀπὸ
434 802 615 840 Batava.
629 802 720 842 hinc
731 803 935 842 manifest-o
949 802 1070 853 liquet
1083 802 1295 840 recensitos
1309 814 1333 841 a
1347 801 1686 852 Porphyrogenito

286 857 406 908 paulo
434 856 611 907 superius
642 856 763 905 viros,
792 855 856 906 qui
880 855 1095 906 Ragusium
1123 856 1405 906 demigrarunt,
1432 855 1552 893 fuisse
1581 854 1688 893 cives

287 910 556 959 Salonitanos,
581 909 713 961 ibique
730 910 872 960 optime
888 909 968 959 legi
995 906 1324 959 μετοικησάντων,
1345 921 1423 947 non
1440 920 1536 947 vero
1555 918 1688 945 κατοι-

287 960 506 1013 κησάντων.
529 975 628 1014 quae
645 968 857 1014 sequuntur
873 962 913 1001 in
941 962 1102 1001 Mem-sii
1128 962 1307 1000 versione
1329 965 1515 1012 corrupta
1545 973 1594 1000 ao
1619 961 1688 999 de-

287 1021 459 1067 pravata
486 1021 598 1065 sunt;
629 1017 731 1067 quod
761 1017 914 1068 quidem
940 1017 1084 1055 factum
1103 1019 1195 1066 puto
1223 1015 1379 1054 librarii
1408 1019 1449 1053 et
1465 1027 1544 1054 non
1560 1014 1688 1052 inter-

286 1070 409 1122 pretis
442 1070 691 1122 negligentia
717 1082 764 1110 ac
791 1070 959 1109 inscitia.
1015 1068 1117 1108 hanc
1134 1074 1260 1107 autem
1278 1068 1439 1108 meursii
1465 1068 1687 1107 versionem

292 1137 378 1163 cum
407 1129 561 1163 secutus
593 1128 697 1163 esset
715 1123 857 1163 Lucius
887 1122 938 1163 de
963 1133 1091 1174 reyno
1114 1120 1252 1162 Dalm.
1280 1134 1312 1160 c.
1334 1124 1396 1171 14,
1427 1133 1477 1161 ex
1505 1121 1566 1160 his
1593 1121 1690 1159 Por-
1756 1140 1759 1144 ·

288 1178 539 1229 phyrogeniti
577 1178 708 1216 verbis
749 1177 805 1215 sic
857 1177 1127 1216 ratiocinatur.
1204 1179 1250 1215 at
1284 1173 1476 1215 Rausina
1523 1175 1691 1224 civitas,

290 1233 478 1284 quamvis
513 1233 557 1271 in
585 1242 713 1282 reyno
739 1229 1004 1280 Dalmatiae,
1031 1229 1083 1268 de
1125 1240 1204 1282 qao
1234 1228 1499 1268 tractandam
1522 1231 1600 1276 est,
1625 1228 1690 1266 in-

289 1284 414 1324 clusa
436 1296 517 1323 non
545 1283 693 1335 licerit,
720 1283 797 1324 sab
823 1286 984 1324 nomine
1021 1286 1157 1322 tamen
1180 1281 1418 1322 Dalmatiae
1451 1279 1690 1322 contineba-

289 1342 381 1385 tar3
407 1338 486 1378 sed
523 1340 653 1378 sicuti
686 1337 903 1378 Dalmatia
946 1339 989 1377 in
1027 1335 1273 1376 orientalem
1307 1339 1350 1375 et
1387 1333 1690 1375 occidentalem

289 1392 438 1442 divisa,
470 1391 693 1432 orientalis
722 1390 968 1431 Serviorum
993 1389 1255 1439 censebatur,
1287 1387 1566 1430 occidentalis
1589 1399 1694 1427 vero

291 1444 555 1493 eremorum,
570 1448 633 1486 ita
647 1443 851 1486 Raasium
873 1447 917 1484 in
934 1443 1131 1484 orientali
1151 1447 1276 1495 parte
1302 1445 1439 1494 sitam,
1459 1454 1486 1482 a
1503 1443 1691 1482 caeteris

290 1499 503 1539 Dalmatis
534 1499 728 1549 divisam,
756 1501 825 1539 ius
854 1510 1012 1551 qaoque
1038 1500 1280 1548 separatam
1296 1495 1492 1536 habuisse
1519 1498 1694 1535 innuere

288 1553 454 1594 videtur
481 1552 885 1605 porphyrogenitus.-
912 1563 1007 1591 nam
1037 1553 1099 1590 ait
1128 1550 1222 1590 loco
1250 1561 1382 1602 supra
1411 1552 1544 1589 citato
1573 1549 1690 1588 Salo-

290 1620 381 1646 nam
407 1608 613 1646 transiisse
627 1607 824 1655 Rausfflm,
841 1605 887 1645 id
909 1609 986 1654 est,
1007 1603 1102 1644 loco
1116 1603 1315 1652 Satanae,
1338 1605 1468 1643 totius
1495 1605 1692 1656 antiquae

290 1659 532 1700 Dalmatiae
555 1659 813 1711 metropolis,
829 1657 1033 1699 Raasiam
1048 1659 1191 1709 partis
1218 1656 1439 1697 orientalis
1450 1655 1693 1697 Dalmatiae

290 1716 536 1760 maritimae,
553 1725 658 1766 qaae
671 1713 854 1753 Graecis
869 1711 1060 1764 parebat,
1074 1713 1118 1751 in
1131 1710 1394 1762 metropolim
1409 1712 1690 1751 successisse.

286 1773 405 1819 atque
433 1767 795 1818 Porphyrogenitus
823 1767 922 1805 haec
952 1767 1011 1805 ita
1040 1778 1118 1804 non
1149 1765 1360 1817 intelligit,
1388 1765 1444 1803 uti
1473 1776 1596 1815 supra
1625 1764 1692 1801 de-

286 1822 602 1867 monstravimus,
630 1822 724 1859 licet
752 1821 846 1860 urbs
859 1820 1046 1859 Rausium
1067 1818 1295 1869 metropolis
1317 1831 1363 1857 ac
1379 1818 1519 1870 regina
1533 1818 1692 1857 Dalma-

286 1876 367 1914 tiae
395 1875 514 1913 fuerit
528 1875 722 1926 hodieque
749 1875 811 1922 sit,
826 1879 868 1912 ut
896 1873 1019 1912 tradit
1037 1872 1250 1921 cedrenus,
1278 1873 1442 1923 loquens
1462 1872 1510 1910 de
1523 1871 1694 1910 Sarace-

284 1941 422 1967 norum
440 1929 479 1967 in
498 1929 734 1967 Dalmatiam
760 1928 1038 1977 impressione:
1068 1923 1388 1974 προχωρούντων
1407 1923 1451 1960 δὲ
1477 1920 1578 1961 κατὰ
1600 1922 1694 1961 νοῦν

283 1982 364 2018 τῶν
384 1980 630 2029 πραγμάτων
649 1985 732 2024 τοῖς
757 1975 991 2030 Ἀγαρηνοῖς
1014 1972 1139 2028 ἦλθον
1162 1977 1232 2014 καί
1249 1975 1327 2014 ὑπὸ
1350 1977 1423 2016 τοῦ
1438 1971 1533 2014 ὅλου
1549 1973 1693 2020 ἔθνους

284 2031 542 2084 μητρόπολιν,
572 2032 597 2081 ἢ
621 2029 831 2071 Ῥαούσιον
863 2034 1028 2081 λέγεται.
1064 2032 1305 2083 Ragusinam
1332 2031 1468 2070 urbem
1497 2035 1693 2081 metropo-

287 2090 352 2127 lim
378 2087 586 2127 universac
616 2088 786 2126 nationis
814 2087 990 2137 appellat
1019 2086 1160 2136 etipse
1180 2085 1541 2136 porphyrogenitus
1557 2084 1598 2122 in
1626 2084 1694 2123 avi

285 2143 367 2181 vita
399 2155 437 2181 n.
458 2146 524 2191 38,
552 2142 617 2180 ubi
647 2142 695 2180 de
726 2141 861 2179 cadem
879 2140 1169 2179 Saracenorum
1197 2140 1237 2178 in
1258 2139 1496 2178 Dalmatiam
1527 2138 1693 2189 impres-

286 2197 408 2234 sione.
465 2208 665 2234 numerum
708 2199 837 2234 autem
878 2194 979 2233 hunc
1007 2193 1305 2243 quingentorum
1347 2203 1550 2240 annorum,
1582 2202 1694 2242 quem

285 2249 396 2299 ponit
426 2249 788 2300 porphyrogenitus
830 2247 880 2286 ab
918 2259 955 2286 a.
987 2246 1078 2285 Chr.
1112 2249 1213 2293 9119,
1257 2258 1331 2297 quo
1360 2246 1458 2284 haec
1485 2244 1695 2292 scribebat,

285 2303 336 2341 ad
366 2302 463 2341 illud
492 2308 642 2353 tempus
681 2314 756 2353 quo
800 2300 1025 2341 Salonitani
1057 2299 1163 2338 cives
1198 2299 1387 2338 Rausium
1425 2298 1694 2345 transierunt,

285 2360 510 2407 corruptum
541 2356 660 2395 fuisse
689 2368 715 2394 a
743 2354 908 2394 librario
937 2354 1000 2392 vel
1037 2364 1243 2405 perperam
1280 2351 1575 2392 Constantinum
1602 2363 1694 2401 sup-

282 2414 441 2460 putassc
471 2414 585 2459 putat
615 2409 779 2457 Lucius,
818 2420 902 2446 cum
941 2406 1115 2447 Salonae
1157 2406 1312 2445 eversio
1350 2406 1461 2444 nullo
1499 2404 1613 2444 modo
1642 2404 1694 2443 ad

286 2463 436 2502 Attilae
462 2467 641 2512 tempora
667 2461 878 2500 referenda
906 2460 977 2508 sit,
1006 2463 1142 2511 utpote
1173 2471 1274 2510 quae
1301 2462 1501 2510 superstes
1528 2457 1603 2497 fuit
1630 2457 1694 2495 lu-

283 2516 446 2555 stiniani
474 2520 649 2566 tempore
676 2516 927 2565 maximaque
947 2513 1147 2551 commoda
1166 2512 1372 2552 Iustiniani
1397 2511 1559 2551 ducibus
1587 2510 1694 2550 bello

283 2569 452 2609 Gothico
477 2569 671 2620 praebuit.
728 2568 920 2620 quomodo
957 2571 1086 2606 autem
1113 2567 1312 2606 Dalmatia
1346 2578 1372 2606 a
1398 2564 1522 2604 variis
1549 2564 1695 2604 barba..

285 2624 342 2665 ris
371 2627 520 2666 vexata
550 2635 598 2663 ac
626 2634 811 2676 possessa
843 2626 882 2662 et
923 2634 948 2662 a
976 2620 1193 2663 Iustiniano
1221 2620 1335 2663 simul
1371 2630 1457 2661 cum
1485 2617 1603 2661 ltalia
1632 2628 1695 2660 rc-
