1780 3132
306 159 381 201 DE
414 157 884 202 ADMINISTRANDO
918 159 1158 204 IMPERIO
1193 160 1306 206 CAP.
1342 164 1409 204 13.
1524 161 1589 207 87

124 273 173 317 τὸ
199 272 381 327 στέμμα,
416 271 559 323 καθώς
582 270 768 329 ἀνωτέρω
797 272 1054 330 προείρηται,
1088 271 1335 330 παρανόμως
1351 274 1418 315 καὶ
1436 276 1589 327 τολμη-

125 345 209 399 ρῶς
243 341 322 384 ἀπὸ
353 345 427 397 τῆς
457 342 667 396 ἐκκλησίας
697 341 790 395 δίχα
819 339 982 396 γνώμης
1010 346 1083 384 τοῦ
1111 340 1202 385 τότε
1226 339 1590 399 πατριαρχεύοντος

125 408 265 463 λαβὼν
293 411 360 452 καὶ
392 410 655 467 περιθέμενος
683 410 751 450 καὶ
781 408 855 463 τὴν
887 411 1001 465 δίκην
1033 409 1241 465 συντόμως
1262 411 1358 461 δοὺς
1379 411 1494 461 ἀξίαν
1516 415 1588 464 τῆς
1611 420 1639 454 Ρ
1664 420 1709 455 66

127 477 253 521 αὐτοῦ
283 482 463 534 πονηρᾶς
492 475 749 535 ἐγχειρήσεως
756 509 771 529 ,
805 475 999 533 ἐτόλμησε
1029 481 1097 521 καὶ
1123 479 1196 534 τὴν
1215 478 1404 535 τοιαύτην
1427 478 1589 533 ἐντολὴν

91 544 198 589 ὄτοῧ
231 544 347 602 ἇγίου
377 547 578 600 βασιλέως
607 547 780 597 ἐκείνου,
824 544 934 600 ἣτις,
978 545 1034 596 ὥς
1063 546 1142 602 ἤδη
1177 547 1400 603 δεδήλωται
1409 579 1422 600 ,
1466 547 1507 590 ἓν
1538 551 1588 604 τῇ

125 612 220 674 ἁγίᾳ
250 615 425 672 τραπέζῃ
455 614 785 671 ἀναγεγραμμένη
815 615 1088 670 καθέστηκεν,
1125 616 1237 672 παρὰ
1258 621 1416 673 φαῦλον
1435 616 1592 659 θέσθαι

125 684 193 726 καὶ
221 680 276 733 ὥς
301 684 429 738 μηδὲν
456 684 723 739 λογίσασθαι,
757 686 825 725 καὶ
846 682 900 734 ὥς
921 682 1031 734 ἅπαξ
1048 683 1126 735 ἔξω
1145 690 1218 727 τοῦ
1235 687 1351 728 θείου
1372 682 1504 742 φόβου
1523 685 1592 726 καὶ

124 755 206 794 τῶν
233 753 404 794 ἐντολῶν
434 751 560 795 αὐτοῦ
585 752 797 806 πεποιήκεν
819 749 984 804 ἔαυτόν,
1021 752 1291 808 συνεστήσατο
1312 755 1379 795 καὶ
1396 751 1499 807 μετὰ
1518 757 1590 795 τοῦ

120 817 302 876 χαγάνου
320 820 535 876 Χαζαρίας
549 818 720 876 γαμικὸν
739 819 1027 876 συναλλάγιον,
1063 823 1129 863 καὶ
1145 822 1218 876 τὴν
1235 822 1444 878 θυγατέρα
1465 821 1591 863 αὐτοῦ

69 891 114 927 10
126 891 182 938 εἰς
199 893 370 944 γυναῖκα
390 889 574 941 ἐδέξατο,
610 891 677 931 καὶ
698 889 802 944 μέγα
826 890 869 931 ἐκ
890 887 1034 933 τούτου
1058 889 1211 941 ὄνειδος
1229 892 1296 932 καὶ
1319 895 1369 947 τῇ
1382 888 1592 943 Ῥωμαίων

122 956 231 1014 ἀρχῇ
262 958 329 999 καὶ
358 954 492 1015 ἑαυτῷ
520 959 821 1015 προσετρίψατο
853 955 909 1008 ῶς
940 958 992 999 τὰ
1023 959 1241 1016 προγονικὰ
1273 959 1592 1016 παραγγέλματα

122 1023 338 1083 ἀκυρώσας
372 1027 440 1068 καὶ
474 1027 575 1083 παρ’
609 1026 725 1069 οὐδὲν
757 1025 1031 1081 λογισάμενος.
1102 1027 1207 1081 πλὴν
1240 1027 1333 1069 οὐδὲ
1366 1025 1594 1085 ὃρθόδοξος

102 1094 371 1151 ,Χριστιανὸς
385 1089 435 1149 ἦν
454 1094 623 1146 ἐκεῖνος,
659 1095 751 1136 ἀλλ’
775 1094 974 1151 αἱρετικὸς
994 1097 1059 1137 καὶ
1082 1094 1355 1150 εἷκονομάχος.
1426 1095 1490 1137 διὸ
1510 1092 1593 1148 χά-
1627 1114 1630 1120 s

122 1179 187 1219 ριν
215 1166 298 1205 τῶν
323 1160 516 1206 τοιούτων
545 1163 669 1205 αὐτοῦ
696 1161 946 1217 παρανόμων
971 1162 1240 1218 ἀσεβημάτων
1261 1165 1302 1206 ἓν
1322 1168 1372 1220 τῇ
1392 1168 1466 1205 τοῦ
1488 1167 1592 1206 θεοῦ

67 1237 111 1273 15
123 1231 310 1291 ἐκκλησίᾳ
337 1233 527 1286 διηνεκῶς
551 1230 870 1287 ἀποκηρύττεται
898 1233 965 1274 καὶ
993 1232 1329 1286 ἂναθεματίζεται
1352 1229 1407 1282 ὥς
1428 1233 1495 1274 καὶ
1519 1235 1592 1286 τῆς

121 1303 193 1342 τοῦ
222 1302 326 1341 θεοῦ
351 1300 418 1341 καὶ
446 1304 519 1354 τῆς
539 1304 613 1342 τοῦ
634 1298 749 1355 ἁγίου
771 1301 838 1341 καὶ
857 1298 1036 1355 μεγάλου
1059 1301 1261 1354 βασιλέως
1281 1301 1590 1343 Κωνσταντίνου

119 1365 340 1419 διατάξεως
367 1366 611 1425 παραβάτης
638 1369 706 1410 καὶ
734 1367 996 1424 ἀνατροπεύς.
1066 1373 1153 1420 πῶς
1173 1367 1252 1426 γάρ
1277 1371 1360 1412 ἐστι
1379 1373 1459 1412 τῶν
1481 1369 1591 1411 ἔνδε-

116 1435 298 1490 χομένων
320 1436 596 1493 Χριστιανοὺς
620 1435 723 1490 μετὰ
748 1436 925 1479 ἀπίστων
947 1438 1124 1492 γαμικὰς
1145 1438 1354 1488 κοινωνίας
1375 1444 1501 1480 ποιεῖν
1523 1438 1591 1479 καὶ

118 1503 497 1561 συμπενθεριάζειν,
532 1510 604 1548 τοῦ
631 1503 800 1555 κανόνος
819 1509 937 1548 τοῦτο
957 1504 1182 1557 κωλύοντος
1200 1508 1268 1549 καὶ
1289 1511 1361 1560 τῆς
1381 1507 1592 1560 ἐκκλησίας

62 1569 281 1628 eufimiam
321 1571 533 1630 ἀλλότριον
566 1573 665 1616 αὐτὸ
698 1572 952 1629 λογιζομένης
981 1576 1049 1616 καὶ
1081 1574 1159 1626 ἔξω
1191 1580 1265 1630 τῆς
1296 1577 1591 1632 Χριστιανικῆς

118 1638 426 1696 καταστάσεωςς
461 1641 488 1697 ἢ
519 1643 579 1692 τίς
606 1646 687 1684 τῶν
716 1643 906 1699 ἐγκρίτων
938 1644 1006 1684 καὶ
1033 1643 1200 1700 εὐγενῶν
1218 1645 1287 1686 καὶ
1308 1647 1449 1700 σοφῶν
1464 1647 1588 1697 βασι-

118 1710 219 1752 λέων
237 1708 447 1764 Ῥωμαίων
472 1711 735 1766 κατεδέξατος
769 1712 803 1753 εἰ
825 1711 869 1753 δὲ
891 1710 1128 1755 ἀντείπωσιν
1138 1744 1151 1765 ,
1182 1716 1268 1763 πῶς
1291 1710 1311 1754 ὃ
1334 1710 1471 1769 κύριος
1488 1709 1588 1753 Ῥω-

117 1778 246 1832 μανὸς
266 1776 288 1821 ὅ
311 1779 503 1833 βασιλεὺς
521 1779 624 1835 μετὰ
646 1777 898 1837 Βουλγάρων
919 1782 1277 1840 συνεπενθερίασεν
1299 1782 1366 1823 καὶ
1387 1781 1460 1835 τὴν
1483 1780 1588 1822 ι’ὁίαν

210 1920 253 1955 11
279 1915 538 1964 προετρέψατο
562 1918 601 1954 Μ
737 1921 784 1956 20
810 1917 912 1957 αὐτῶ
935 1919 994 1953 ΒΡ

115 2053 300 2087 coronam,
336 2042 463 2077 utiam
487 2042 657 2087 diximus,
691 2042 854 2088 improbe
873 2055 914 2077 ac
936 2047 1069 2077 temere
1100 2043 1234 2087 absque
1257 2043 1476 2088 patriarchae
1501 2055 1585 2077 con-
1615 2049 1619 2054 '

117 2099 223 2124 sensu
255 2101 299 2123 ex
331 2088 484 2123 ecclesia
511 2089 649 2134 accepit
671 2089 810 2134 sibique
832 2090 1000 2133 imposuit
1023 2100 1064 2123 ac
1087 2089 1279 2133 condignas
1301 2089 1418 2124 subito
1441 2089 1584 2124 sceleris

115 2146 249 2182 poenas
269 2134 379 2179 dedit,
401 2146 505 2169 ausus
527 2135 610 2170 item
635 2135 701 2169 hoc
724 2135 837 2169 sancti
858 2134 949 2169 illius
973 2135 1195 2180 imperatoris
1216 2147 1345 2181 praece
1372 2141 1455 2179 tum,
1479 2136 1586 2180 quod,

114 2186 156 2216 ut
176 2180 244 2214 iam
269 2179 483 2215 declaratum
505 2186 578 2225 est,
613 2182 649 2215 in
677 2193 780 2215 sacra
802 2192 920 2215 mensa
942 2181 1154 2226 descriptum
1177 2186 1275 2225 erat,
1309 2181 1343 2214 v‘
1361 2181 1526 2227 ‘pendere
1550 2187 1587 2215 et

114 2237 180 2272 pro
213 2226 322 2260 nihilo
356 2226 505 2270 habere,
543 2226 603 2262 ubi
633 2227 742 2261 semel
770 2227 829 2260 dei
858 2227 1042 2271 legumque
1073 2227 1269 2261 divinarum
1295 2233 1422 2262 metum
1450 2238 1585 2261 omnem

115 2278 341 2316 excusserat,
375 2284 452 2307 cum
485 2272 681 2307 Chazariae
711 2273 868 2318 chagano
892 2272 1176 2307 matrimonialem
1197 2278 1412 2307 contractum
1432 2273 1586 2307 instituit

113 2317 291 2362 filiamque
312 2317 424 2363 ipsius
447 2330 592 2353 uxorem
616 2318 771 2365 accepit,
797 2330 871 2352 cum
894 2330 1019 2363 magno
1042 2323 1112 2352 tam
1135 2330 1198 2353 suo
1221 2330 1321 2364 quam
1346 2319 1486 2363 imperii
1510 2320 1584 2353 Ro-

113 2363 207 2398 mani
229 2363 440 2408 opprobrio,
471 2365 564 2409 quod
587 2364 684 2399 avita
707 2369 896 2409 praecepta
919 2364 1089 2398 violasset
1112 2375 1153 2399 uc
1171 2376 1235 2409 pro
1259 2365 1367 2399 nihilo
1391 2365 1584 2410 habuisset,

113 2413 357 2455 praeterquam
380 2410 474 2454 quod
498 2423 543 2445 ne
569 2411 790 2445 Christianus
814 2410 952 2455 quidem
978 2410 1191 2445 orthodoxus
1214 2417 1330 2455 esset,
1366 2412 1429 2445 sed
1456 2412 1582 2445 haere-

113 2455 205 2489 ticus
242 2463 278 2489 et
311 2455 498 2500 imaginum
530 2457 655 2491 hostis.
703 2457 805 2499 ideo,
845 2456 964 2490 harum
988 2456 1123 2491 scilicet
1143 2456 1358 2502 impietatum
1383 2468 1508 2501 causa,
1545 2456 1582 2490 in

113 2505 236 2535 sancta
268 2500 327 2534 dei
361 2501 509 2536 ecclesia
541 2503 681 2537 assidue
721 2502 1038 2536 excommunicatur
1069 2508 1105 2537 et
1135 2503 1354 2537 anathemate
1385 2503 1581 2547 damnatur,

112 2551 238 2591 utpote
270 2546 331 2590 qui
364 2547 421 2581 dei
453 2553 490 2582 et
521 2549 634 2584 sancti
663 2548 781 2592 magni
803 2547 1025 2592 imperatoris
1046 2548 1273 2582 Constantini
1298 2549 1581 2583 constitutionem

113 2591 303 2626 violaverit
332 2598 369 2627 et
400 2595 582 2628 everterit.
630 2595 800 2639 quomodo
830 2594 918 2628 enim
943 2595 997 2628 fas
1023 2605 1099 2628 esse
1123 2595 1236 2640 possit
1258 2595 1479 2629 Christianos
1505 2606 1582 2629 cum

112 2636 311 2672 infidelibus
332 2638 552 2674 matrimonia
573 2640 664 2675 inire
687 2640 948 2683 affinitatesque
971 2640 1198 2685 contrahere,
1231 2641 1266 2674 id
1298 2653 1431 2675 canone
1460 2641 1581 2685 prohi-

114 2683 219 2717 bente
251 2688 288 2717 et
318 2684 484 2720 universa
505 2685 656 2721 ecclesia
676 2686 855 2730 indignum
879 2685 964 2719 illud
987 2691 1024 2720 et
1047 2698 1068 2720 a
1091 2685 1293 2721 Christiano
1317 2693 1410 2721 statu
1433 2687 1582 2721 alienum

114 2739 194 2762 esse
224 2729 445 2765 arbitrante?
493 2738 555 2767 aut
577 2732 656 2777 quis
680 2744 723 2766 ex
747 2731 944 2776 conspicuis
964 2732 1148 2775 generosis
1172 2737 1206 2766 et
1229 2732 1447 2777 sapientibus
1470 2733 1583 2776 impe-

113 2773 290 2810 tatoribus
311 2776 480 2811 Romanis
501 2789 575 2813 rem
598 2776 795 2813 huiusmodi
820 2776 989 2812 admisit?
1035 2777 1162 2822 quodsi
1195 2785 1369 2823 reponant
1401 2775 1487 2812 t‘cur
1518 2779 1584 2812 do-

114 2819 227 2855 minus
259 2821 436 2858 Romanus
459 2822 650 2871 imperator
674 2835 748 2860 cum
772 2822 934 2869 Bulgaris
955 2823 1130 2860 affinitate
1149 2824 1288 2859 iunctus
1313 2831 1390 2869 est,
1425 2831 1584 2871 neptem-
