1780 3132
342 148 433 196 546
867 156 1210 197 wsssmsssn

445 270 536 315 399,
566 269 629 305 20.
684 261 932 317 Ἀφροδιτώ]
970 267 1095 306 forma
1130 266 1230 306 haec
1251 265 1447 319 Aegyptia
1474 271 1547 319 est,
1575 271 1619 308 ut
1649 270 1732 310 Λε-

339 316 451 369 ovroe',
472 316 611 359 Λυκώ.
639 321 862 358 Ptolemaeo
886 317 1133 371 Ἀφροδίτης
1161 315 1288 365 πόλις.
1318 321 1553 370 Chrysarius
1576 318 1732 375 Ἀφρο-

338 373 458 411 διτιῦν
487 373 683 424 Epliesino
712 386 748 424 p.
770 376 861 412 439.
894 373 983 413 vide
1010 374 1100 413 Ant.
1130 375 1218 414 ltin.
1247 387 1285 425 p.
1315 379 1406 415 168.

443 425 549 466 lbid.
606 426 797 478 Πέμφις[
820 424 1010 478 Μέμφις.
1048 439 1163 479 quam
1193 429 1327 468 urbem
1355 429 1461 468 cultu
1487 429 1583 483 Apis
1605 432 1732 472 famo-

335 492 418 519 sam
445 480 537 519 olim
567 479 690 519 fuisse
709 485 884 530 coustat;
914 481 962 519 de
989 493 1064 533 quo
1090 494 1176 521 cum
1203 483 1333 522 omnia
1352 483 1429 522 iam
1445 484 1524 523 sint
1552 485 1732 538 vulgata,

335 533 688 584 circumspiciamus
713 538 842 573 tamen
870 535 1007 587 ecquid
1038 535 1136 574 lucis
1165 536 1455 576 obscurioribus
1467 538 1615 578 Lucani
1642 552 1733 579 ver-

333 586 394 626 bis
419 588 468 626 de
498 587 677 626 Achoreo
718 588 868 627 adferri
908 589 1034 640 possit
1070 591 1098 628 8
1123 591 1219 629 477:
1258 589 1368 630 hunc
1404 593 1548 643 yenuit
1585 598 1732 634 eustos

334 639 426 680 Nil-c·
456 644 695 681 crescentis
714 643 757 681 in
773 653 889 691 arva,
917 639 1127 694 Memphis
1142 654 1250 683 vana
1268 645 1436 684 saeris.-
1460 645 1538 686 illo
1567 646 1732 688 cultore

332 693 504 734 deorum
533 693 674 735 lustra
701 706 806 735 suae
836 694 1024 736 Phoebes
1049 707 1130 736 non
1169 708 1275 737 unus
1305 702 1487 739 vexerat
1515 697 1637 754 Apis.
1691 701 1732 741 in

331 748 411 786 illis
439 749 551 797 enim,
585 749 650 800 qui
678 749 774 799 Apis
800 750 926 789 lustra
963 762 1059 789 suae
1088 750 1263 790 Phoebes
1299 752 1442 792 vehere
1470 753 1635 804 dicatur,
1664 755 1732 795 vix

331 801 546 854 intelligas.
604 803 792 854 equidem,
821 816 906 843 cum
933 803 974 844 in
999 804 1126 855 Regio
1159 817 1219 843 ms
1246 808 1285 844 et
1313 818 1390 845 uno
1419 807 1624 848 Pulmanni
1651 808 1733 848 Ou-

330 854 568 907 dendorpius
597 856 784 896 duxerat
814 857 1032 906 offenderit,
1061 856 1238 898 luxerat
1265 861 1453 912 maluero,
1478 866 1523 901 ut
1547 862 1645 914 Apis
1672 862 1734 902 lu-

330 913 417 948 stra
447 922 542 950 suae
569 910 756 960 Phoebes,
786 911 923 962 quibus
951 912 1198 951 sacerdotum
1224 913 1265 952 in
1281 914 1391 952 fonte
1417 927 1567 955 mersus
1595 928 1733 955 eneca-

328 963 456 1010 batur,
485 964 634 1003 luxisse
658 964 934 1015 perhibeatur3
963 965 1079 1017 idque
1108 966 1202 1006 mihi
1222 971 1433 1018 propterea
1460 969 1596 1009 arrisit
1630 969 1733 1021 quod

327 1029 443 1056 sacra
469 1017 540 1057 illa
566 1030 713 1057 summo
742 1031 828 1058 cum
855 1019 962 1058 luctu
988 1018 1176 1071 Aegyptii
1213 1020 1392 1070 obirent;
1422 1022 1525 1062 uude
1552 1022 1733 1063 Tibullus

328 1071 345 1109 1
370 1074 397 1111 8
426 1075 500 1111 27:
532 1074 573 1111 te
609 1073 727 1112 canit
757 1075 883 1126 atque
918 1083 1039 1113 suum
1071 1071 1204 1125 pubes
1233 1075 1414 1116 miratur
1449 1074 1609 1117 Osirim
1636 1074 1739 1123 bar--

327 1123 445 1175 bara,
477 1123 732 1177 Memphiten
768 1125 969 1179 planqere
997 1125 1124 1166 docta
1153 1125 1317 1179 bovem,
1359 1133 1399 1168 et
1425 1129 1590 1181 Statius,
1615 1130 1734 1171 simili

327 1179 570 1230 metaphora,
600 1180 724 1219 Theb.
744 1184 766 1219 1
790 1183 889 1221 265:
918 1183 962 1220 et
989 1182 1176 1220 aerisaut
1213 1180 1400 1233 luyentia
1430 1181 1599 1235 tlmnina
1626 1182 1731 1225 Nili.

326 1244 455 1284 neque
485 1233 613 1273 oberit
654 1234 900 1273 coniecturae
927 1235 1056 1273 luctus
1086 1235 1178 1274 bovi
1206 1236 1387 1287 tributus,
1419 1237 1611 1290 siquidem
1638 1243 1734 1290 poe«

327 1291 393 1326 tae
422 1286 464 1326 id
505 1287 578 1326 sibi
607 1287 728 1327 licere
767 1288 1023 1328 arbitrantur.
1092 1288 1195 1328 idem
1235 1289 1388 1330 Statius
1425 1292 1549 1332 Theb.
1577 1295 1605 1331 5
1631 1294 1733 1333 334:

330 1352 549 1393 reyemque
576 1345 834 1394 peremptum
856 1344 950 1393 ipse
979 1353 1105 1393 ayer,
1139 1344 1225 1394 ipsi
1254 1355 1398 1384 amnes
1426 1348 1470 1385 et
1505 1349 1620 1386 muta
1662 1357 1734 1385 ar-

327 1398 466 1434 menta
495 1399 738 1447 queruntur.
809 1396 883 1435 etsi
913 1401 1045 1435 autem
1075 1396 1256 1436 Lucanus
1287 1397 1327 1436 id
1353 1397 1446 1438 mihi
1477 1400 1649 1439 voluisse
1674 1398 1734 1439 vi-

327 1448 480 1497 deatur,
509 1449 614 1488 ultro
636 1449 907 1500 suspicionem,
936 1449 1003 1488 ubi
1019 1450 1196 1490 aneliora
1221 1452 1334 1490 fuero
1367 1452 1538 1504 edoctus,
1563 1453 1733 1494 damna·-

325 1502 404 1551 bo;
441 1513 568 1553 neque
611 1506 740 1543 tamen
780 1503 877 1554 eripi
919 1502 1014 1542 mihi
1046 1503 1178 1554 patiar
1219 1505 1468 1556 praesidium,
1510 1507 1612 1559 quod
1642 1506 1735 1546 hinc

328 1555 536 1596 Ammiano
566 1556 709 1596 veniet.
767 1557 904 1596 scribit
928 1560 982 1596 22
1002 1560 1054 1595 14
1083 1556 1188 1607 Apin
1214 1559 1351 1597 Lunae
1378 1559 1500 1598 fuisse
1530 1563 1743 1610 sacratum,

328 1610 493 1650 meritus
534 1616 749 1661 propterea
786 1610 973 1650 Salmasii
1013 1610 1053 1648 in
1082 1610 1209 1650 Solin.
1248 1623 1286 1674 p.
1305 1615 1384 1651 311
1414 1613 1735 1665 castigationem:

331 1663 440 1717 quod
468 1666 619 1703 contra
649 1674 789 1703 omnes
817 1667 910 1713 est,
938 1664 1083 1715 inquit,
1125 1666 1196 1716 qui
1239 1663 1594 1714 ομοθυμαδόν
1622 1664 1736 1720 Apin

334 1716 512 1767 Osiridi,
540 1716 585 1757 id
612 1721 679 1757 est
705 1716 803 1767 soli,
831 1716 1016 1757 dicatum
1045 1716 1210 1757 dixere.
1268 1718 1374 1769 atqui
1401 1720 1582 1760 Lucanus
1611 1721 1736 1761 Phoe-

331 1772 408 1812 bae
436 1771 521 1810 sive
558 1771 694 1811 Lunae
728 1771 832 1823 Apin
861 1770 1150 1810 evidentissime
1181 1772 1391 1821 adscribit;
1429 1778 1468 1813 et
1495 1774 1737 1826 Porphyrius

330 1825 436 1876 apud
462 1825 605 1876 Eu-seb.
637 1826 777 1877 Praep.
808 1825 965 1876 Evang.
1003 1828 1030 1865 :3
1061 1828 1138 1864 13:
1168 1821 1321 1877 Σελήνῃ
1343 1824 1387 1864 δὲ
1415 1826 1567 1878 ταῦρον
1594 1822 1738 1866 ἀνέθε-

331 1892 420 1929 σαν,
452 1873 497 1915 ὃν
519 1877 639 1916 Ἀπιν
671 1875 982 1927 ἐπονομάζουσι.
1038 1890 1141 1917 nunc
1166 1890 1188 1917 e
1215 1878 1449 1919 diverticulo
1475 1881 1517 1921 in
1542 1881 1648 1922 viam
1675 1886 1737 1922 at-

331 1944 405 1984 que
434 1932 485 1972 ad
515 1932 693 1972 Latonae
719 1933 865 1972 urbem.

438 1984 545 2026 lbid.
602 1986 795 2033 Λίττους]
824 1982 1014 2036 Λητοῦς,
1043 1986 1146 2024 unde
1183 1986 1297 2025 Isaac
1324 1985 1368 2023 ἐκ
1395 1985 1559 2039 Λητοῦς
1585 1988 1627 2029 in
1651 1989 1736 2030 Me-

332 2039 415 2080 letii
441 2039 651 2079 Breviario
679 2053 718 2092 p.
736 2044 827 2080 187.
883 2039 973 2078 vide
1001 2038 1092 2078 Ant.
1119 2039 1207 2079 ltin.
1234 2052 1273 2091 p.
1293 2042 1383 2081 156.

437 2092 544 2134 Ibid.
604 2092 823 2144 Θηβαΐδος]
851 2105 967 2132 uuam
997 2092 1239 2132 Thebaidem
1278 2093 1484 2146 Aegyptus
1511 2095 1735 2136 Constantii

331 2147 582 2198 imperatoris
608 2151 740 2187 aetate
766 2147 951 2196 habebat,
978 2152 1021 2186 ut
1050 2157 1101 2186 ex
1137 2146 1219 2185 eius
1250 2148 1418 2200 epistola
1437 2150 1542 2202 apud
1557 2149 1736 2190 Athana-

331 2201 430 2240 sium
459 2205 550 2241 tom.
584 2206 605 2240 1
636 2214 675 2254 p.
707 2204 787 2240 174
813 2201 963 2241 videas.
1031 2199 1182 2240 Notitia
1208 2200 1301 2253 imp.
1339 2202 1487 2244 orient.
1516 2208 1586 2243 c.1
1617 2216 1736 2243 unam

333 2266 486 2347 2³:132&
502 2255 633 2348 1¹‘3‘WZ‘’
651 2253 1281 2348 ΣΞθαῖἅὲῗὲῗιῗυέζὲἕῗῆἐέἑξ
1309 2267 1485 2351 effi.
1500 2257 1738 2298 ¹⁰⁵⁸³¹¹i³¹¹¹⁶

441 2360 549 2403 Ibid.
582 2366 647 2403 22.
699 2322 888 2411 ‘iZAEcozbfl
932 2362 988 2401 ita
1017 2373 1076 2400 ms
1105 2340 1320 2411 midensis,
1346 2365 1415 2404 alii
1439 2362 1605 2414 Ἑρμαή,
1633 2365 1737 2405 male

334 2427 480 2455 omnes,
530 2413 793 2464 Ἑρμούηολις
833 2427 928 2454 vero
957 2415 1112 2454 nomine
1142 2415 1240 2465 fuit,
1266 2428 1380 2468 quam
1405 2417 1585 2468 μεγάλην
1613 2430 1736 2458 voca-

334 2470 442 2518 bant,
471 2473 514 2507 ut
539 2470 588 2508 ab
618 2471 758 2520 altera,
785 2481 901 2522 quam
928 2481 1049 2520 supra
1077 2468 1288 2520 tetigimus,
1314 2471 1592 2512 discernerent.
1626 2472 1736 2511 Gen-

334 2522 475 2562 nadius
497 2520 796 2572 Ἑρμουηόλεως
820 2519 998 2572 μεγάλης
1027 2521 1155 2562 adsuit
1170 2522 1392 2574 Ephesinae
1418 2526 1613 2566 secundae
1627 2525 1735 2574 syn-

335 2577 424 2623 odo,
453 2580 588 2628 estque
625 2576 664 2615 in
696 2575 1019 2616 chalcedonensiv
1038 2588 1075 2627 p.
1095 2578 1186 2616 12⁷.
1223 2577 1314 2616 vide
1342 2581 1431 2621 ltin.
1460 2581 1554 2621 Ant.
1585 2593 1626 2632 p·
1644 2582 1734 2620 12⁷.

333 2632 559 2683 sequentem
588 2630 726 2682 legere
751 2642 830 2670 non
857 2630 1059 2671 recordor.
