1780 3132
275 146 369 196 460
797 159 1143 200 WESSEmNGn

274 260 438 317 γόρδος,
478 266 608 307 altera
636 266 873 319 Ephesinam
898 267 1064 309 Dianam
1104 273 1144 309 ct
1171 265 1494 322 Ἰουλιγορδηνῶν
1521 271 1677 341 titulum

276 325 593 371 repraesentans.

383 387 486 432 394,
515 387 578 423 24.
634 378 713 421 nino
745 383 1046 437 κονσουλάριοι]
1085 387 1161 426 fuit
1199 387 1447 438 praesidialis
1474 389 1677 451 provincia

275 436 443 484 Pisidia,
471 441 515 476 ut
539 438 659 477 Notit.
688 438 778 490 imp.
809 440 958 479 orient.
987 453 1020 480 c.
1034 445 1055 480 1
1088 445 1127 479 et
1152 442 1320 480 Novella
1347 443 1426 490 24,
1453 443 1562 482 cuius
1588 456 1622 482 c.
1650 446 1677 483 4

278 490 507 541 provinciae
532 503 695 542 praeses
720 498 883 544 praetor
900 494 1160 534 Iustinianeus
1178 506 1264 533 esse
1290 494 1456 545 iubetur,
1481 495 1674 545 indicant3

275 549 412 595 estque
441 544 526 584 eius
563 557 724 597 praeses
750 547 792 586 ιιι
822 547 932 587 Actis
958 547 1106 587 Zosimi
1134 553 1225 588 tom.
1256 552 1283 588 3
1308 548 1381 588 lul.
1412 561 1451 600 p.
1470 552 1552 589 813
1577 552 1650 590 etc.

380 616 487 659 Ibid.
508 621 574 659 25.
628 618 886 674 Ἀντιόχεια]
914 622 1142 674 provinciae
1170 626 1258 662 erat
1283 621 1523 675 metropolis,
1552 627 1597 663 ut
1622 636 1674 665 ex

273 670 573 723 provincialium
597 674 648 714 ad
677 675 847 715 Leonem
873 677 1147 727 imperatorem
1176 677 1346 728 epistola
1371 682 1551 727 constat,
1590 678 1670 726 Ly-

272 725 438 765 caoniae
464 726 604 766 finibus
629 728 835 779 proxima;
875 742 1063 822 quae255
1011 742 1151 770 caussa
1190 735 1250 770 est
1276 741 1430 792 quare*
1425 730 1575 772 Basilio
1601 731 1675 772 Se-

274 779 461 819 leuciensi
489 781 568 820 vit.
602 781 645 820 S.
672 782 847 823 Theclae
876 788 897 823 1
929 786 1063 835 p.255
1090 784 1184 824 edit.
1226 784 1352 824 Paris.
1380 782 1450 834 τῆς
1481 783 1675 823 Πισιδῶν

271 830 342 881 τῆς
368 846 435 870 και
464 832 636 882 γείτονος
674 832 906 874 Λυκαόνων
940 837 1106 876 dicatur.
1162 837 1398 886 Ancyranae
1423 837 1574 886 syuodo
1605 838 1677 878 ad-

272 886 395 925 fuisse
420 888 548 926 fertur
572 888 794 940 sergianus
823 889 1056 930 Antiochiae
1085 891 1256 931 Pisidiae
1282 891 1367 930 sive
1396 890 1553 938 Cariae,
1578 903 1678 944 quo-

271 950 375 1034 Rom3
386 941 685 1034 agterurpsgiaud
711 943 828 983 dubie
855 956 881 984 a
912 948 1135 984 correctore
1164 948 1236 984 est
1290 945 1384 985 vide
1398 944 1677 984 CellariumG.

455 1008 479 1045 P

379 1056 487 1098 Ibid.
546 1058 635 1097 Νέα
664 1057 797 1108 πολις]
840 1060 943 1109 Hes)
947 1060 1074 1100 chium
1101 1061 1420 1126 Neapolitanum
1440 1061 1544 1102 inter
1570 1061 1675 1102 Pisi-

271 1111 362 1150 diae
391 1113 595 1165 episcopos
624 1113 663 1152 iu
690 1126 770 1152 mss
812 1114 1075 1153 vetustissimo
1104 1115 1266 1155 Nicaeni
1306 1115 1423 1167 primi
1449 1115 1599 1156 invenit
1626 1116 1746 1155 1..·

270 1165 523 1206 Holsteiuius.
602 1166 802 1207 Bassonas
841 1165 912 1217 τῆς
953 1167 1066 1212 Νέας
1105 1164 1260 1213 πόλεως
1298 1169 1403 1208 inter
1447 1169 1677 1220 provinciae

271 1220 480 1270 praesules
522 1219 563 1259 in
592 1221 904 1261 Chalcedonensi
941 1233 979 1275 p.
1000 1225 1082 1262 670
1107 1233 1249 1262 nomen
1275 1224 1493 1275 profitetur.
1561 1222 1682 1263 habet

271 1273 390 1314 etiam
418 1275 678 1314 Ptolemaeus.

378 1347 485 1389 Ibid.
541 1347 744 1402 Λιμέναι]
773 1350 1065 1402 Limenopolis'
1054 1363 1094 1391 m
1112 1351 1410 1402 provincialium
1437 1351 1489 1393 ad
1506 1352 1677 1392 Leonem

270 1405 547 1466 imperatorem
573 1404 687 1455 epist.
717 1416 790 1455 pro
821 1403 1015 1450 Λιμενῶν
1041 1401 1168 1449 πόλις.
1235 1418 1333 1446 sane
1362 1406 1564 1446 Musianus
1591 1406 1676 1444 Λι-

268 1457 403 1507 μενῶν
445 1457 618 1497 Pisidiae
658 1458 864 1509 episcopus
902 1457 942 1496 in
982 1457 1221 1498 Chalcedon
1261 1471 1299 1510 p.
1317 1463 1398 1498 670
1434 1459 1599 1510 dicitur,
1637 1462 1682 1498 ut

270 1512 478 1574 Constant.
505 1510 623 1550 tertio
653 1523 691 1562 p.
712 1515 794 1551 676
833 1511 1025 1551 Patricius
1054 1511 1124 1561 τῆς
1154 1511 1386 1559 Λυμναιων
1412 1509 1562 1558 πόλεως
1588 1489 1679 1549 '111-

269 1565 397 1604 σιδων
421 1562 634 1612 ἐπαρχίας
701 1565 804 1604 unde
836 1578 888 1604 an
916 1563 1101 1614 Λίμναι,
1138 1577 1214 1617 quo
1251 1566 1407 1605 nomine
1440 1567 1558 1605 urbes
1584 1564 1676 1606 Ste-

271 1620 425 1672 phanus
454 1622 645 1668 recenset,
674 1618 850 1670 potiores
881 1618 973 1669 sint,
1000 1596 1105 1658 haud
1133 1618 1324 1659 immerito
1353 1619 1518 1660 dubites,

380 1681 489 1722 Ibid.
547 1680 734 1730 Σαβίναι]
776 1682 879 1722 hanc
910 1687 1028 1734 atque
1056 1682 1282 1722 Armeniam
1329 1683 1500 1723 nondum
1536 1683 1680 1734 reperi.

273 1736 484 1789 posterior,
518 1736 551 1775 si
571 1736 751 1776 Graecae
767 1736 820 1775 sit
849 1736 1027 1787 originis,
1052 1749 1078 1775 a
1100 1748 1304 1776 servorum
1331 1737 1444 1788 copia
1471 1737 1512 1776 id
1541 1748 1682 1776 nomeu

277 1791 459 1842 accipere
487 1790 625 1842 potuit.
682 1789 772 1829 vide
801 1789 954 1829 scholia
978 1790 1020 1830 in
1044 1790 1234 1830 Nicandri
1259 1790 1530 1842 Alexipharm-
1558 1794 1651 1830 176.

381 1852 487 1894 Ιῠιά.
543 1849 725 1901 Πάππα]
752 1854 864 1894 novit
893 1866 978 1894 eam
997 1854 1255 1901 Ptolemaeus,
1283 1858 1419 1916 estque
1447 1854 1489 1893 ιιι
1507 1854 1682 1894 Nicaeno

275 1908 450 1947 secundo
476 1907 648 1947 Michael
677 1906 893 1952 ἐπίσκοπος
922 1903 1085 1946 Πάπων
1113 1908 1198 1947 sive
1227 1903 1421 1946 Πάππων
1445 1907 1551 1947 inter
1577 1907 1681 1947 Pisi-

273 1962 348 2002 das
376 1974 415 2013 p.
430 1964 511 2002 348
526 1966 566 2000 et
577 1963 670 2001 575.
726 1961 882 2015 negligi
910 1973 1008 2014 ergo
1047 1974 1073 2002 a
1099 1961 1380 2015 Gcographiae
1407 1961 1560 2002 Sacrae
1587 1973 1682 2001 con·

184 2038 197 2049 ι
271 2016 402 2055 ditore
427 2015 534 2056 haud
563 2015 765 2055 debuerat.

381 2078 490 2119 Ibid.
519 2083 584 2119 26.
640 2074 906 2130 Σινὴθανδος]
935 2077 1158 2129 Σινίανδος,
1195 2083 1238 2119 ut
1265 2078 1438 2127 cyrillus
1466 2072 1683 2116 Σινιὰνδου

275 2133 443 2172 concilio
472 2132 711 2173 Chalcedon.
741 2146 780 2184 p.
795 2137 899 2183 670,
942 2137 981 2172 et
1002 2133 1139 2173 Conon
1179 2130 1334 2176 πόλεως
1369 2128 1583 2170 §ammon
1611 2131 1684 2182 τῆς

273 2185 468 2224 Πισιδῶν
494 2185 695 2237 ἐπαρχίας
726 2187 929 2227 Constant.
960 2186 1079 2226 tertio
1104 2199 1142 2237 p.
1158 2190 1239 2226 676
1266 2186 1488 2225 ostendunt.

383 2249 493 2291 Ibid.
562 2249 807 2300 Λαοδίκεια]
837 2264 917 2292 non
949 2251 1067 2291 aliter
1093 2250 1240 2291 Strabo
1272 2251 1299 2290 l.
1329 2252 1381 2290 14
1408 2262 1446 2302 p.
1461 2253 1554 2290 663.
1608 2248 1682 2289 alii

273 2302 528 2342 Λαοδώιειαν
568 2303 639 2354 τῆς
677 2304 879 2349 Πισιδίας
918 2305 1090 2355 malunt,
1135 2309 1178 2343 ut
1205 2304 1393 2344 Socrates
1433 2304 1480 2343 Η.
1513 2304 1559 2343 Ε.
1585 2306 1614 2342 6
1639 2306 1681 2343 8.

274 2357 477 2396 Palladius
505 2357 603 2398 satis
623 2359 800 2398 oratorie
829 2359 927 2410 (Vit.
944 2357 1212 2407 chrysostomi
1238 2371 1277 2410 p.
1291 2357 1364 2408 78)
1391 2353 1681 2407 συγκλωσθείς,

273 2410 412 2475 inquit,
435 2408 659 2473 Ἀμμωνίῳ
688 2411 742 2464 τῷ
768 2408 1020 2458 Λαοδικείας
1057 2412 1128 2461 τῆς
1157 2410 1404 2461 κεκαυμένης
1430 2408 1682 2458 κεκαυμένην

274 2461 463 2514 ἐποίησεν
487 2461 560 2514 τήν
603 2449 731 2515 ἑκκλη
796 2478 831 2503 ν.
884 2478 1026 2506 caussa
1059 2465 1300 2528 cognominis
1330 2477 1381 2505 ex
1407 2464 1483 2504 soli
1509 2462 1682 2514 ingenio,

276 2517 450 2611 qugd„
411 2517 517 2568 ignis
558 2519 613 2558 ibi
653 2478 843 2572 ςυιιῖῗὲιιιι
884 2519 997 2572 quasi
1035 2519 1300 2572 scaturigines
1335 2521 1490 2567 essent,
1525 2519 1680 2567 sumpta

276 2583 318 2612 vi
347 2575 446 2611 etur.

385 2634 493 2677 [bid.
568 2631 762 2687 Υυράὶον]
792 2641 941 2680 rectum
967 2642 1038 2679 est.
1083 2637 1332 2684 Thenlccnus
1361 2631 1529 2687 Τιραΐου
1558 2632 1684 2675 Chal-
