1780 3132
245 183 339 227 208
532 190 879 232 CONSTANTlNl
917 188 1384 232 PORPHYROGENlTl

245 301 289 326 τε
335 289 631 341 Τραπεζοῦντος
678 287 748 326 καί
781 289 851 339 τῆς
886 288 1059 340 Ἰβηρίας
1099 287 1169 328 καί
1205 290 1419 342 Ἀβασγίας
1455 289 1525 331 καί
1560 289 1639 329 dud

245 350 375 404 πάσης
404 353 475 403 τῆς
499 351 640 402 χώρας
664 353 732 403 τῆς
758 351 974 403 Ἀρμενίας
1007 353 1078 391 καί
1099 354 1167 405 τῆς
1186 354 1338 404 Συρίας
1376 354 1504 394 ἐκεῖσε
1542 354 1644 408 α’φι-

245 416 454 454 κνοῦνται·
509 413 595 465 ἔχει
621 414 666 452 δὲ
692 415 763 453 καί
789 413 1030 466 κομμὲρκιον
1054 416 1098 454 ἐκ
1123 417 1202 455 τῶν
1232 416 1424 457 τοιούτων
1453 432 1643 469 πραγμα-

244 479 362 518 τειῶν
387 474 569 528 ἄπειρον.
626 477 651 528 ἦ
692 478 736 518 δὲ
763 476 882 530 χώρα
909 481 981 518 τοῦ
1009 477 1184 532 κάστρου
1210 479 1534 531 Ἀδρανουτζιόυ“
1554 477 1642 534 ἦτοι

243 539 288 579 τὸ
305 535 459 591 ’Ἀρζήν
490 542 577 580 ἐστι
604 538 675 580 καί
696 539 820 593 πολλή
850 540 919 581 καί
944 537 1139 596 εὔφορος,
1179 545 1250 583 καί
1287 541 1465 596 ὑπάρχει
1491 545 1673 586 κλειὸίνὸ

244 604 316 654 τῆς
345 618 387 643 τε
415 604 586 657 Ἰβηρίας
615 603 685 644 καί
708 604 928 657 Ἀβασγιάς
959 608 1028 646 καί
1053 608 1132 646 τῶν
1158 607 1180 631 *
1205 609 1416 658 ῙΙΙισχιαῖν.

338 664 423 707 Ὅτι
453 667 475 706 ὁ
509 665 710 719 μακάριος
752 668 944 720 βασιλεὺς
987 670 1007 711 ὁ
1047 673 1163 723 κῦρις
1194 670 1400 721 Ῥωμανὸς
1435 671 1643 713 ἀπέστειλα

243 729 310 771 τὸν
335 733 546 782 πατρίκιον
573 733 824 773 Κώνσταντα
855 735 924 774 καί
950 735 1215 789 ὃρουγγάριον
1245 738 1315 775 τοῦ
1346 736 1553 790 πλωΐμου,
1589 738 1644 792 τῷ

241 794 332 834 τότε
378 798 505 848 καιρῷ
538 797 910 849 πρωτοσπαθαρίου
952 801 1022 839 καί
1058 799 1331 852 μαγγλαβίτου
1363 800 1642 855 τυγχάνοντος,

243 859 427 906 δεδωκώς
458 859 571 914 αὐτῷ
591 863 662 900 καί
687 858 850 911 ἱμάτιον
870 861 1150 916 μαγιστροῖτου
1179 863 1280 916 πρὸς
1309 862 1352 903 τὸ
1379 865 1547 916 ποιῆσαι
1573 863 1641 904 τὸν
1654 872 1697 908 10

241 925 486 975 Κουρκένιον
523 924 592 964 τὸν
617 919 758 978 Ἴβηρα
795 926 1030 979 μα’γιστρον.
1086 927 1190 978 μετὰ
1233 930 1277 967 δὲ
1303 926 1346 968 τὰ
1376 930 1552 977 ἐξελθεῖν
1575 925 1643 969 τὸν

240 988 447 1039 πατρίκιον
481 986 729 1029 Κώνσταντα
774 989 843 1030 καὶ
881 989 1147 1043 δρουγγάριον
1187 993 1262 1032 τοῦ
1298 993 1481 1037 πλωῖζιιου
1517 992 1643 1044 μέχρι

239 1051 515 1104 Νικομηδείας
549 1054 737 1106 εἰσῆλθεν
777 1053 799 1092 ὁ
835 1053 1017 1106 μοναχός
1038 1053 1233 1106 Ἀγοίπιος
1270 1055 1291 1095 ὅ
1331 1057 1404 1096 τοῦ
1448 1056 1641 1109 Κυμηνᾶ,

239 1114 283 1162 ὃς
310 1111 372 1168 ἦν’
396 1118 451 1171 τῷ
478 1116 564 1156 τότε
593 1115 728 1173 χρόνῳ
758 1119 816 1165 εἰς
841 1117 912 1170 τὴν
939 1115 1057 1171 ἁγίαν
1088 1119 1204 1159 πόλιν
1231 1119 1356 1171 εὐχῆς
1382 1117 1522 1159 ἓνεκα’
1575 1117 1645 1158 καὶ

238 1182 504 1231 διερχομένου
537 1177 665 1221 αὐτοῦ
704 1180 776 1234 την
804 1183 977 1235 Ἰβηρίαν
1013 1181 1256 1236 κατήντησεν
1292 1184 1349 1231 εἰς
1387 1181 1432 1223 τὸ
1471 1180 1642 1233 κάστρον
1655 1192 1696 1224 15

127 1250 225 1285 Ρ127
239 1242 282 1283 τὸ
306 1240 611 1297 Ἀδρανούτζιν.
665 1245 736 1285 καί
772 1241 879 1297 εἶχεν
906 1243 926 1285 ὁ
963 1247 1170 1298 πατρίκιος
1194 1246 1388 1294 Ἀσώτιος
1417 1245 1438 1286 ὅ
1466 1244 1536 1286 καί
1561 1247 1642 1286 Κι-

238 1308 388 1360 σκάσης
428 1309 674 1359 καλούμενος
719 1307 875 1361 ἔχθραν
920 1309 1023 1360 μετα
1064 1313 1138 1350 τοῦ
1179 1312 1363 1363 γαμβροῦ
1396 1312 1528 1350 αὐτοῦ’
1567 1316 1641 1350 τοῦ

239 1373 466 1425 Κουρκένη,
496 1373 564 1411 καί
593 1370 788 1426 ἐλάλησεν
816 1374 873 1420 εἰς
903 1372 972 1413 τὸν
999 1373 1180 1425 μοναχὸν
1199 1373 1388 1426 Ἀγάπιον
1411 1371 1468 1414 ὅτι
1489 1374 1641 1424 ἑνορκαῖ

237 1450 283 1475 σε
309 1437 366 1482 εἰς
394 1434 463 1475 τὸν
490 1435 588 1475 θεὸν
617 1436 687 1476 καί
711 1438 768 1483 εἰς
795 1435 867 1489 τήν
895 1435 1070 1488 δύναμιν
1098 1440 1170 1477 τοῦ
1189 1437 1324 1488 τιμίου
1348 1439 1419 1478 καί
1440 1435 1641 1486 ζωοποιοῦ

236 1501 412 1552 σταυροῦ
435 1498 501 1539 ἵνα
521 1500 700 1555 ἀπέλθῃς
729 1501 771 1540 ἐν
797 1503 847 1555 τῇ
874 1499 988 1541 πόλει
1015 1502 1085 1541 καί
1113 1503 1227 1556 είπῇς
1258 1500 1326 1542 τὸν
1356 1503 1541 1554 βασιλέα,
1572 1499 1638 1540 ἵνα
1651 1513 1695 1547 20

237 1560 453 1620 ιῖηοστείλῃ
483 1563 551 1604 καί
583 1562 800 1620 παραλάβῃ
845 1564 890 1605 τὸ
938 1565 1108 1618 κάστρον
1143 1581 1224 1616 μου
1259 1568 1329 1605 καί
1362 1564 1434 1620 ἔχῃ
1468 1564 1544 1605 ὑπὸ
1569 1562 1640 1617 την

237 1629 423 1678 ἐξουσίαν
451 1628 594 1669 αὐτοῦ.
650 1627 669 1669 ὃ
712 1630 756 1669 δὲ
793 1629 972 1682 ,ιιοναχὸς
999 1629 1186 1679 Ἀγάπιος
1208 1628 1404 1670 εἰσελθών
1429 1631 1472 1670 ἐν
1493 1631 1542 1684 τῇ
1567 1626 1641 1668 πό-

236 1695 298 1732 λει
326 1693 545 1746 διηγήσατο
574 1692 640 1733 τὸν
659 1696 831 1744 βασιλέα
854 1689 932 1733 ὅσα
959 1694 1130 1747 ἐλάλησε
1160 1691 1258 1747 πρὸς
1287 1691 1411 1733 αὕτόν
1440 1692 1462 1733 ὅ
1491 1695 1640 1746 πατρί-

237 1771 319 1804 κιος
348 1754 540 1804 Ἀσώτιος
567 1753 587 1796 ὅ
621 1759 693 1798 καί
717 1755 942 1810 mundone.
998 1759 1068 1797 τοῦ
1098 1759 1142 1798 δὲ
1172 1760 1468 1811 προρρηθὲντος
1494 1772 1640 1811 πατρι-

327 1861 349 1894 6
376 1863 559 1905 ΙΙΙοσχιιῦν
583 1872 659 1894 cum
686 1861 838 1894 Meursio
863 1861 1055 1894 Bandurius
1150 1861 1192 1894 10
1215 1858 1254 1896 τὸ
1276 1861 1379 1905 vulgo
1407 1873 1462 1894 om

238 1955 416 1999 totiusque
433 1956 614 1987 Armeniae
633 1960 668 1987 et
685 1955 803 1997 Syriae
823 1955 897 1987 iilic
915 1956 1098 1999 agitantur,
1122 1955 1214 1987 unde
1239 1955 1333 1998 capit
1355 1964 1514 1996 magnum
1529 1953 1642 1986 vecti-

238 2000 304 2042 gal.
352 2001 565 2033 territorium
589 2012 672 2033 vero
698 2001 792 2032 urbis
817 2002 1018 2033 Adranutzii
1051 2001 1120 2032 sive
1146 2002 1252 2032 Anen
1278 2000 1426 2044 amplum
1450 2004 1486 2032 et
1511 1999 1640 2040 fertile,

238 2052 360 2090 estque
388 2047 492 2079 clavis
516 2047 648 2079 Iberiae
672 2046 839 2090 Abasgiae
869 2052 904 2079 et
926 2047 1159 2078 Mischiorum.
1204 2045 1326 2077 beatus
1351 2049 1464 2078 autem
1491 2045 1642 2089 impera-

239 2097 294 2124 tor
318 2091 478 2124 dominus
503 2093 675 2124 Romanus
702 2093 797 2125 misit
827 2092 1047 2125 Constantem
1077 2092 1258 2135 patricium
1283 2096 1318 2124 et
1342 2090 1563 2134 drungarium
1589 2090 1640 2122 rei

240 2138 385 2177 navalis,
414 2139 475 2182 qui
499 2143 571 2170 tum
594 2137 888 2182 protospatharius
915 2143 950 2170 et
969 2138 1177 2170 manclabita
1204 2142 1300 2176 erat,
1328 2136 1496 2180 deditque
1522 2136 1554 2168 ei
1580 2146 1640 2167 ve·-

239 2188 324 2215 stem
349 2184 519 2226 magistri,
555 2189 595 2216 ut
621 2184 829 2216 Curcenium
859 2183 989 2216 lberem
1013 2184 1210 2226 magistrum
1234 2187 1384 2223 crearet3
1412 2182 1471 2225 qui
1498 2180 1639 2225 quidem

240 2229 408 2261 Constans
441 2230 604 2273 patricius
631 2231 751 2274 reique
783 2230 914 2262 navalis
939 2229 1141 2270 drungarius
1165 2239 1239 2260 cum
1266 2227 1501 2260 Nicomediam
1529 2237 1639 2271 usque

239 2285 437 2317 progressus
462 2281 563 2315 esset,
588 2276 731 2308 accessit
754 2275 902 2320 Agapius
926 2274 1114 2308 monachus
1147 2274 1316 2316 Cymenae
1342 2274 1450 2311 (ilius,
1479 2273 1538 2316 qui
1565 2277 1639 2305 tum

240 2320 276 2352 in
306 2319 389 2352 urbe
417 2326 532 2353 sancta
561 2322 672 2353 fuerat
707 2322 776 2353 voti
804 2332 926 2357 causa,
950 2321 1191 2363 transiensque
1218 2319 1365 2352 Iberiam
1394 2318 1639 2351 Adranutzium

239 2366 345 2398 venit.
394 2371 469 2398 erat
495 2371 608 2399 autem
633 2367 752 2399 Asotio
781 2367 925 2410 patricio
952 2367 1022 2398 sive
1047 2367 1181 2398 Ciscase
1206 2365 1323 2397 odium
1347 2364 1508 2396 adversus
1531 2374 1639 2406 geue—

241 2423 313 2443 rum
339 2412 568 2444 Curcenium:
594 2414 712 2456 itaque
739 2412 870 2457 Agapio
897 2411 1063 2445 monacho
1090 2411 1179 2443 dixit
1209 2410 1358 2443 “adiuro
1393 2415 1427 2442 te
1451 2419 1512 2453 per
1536 2408 1640 2440 deum

239 2462 275 2489 et
299 2468 360 2501 per
384 2458 548 2489 virtutem
572 2457 795 2490 honorandae
827 2469 867 2489 ac
902 2458 1056 2490 vivificae
1090 2458 1223 2497 crucis,
1256 2463 1294 2489 ut
1318 2457 1355 2488 in
1381 2455 1499 2487 urbem
1523 2453 1639 2494 abeas,

241 2503 511 2547 imperatorique
538 2504 700 2543 nunties,
725 2504 877 2547 aliquem
909 2503 953 2535 ad
987 2514 1040 2535 me
1064 2503 1178 2535 mittat
1203 2502 1392 2546 urbemque
1417 2500 1506 2532 hanc
1527 2510 1639 2532 meam

240 2549 386 2592 accipiat
417 2554 452 2580 et
489 2549 526 2580 in
563 2554 735 2591 potestate
770 2561 829 2581 sua
862 2548 1019 2581 habeat.”
1067 2549 1215 2592 Agapius
1245 2553 1359 2579 autem
1390 2544 1575 2578 monachus
1602 2546 1639 2577 iu

240 2594 359 2626 urbem
384 2594 527 2626 veniens
553 2595 752 2636 imperatori
782 2595 943 2634 narravit,
969 2605 1197 2639 quaecunque
1221 2594 1289 2637 ipsi
1309 2593 1443 2625 Asotius
1462 2591 1639 2635 patricius,

239 2641 301 2684 qui
326 2645 362 2672 et
385 2639 549 2679 Ciscases,
574 2640 729 2672 dixisset.
779 2651 926 2684 cumque
954 2641 1133 2679 Constans,
1167 2650 1268 2684 quem
1293 2638 1451 2676 diximus,
1477 2636 1638 2680 patricius

239 2691 274 2718 et
299 2685 348 2718 rei
383 2686 514 2718 navalis
551 2684 756 2729 drungarius
781 2685 1003 2719 Nicomediae
1041 2691 1151 2725 esset,
1187 2685 1230 2717 ad
1267 2683 1459 2729 praefatum
1483 2681 1638 2725 magistri
