1780 3132
201 155 266 201 90
470 156 839 200 CONSTANTINI
869 159 1364 208 PORPHYROGENITI

200 274 279 322 ’ξεις
300 270 426 314 mito&
445 269 611 312 ἐπελθὸν
633 269 739 325 αὐτῷ
758 268 890 320 τέλος,
920 274 1021 326 φημὶ
1041 273 1084 314 δὲ
1101 277 1156 330 τῷ
1174 279 1282 330 κυρῷ
1297 273 1507 335 Ῥωμανῷ,
1537 280 1627 322 ἱκα-

199 337 267 381 νόν
294 340 376 382 ἔστι
403 338 503 394 πρὸς
531 335 812 392 σωφρονισμὸν
834 336 1085 393 παράδειγμα
1105 344 1162 397 τῷ
1179 344 1406 401 βουλομένῳ
1426 345 1478 387 τὰ
1497 351 1627 397 κακῶς

197 406 296 462 παρ’
322 407 466 447 ἐκείνου
485 403 714 459 πραχθέντα
736 404 887 456 ζηλοῦν.
1135 458 1138 463 .

330 472 474 528 Χρειὺν
497 471 539 511 δὲ
559 469 659 523 μετὰ
678 473 756 511 τῶν
777 468 907 512 ἄλλων
925 472 990 512 καὶ
1010 469 1137 514 ταῦτά
1155 489 1198 514 σε
1217 471 1437 528 γινώσκειν,
1469 477 1530 519 vie*
1549 495 1624 520 πο-

196 539 406 593 λυέραστε,
451 536 519 578 ἅτε
551 540 623 590 τῆς
650 535 801 578 τούτων
829 536 1009 591 γνώσεως
1037 538 1219 594 μεγάλως
1247 556 1311 583 σοι
1343 545 1654 596 συμβαλέσθαιό

195 605 415 659 δυναμένης
441 605 507 645 καὶ
537 602 865 660 θαυμαστότερον
895 605 1115 655 ἀποδεῖξαι.
1183 606 1233 648 τὰ
1261 609 1307 648 δέ
1327 609 1408 650 ἔστι
1427 612 1515 665 περὶ
1533 613 1624 652 δια-

195 676 324 728 φορᾶς
350 670 468 713 πάλιν
494 667 635 727 ἑτέρων
661 671 812 721 ε’θνῶν,
847 674 1091 727 γενεαλογίας
1118 690 1159 714 τε
1188 673 1318 716 αὐτῶν
1340 678 1406 716 καὶ
1429 677 1536 718 ε’θῶν
1556 679 1623 719 καὶ

190 740 281 791 βίου
314 740 511 794 διαγωγῆς
519 768 532 789 ,
565 739 631 779 καὶ
657 737 810 786 θέσεως
836 740 900 780 καὶ
925 738 1102 795 κράσεως
1123 744 1192 794 τῆς
1215 741 1316 796 παρ’
1339 742 1469 784 αὐτῶν
1488 760 1618 785 κατοι-

190 805 383 860 κουμένης
411 809 504 860 γῆς,
543 805 610 846 καὶ
637 802 903 860 περιηγήσεως
929 806 1052 861 αὐτῆς
1080 808 1144 849 καὶ
1173 809 1441 863 σταδιασμοῦ,
1483 811 1623 861 καθὼς

189 870 279 927 ἑξῆς
300 870 542 929 πλατύτερον
566 869 896 929 διερμηνεύσεται.
1364 870 1371 875 ’
1631 882 1675 916 10

651 980 1027 1038 Κεφάλαιον
1095 983 1159 1028 ιδ’.

522 1053 608 1098 περὶ
628 1054 696 1098 τῆς
715 1054 942 1099 γενεαλογίας
962 1054 1031 1088 τοῦ
1055 1053 1285 1099 Μονχούμετ.

319 1129 359 1168 Γ
356 1131 604 1181 ενεαλογῆται
631 1125 655 1168 ’ὅ
689 1128 887 1181 δυσσεβὴς
916 1129 997 1169 καῖ
1014 1127 1246 1181 ἀκάθαρτος
1273 1126 1544 1183 Μουχούμετ,
1575 1128 1619 1172 ὃν

187 1193 364 1248 λέγουσιν
394 1195 431 1236 οἳ
459 1196 684 1249 Σαρακηνοὶ
711 1193 920 1250 προφήτην
943 1194 1072 1236 αὐτῶν
1095 1194 1210 1246 εἶναι,
1245 1196 1287 1237 ἓκ
1309 1200 1438 1251 φυλῆς
1458 1212 1618 1251 γενικω-

184 1260 306 1314 τάτης
327 1261 491 1315 Ἰσμαὴλ
518 1261 609 1303 υἱοῦ
630 1261 816 1316 Ἀβραὰμ
845 1260 1124 1316 καταγόμενον.
1191 1262 1376 1319 Ζηναρὸς
1399 1263 1476 1318 γὰρ
1501 1263 1522 1304 ὃ
1545 1267 1617 1313 τοῦ
1629 1268 1671 1302 15

179 1327 344 1382 Ἰσμαὴλ
363 1326 555 1383 ἀπόγονος
576 1327 708 1381 πατὴρ
731 1327 861 1370 αὐτῶν
883 1325 1161 1383 ἀναγορεύεται
1177 1327 1346 1371 πάντων.
1414 1323 1529 1378 οὗτος
1548 1325 1618 1371 οὖν

65 1407 92 1439 Ρ
117 1407 159 1442 68
182 1400 294 1453 γεννᾷ
320 1395 432 1444 υἱοὺς
462 1393 558 1446 δύο,
603 1393 851 1450 Μούνδαρον
881 1397 947 1436 καὶ
972 1393 1166 1447 Ῥαβειάν.
1242 1394 1263 1436 ὁ
1297 1396 1340 1438 δέ
1370 1394 1618 1452 Βίῐούνδαρος

181 1463 299 1504 τίκτει
321 1461 533 1517 Κούσαρον
550 1464 615 1502 καὶ
635 1460 788 1503 Κάϊσον
805 1463 871 1503 καὶ
895 1461 1083 1515 Θυμίμην
1101 1460 1369 1504 καὶἌσανὸον
1386 1464 1451 1504 καὶ
1471 1461 1617 1513 ἄλλους

180 1530 290 1578 τινὰς
324 1528 572 1582 ἀνωνύμους,
609 1528 652 1570 οἳ
681 1530 747 1569 καὶ
777 1528 849 1582 τὴν
875 1530 1120 1570 Μαδιανῒτιν
1146 1528 1292 1584 ἔρημον
1317 1527 1616 1585 κληρωσάμενοι

181 1594 514 1652 ἐκτηνοτρόφουν,
549 1597 590 1636 ἐν
623 1601 785 1648 σκηναῖς
811 1599 1093 1644 κατοικοῦντες.
1161 1597 1233 1637 εἶσὶ
1261 1596 1304 1637 δὲ
1331 1598 1397 1641 καὶ
1421 1595 1670 1651 ἕνδότεροιὶθ

179 1660 352 1714 τούτων,
389 1663 459 1704 οὐκ
483 1663 525 1707 ἐκ
549 1666 620 1716 τῆς
641 1666 771 1718 φυλῆς
792 1663 923 1704 αὐτῶν
945 1662 1048 1704 ἀλλὰ
1070 1665 1141 1704 τοῦ
1156 1663 1323 1714 Ἰεκτᾶν,
1352 1663 1390 1704 οἶ
1415 1662 1614 1718 λεγόμενοι

268 1791 290 1825 7
312 1788 374 1824 καὶ
397 1786 496 1842 ἔθῷν
519 1789 584 1823 add
604 1789 634 1822 B
727 1790 769 1823 10
784 1785 1075 1842 «ξιερμηνεύσεται
1089 1788 1274 1833 Meursius,
1294 1786 1547 1832 διερμήνευται
1561 1789 1611 1834 Μ,

269 1835 530 1879 διηρμηνευται
546 1834 574 1867 Β
711 1835 754 1871 19
779 1844 995 1876 ανωνυμονς
1016 1833 1189 1872 Meursius
1209 1846 1273 1880 pro
1299 1831 1514 1878 ὁμωνύμους

176 1956 345 1990 dominum
365 1957 552 1990 Romanum
575 1959 718 2000 propter
739 1954 797 1987 illa
821 1965 863 1987 ex
885 1954 982 1988 libito
1003 1959 1200 2000 perpetrata
1223 1954 1396 1999 oppressit
1413 1955 1543 1998 exitus,
1569 1955 1612 1988 ad

177 2002 366 2046 exemplum
399 2001 443 2035 iis
478 2001 538 2046 qui
571 2001 745 2045 improbas
779 1998 852 2033 eius
887 1999 1040 2033 actiones
1074 2000 1200 2034 imitari
1233 2000 1341 2034 velint
1373 2001 1456 2034 satis
1488 2011 1610 2044 super—

203 2059 244 2081 ue
268 2052 334 2080 est.

176 2058 198 2091 q
267 2092 364 2124 Haec
388 2102 490 2135 porro
514 2095 561 2133 te,
590 2088 762 2123 carissime
785 2088 847 2131 fili,
874 2099 941 2121 una
964 2099 1037 2121 cum
1061 2088 1136 2122 aliis
1160 2088 1248 2122 scire
1272 2099 1357 2134 opus
1381 2094 1444 2131 est,
1468 2099 1610 2133 quorum

176 2136 298 2169 notitia
330 2146 450 2178 magno
483 2135 546 2169 tibi
580 2135 656 2168 usui
687 2145 764 2167 esse
790 2138 825 2166 et
853 2132 1081 2166 admirabilem
1103 2139 1139 2168 te
1162 2134 1330 2177 praebere
1357 2133 1480 2178 possit.
1526 2133 1612 2167 haec

175 2193 259 2214 vero
292 2191 381 2224 quae
410 2185 618 2224 sequuntur,
654 2179 697 2211 de
728 2177 922 2211 discrimine
952 2178 1090 2211 aliarum
1120 2178 1272 2221 gentium
1297 2182 1531 2223 pertractant,
1566 2178 1610 2212 de

175 2225 376 2269 genealogia
398 2236 533 2267 earum,
564 2225 606 2258 de
629 2224 778 2257 moribus
804 2228 839 2256 et
860 2223 1000 2257 vivendi
1020 2222 1195 2265 instituto,
1228 2224 1271 2257 de
1293 2223 1362 2258 situ
1384 2228 1420 2257 et
1444 2223 1611 2268 temperie

173 2271 350 2315 regionum
375 2281 458 2312 quas
480 2270 695 2311 inhabitant,
729 2267 810 2301 item
834 2268 876 2302 de
897 2268 1023 2303 finibus
1046 2273 1081 2301 et
1103 2267 1370 2302 dimensionibus
1400 2279 1516 2302 earum
1525 2273 1549 2311 ‚¹
1571 2272 1610 2302 ut

173 2316 209 2349 in
232 2315 453 2359 sequentibus
475 2313 577 2347 latius
600 2312 838 2359 explicabitur.

584 2392 638 2427 14.
685 2393 728 2426 de
750 2391 965 2437 genealogia
989 2391 1210 2428 Mahometis,

262 2447 333 2480 Iam
358 2448 401 2481 ad
424 2448 656 2491 genealogiam
681 2448 829 2493 improbi
851 2453 886 2481 et
909 2447 1033 2492 impuri
1056 2446 1262 2480 Mahometis
1294 2446 1474 2489 veniatur,
1508 2458 1607 2490 quem

173 2493 376 2538 prophetam
405 2504 481 2526 esse
513 2504 608 2526 suum
640 2492 757 2526 dicunt
788 2492 972 2535 Saraceni,
1013 2503 1055 2526 ex
1095 2492 1300 2535 amplissima
1329 2492 1422 2525 tribu
1454 2491 1607 2525 ismaelis

171 2538 355 2573 Abrahami
393 2537 455 2571 filii
492 2538 684 2571 deductum.
733 2538 886 2571 Zenarus
926 2537 1014 2570 enim
1051 2537 1204 2571 [smaelis
1246 2547 1415 2581 pronepos
1454 2536 1606 2580 ipsorum

172 2583 315 2617 omnium
348 2587 445 2626 pater
478 2582 615 2616 dicitur.
663 2582 718 2615 hic
749 2583 856 2626 igitur
887 2582 975 2616 filios
1009 2582 1094 2616 duos
1124 2583 1297 2626 suscepit,
1336 2581 1537 2615 Mandatum
1571 2585 1608 2614 et

171 2628 352 2661 Rhabiam.
398 2627 586 2661 Mundarus
609 2632 719 2661 autem
743 2628 910 2661 Cusarum
932 2627 1067 2671 genuit,
1098 2627 1236 2661 Caisum
1259 2626 1359 2669 item,
1389 2626 1606 2668 Thymimen‚

170 2673 341 2707 Asandum
371 2675 406 2705 et
434 2671 519 2706 alios
551 2672 701 2706 eiusdem
727 2672 892 2714 nominis;
925 2672 985 2715 qui
1009 2683 1092 2706 sane
1114 2671 1368 2706 Madianiticam
1390 2670 1606 2703 solitudinem

170 2717 285 2751 sortiti
318 2722 474 2762 pastores
506 2719 653 2761 agebant
683 2717 719 2750 in
748 2717 906 2751 tentoriis
929 2716 1134 2750 habitantes.
1179 2716 1362 2750 interiores
1384 2726 1467 2748 vero
1491 2720 1607 2760 partes

171 2768 360 2807 occupant,
394 2773 461 2796 non
484 2774 527 2797 ex
550 2762 667 2797 eadem
690 2761 800 2806 tribu,
833 2761 895 2797 sed
919 2773 961 2797 ex
983 2761 1130 2798 lectanis
1144 2788 1154 2807 ,
1183 2761 1242 2807 qui
1266 2761 1464 2796 Homeritae
1486 2760 1606 2794 dicun-
