1780 3132
274 142 366 188 506
795 148 1144 188 WESSELlNGn

272 271 309 309 p.
334 261 415 298 220
440 259 628 310 appellat.
685 258 788 310 quod
819 263 950 298 autem
979 258 1050 300 Ch.
1070 259 1266 300 Cellarius
1292 259 1343 300 G.
1361 259 1408 300 A.
1427 263 1456 301 3
1480 262 1508 300 8
1537 262 1670 312 11327

276 311 452 351 Comana
481 314 531 352 ab
559 313 675 352 Iridis
701 312 875 351 fontibus
904 326 1042 364 parum
1078 314 1227 353 distare
1256 325 1306 353 ex
1334 313 1531 354 Strabone
1558 313 1671 353 colli-

272 366 345 416 git,
374 367 413 404 id
443 366 567 404 amnis
596 378 647 406 ex
678 367 816 407 intima
843 367 1030 406 Armenia
1068 373 1179 407 ortus
1215 371 1255 406 et
1279 379 1352 419 per
1380 368 1542 407 Pontum
1567 368 1673 406 hunc

271 421 484 511 ἀεοιιιὲτεηῐε
522 420 627 472 apud
659 421 821 460 eundem
850 421 1086 473 Gregorium
1126 422 1168 461 in
1192 421 1395 472 Macrinae
1417 421 1511 462 Vita
1535 434 1572 474 p.
1593 425 1671 461 182

271 485 349 511 non
394 484 459 511 ere
479 499 489 508 .

378 550 470 597 397,
500 551 537 588 2.
599 538 855 596 Τολεμόνιον]
883 554 1031 590 rectum
1067 553 1127 589 est
1154 547 1441 599 Πολεμώνιον,
1471 549 1574 602 quod
1600 561 1672 600 op-

270 601 402 653 pidum
430 602 534 641 inter
565 602 895 643 Thermodontem
923 608 963 643 et
993 603 1168 653 Cotyora
1197 604 1314 643 situm
1340 603 1544 643 obtinebat
1567 602 1672 654 apud

269 656 484 695 Arrianum
507 656 549 696 in
575 657 733 708 Periplo
762 670 800 707 p.
822 660 887 697 17.
943 658 992 696 de
1021 657 1252 706 Cerasunte‚
1281 657 1476 697 maritimo
1504 656 1672 708 oppido,

270 710 504 814 {eggphon
542 711 695 763 Exped.
733 710 827 760 Cyr.
857 713 885 750 5
927 724 965 764 p.
994 715 1074 752 273
1113 716 1153 752 et
1193 712 1435 753 Tournefort
1470 710 1584 763 epist.
1623 712 1676 750 17

376 837 482 879 Ibid.
511 843 550 880 3.
611 838 860 890 Τραπεζοῦς]
889 841 994 881 circa
1018 841 1182 882 Nicaeni
1206 841 1365 882 secundi
1393 838 1548 880 concilii
1574 841 1672 878 tem-

269 904 369 944 pora
412 894 550 933 Phasis
592 898 632 933 et
667 896 874 946 Trapezus
916 896 982 934 uni
1021 897 1203 948 episcopo
1244 896 1425 947 paruisse
1459 893 1670 940 videntum

270 947 372 986 unde
402 947 713 999 Cbristophorus
751 949 825 987 τοῦ
869 947 1053 993 Φάσιδος
1089 945 1179 1000 ἤτοι
1214 948 1518 1001 Τραπεζοῦντος
1542 948 1676 999 p-345

269 1002 492 1042 subscribit.
548 1002 640 1042 vide
664 1003 758 1042 Ant.
791 1003 880 1042 ltin.
910 1016 950 1054 p.
969 1007 1060 1043 216.
1311 1031 1314 1033 Α

378 1065 485 1107 Ibid.
505 1068 543 1106 4.
599 1063 681 1103 ὑπὸ
715 1064 909 1119 ἡγεμόνα]
940 1068 997 1106 sie
1015 1080 1106 1117 mss,
1133 1067 1271 1119 quibus
1289 1069 1450 1118 praeter
1461 1066 1551 1106 Not.
1582 1064 1673 1117 imp.
1727 1102 1729 1105 .

272 1121 420 1161 orient.
452 1133 486 1160 c.
501 1125 540 1171 1,
570 1132 671 1173 quae
698 1121 976 1172 praesidialem
1006 1122 1108 1161 hanc
1131 1121 1239 1172 facit,
1267 1121 1481 1161 assentitur.
1507 1119 1676 1159 Basilius

271 1175 325 1215 Μ.
345 1175 455 1226 epist.
476 1178 576 1215 112:
619 1188 711 1214 nam
729 1175 995 1215 Andronicum
1031 1171 1224 1226 ἡγεμόνα,
1250 1175 1301 1214 ad
1323 1186 1438 1227 quem
1464 1173 1560 1214 illae
1589 1173 1678 1212 lite-

272 1240 343 1268 rae
374 1229 602 1279 mittuntur,
632 1229 840 1268 Armeniae
878 1229 1030 1280 primae
1062 1229 1284 1280 praefuisse
1323 1240 1375 1269 ex
1401 1228 1609 1268 Sebastiae
1634 1227 1677 1266 in

271 1283 352 1322 illis
380 1283 576 1322 mentione
604 1283 707 1323 haud
738 1284 904 1322 obscure
925 1283 1140 1335 colligitur.
1195 1287 1365 1323 ceterum
1382 1282 1548 1335 primam
1574 1281 1676 1320 hanc

272 1338 498 1377 Armeniam
523 1338 627 1378 idem
669 1337 841 1376 Basilius
869 1337 982 1388 epist.
1027 1339 1108 1377 195
1145 1341 1184 1376 et
1226 1341 1308 1378 263
1341 1333 1493 1386 μικρὰν
1529 1333 1682 1385 Ἀρμε-

274 1389 364 1429 νίαν
400 1395 528 1431 vocat.
1588 1420 1591 1421 γ

381 1466 489 1508 Ibid.
517 1467 555 1505 5.
612 1463 851 1515 Σεβάστεια]
880 1466 1109 1518 provinciae
1136 1467 1365 1518 metropolis
1394 1469 1455 1505 est
1478 1465 1520 1505 in
1548 1463 1683 1504 Theo-

274 1521 402 1561 doreti
438 1522 484 1562 H.
528 1521 575 1559 E.
604 1525 630 1560 2
660 1523 713 1559 25
752 1524 792 1559 et
818 1521 987 1560 Novella
1010 1524 1075 1560 31.
1140 1521 1218 1560 sita
1248 1525 1336 1559 erat
1368 1520 1456 1559 loco
1497 1530 1685 1568 amoeno,

274 1581 510 1628 praeterque
540 1575 704 1625 Halym,
731 1574 797 1625 qui
828 1575 935 1613 urbis
963 1574 1116 1614 moenia
1158 1574 1338 1624 radebat,
1365 1573 1532 1613 mediam
1565 1584 1677 1611 seca-

275 1631 346 1670 bat
378 1631 480 1670 alius
511 1630 663 1678 amnis,
696 1628 762 1680 qui
791 1641 883 1668 mox
910 1628 951 1668 in
980 1628 1151 1668 vicinum
1179 1629 1309 1667 lacum
1335 1627 1554 1668 abdebatur
1581 1626 1682 1665 Gre-

278 1685 394 1736 gorio
411 1685 592 1733 Nysseno
621 1687 724 1722 orat.
756 1686 779 1721 1
809 1683 851 1722 in
878 1684 931 1721 40
953 1682 1122 1731 Martyr.
1157 1695 1195 1734 p.
1217 1683 1295 1721 501
1325 1685 1364 1721 et
1382 1685 1483 1721 orat.
1501 1684 1527 1720 2
1553 1682 1688 1732 p-510

276 1744 450 1779 auctore.
481 1738 572 1778 vide
597 1737 685 1776 ltin.
713 1735 805 1776 Ant.
829 1749 868 1788 p.
891 1739 982 1775 177.
1563 1742 1568 1748 ’

386 1799 493 1843 Ιῠῖᾱ.
567 1796 806 1848 Νικόπολις]
848 1814 927 1840 non
960 1801 1082 1853 longe
1122 1799 1290 1840 Colonia
1329 1797 1544 1839 dissociata
1587 1802 1689 1848 erat,

277 1858 436 1911 quicum
462 1861 503 1896 et
537 1855 668 1897 Sacra
707 1853 936 1895 Christiana
972 1855 1350 1902 communicaverat3
1385 1853 1488 1892 unde
1511 1848 1585 1901 τήν
1609 1866 1688 1902 μη-

276 1911 378 1961 τέρα
405 1908 521 1959 ὑμῶν
549 1906 624 1960 τὴν
659 1907 703 1948 ἐν
732 1907 954 1947 Νικοπόλει
997 1906 1209 1956 ἐκκλησίαν
1247 1908 1417 1947 Basilius
1454 1906 1566 1958 epist.
1594 1909 1690 1955 227,

280 1965 583 2006 Coloniensibus
604 1963 809 2014 inscripta,
835 1963 1032 2014 appellat3
1062 1974 1135 2001 nec
1154 1962 1360 2001 dissimilia
1376 1960 1502 2000 tribus
1523 1970 1690 2011 sequen-

281 2021 386 2059 tibus
417 2019 597 2071 epistolis
626 2016 816 2070 reperies.
885 2018 1014 2065 Lycus
1039 2015 1179 2055 fluvius
1207 2016 1246 2054 in
1274 2015 1404 2066 spatio
1432 2018 1460 2053 6
1484 2014 1538 2052 Μ.
1567 2014 1608 2052 Ρ.
1637 2013 1690 2052 ab

279 2075 379 2113 urbe
407 2074 654 2122 volvebatur,
682 2072 716 2111 si
745 2070 856 2110 Actis
868 2073 920 2110 40
947 2071 1066 2110 Mart.
1094 2074 1186 2109 tom.
1202 2073 1229 2109 3
1255 2070 1326 2109 Iul.
1356 2082 1394 2121 p.
1412 2070 1465 2107 46
1488 2067 1586 2107 fides
1615 2071 1688 2106 est.

279 2129 396 2180 plura
423 2127 568 2167 Anton.
596 2127 686 2166 ltin.
714 2139 755 2178 p.
771 2128 862 2165 182.

390 2192 496 2233 lbid.
565 2191 763 2239 Κολονιά]
803 2187 997 2229 Κολωνία
1042 2187 1126 2228 sive
1175 2183 1403 2226 Κολώνεια.
1480 2186 1695 2226 Liberatus

279 2246 461 2287 Breviar.
489 2260 523 2288 c.
553 2250 580 2287 6
607 2244 884 2297 Cappadociae
911 2242 1117 2292 secundae,
1147 2242 1245 2281 nihil
1281 2241 1495 2280 dissidente
1523 2240 1691 2281 concilio

279 2301 521 2341 Chalcedon.
550 2314 589 2352 p.
608 2302 710 2349 557,
752 2297 1005 2338 transcribit:
1044 2300 1086 2335 at
1112 2295 1283 2335 Basilius
1323 2295 1434 2346 epist.
1465 2297 1546 2334 228
1573 2291 1616 2331 ἑν
1643 2291 1695 2343 τῇ

280 2353 455 2405 ἐσχατιᾷ
484 2352 557 2404 τῆς
583 2349 811 2403 Ἀρμενίας,
842 2356 882 2391 et
910 2350 1021 2412 epist.
1038 2352 1117 2390 195
1151 2347 1314 2397 μακρὰν
1346 2346 1581 2401 ἀπῳκίσθαι
1610 2346 1694 2385 ’τῶν

280 2406 537 2455 ὁδευομένων
567 2407 698 2446 τόπων
716 2402 790 2456 τὴν
819 2406 1056 2444 Κολωνειαν
1085 2403 1279 2443 adfirmat.
1319 2414 1416 2454 ergo
1445 2402 1553 2441 circa
1573 2399 1697 2440 Chal-

281 2460 515 2501 cedonensis
543 2461 699 2501 concilii
726 2466 906 2512 tempora
935 2458 1104 2499 Colonia
1131 2456 1406 2508 Cappadociae
1434 2456 1510 2506 suit
1539 2454 1691 2493 contri-

282 2516 402 2564 buta;
431 2515 596 2555 rediisse
624 2515 712 2554 dein
739 2515 790 2555 ad
819 2514 1043 2566 Armeniam
1071 2511 1238 2563 primam
1267 2515 1360 2551 ante
1385 2508 1591 2550 Iustiniani
1616 2520 1693 2548 ae-

283 2574 406 2610 tatem
436 2570 603 2609 Novella
631 2572 682 2608 31
712 2569 908 2608 docemur.

392 2632 503 2675 [bid.
561 2627 743 2678 Σάταλα]
771 2632 957 2673 Basilium
1000 2631 1090 2671 vide
1133 2629 1244 2682 epist.
1271 2633 1325 2670 99
1357 2633 1396 2668 et
1425 2627 1570 2668 Anton.
1601 2624 1694 2665 ltin.
