1780 3132
270 150 362 199 246
529 158 877 202 CONSTANTlNl
916 158 1383 202 PORPnYRoGENm

267 253 339 294 καὶ
375 256 744 308 τειχομαχῆσαντες
788 253 866 294 ἀπὸ
911 248 1067 307 ὄρθρου
1102 255 1183 302 ’ἕως
1206 252 1317 309 ὥρας
1350 259 1483 311 τρίτης
1511 256 1676 311 ἐτεκμή-

264 334 384 371 ραντο
410 320 486 359 τοιῖ
510 325 664 372 φυγεῖν,
693 316 749 369 μή
779 319 1070 370 προσδέξαντες
1097 320 1172 365 τὰς
1197 320 1241 360 ἐν
1259 326 1343 369 τοῖς
1373 318 1528 374 ἅρμασι
1555 337 1675 362 κατε-

264 383 544 432 σκευασμένας
582 382 925 434 χειροβολίστρας.
996 384 1066 422 καί
1103 380 1151 435 δὴ
1192 386 1272 424 τῶν
1312 385 1354 425 έν
1389 386 1439 440 τῇ
1473 385 1675 440 Βοσπόρῳ

263 442 516 496 νομισάντων
558 444 612 492 ὥς
640 446 691 484 δι’
719 444 928 498 ὀλιγότητα
956 444 1205 499 ἡττημένους
1247 444 1414 501 φεύγειν
1438 448 1536 497 τούς
1561 451 1674 501 Χερ-

264 507 434 555 σωνίτας
451 541 461 560 ,
497 507 882 561 καταθαρρὴσαντες
915 505 1073 550 ἑαυτῶν
1100 508 1266 564 ἐξῄεσαν
1305 510 1409 565 πρὸς
1435 513 1571 562 δίωξιν
1597 513 1706 552 αεὶ-5

261 573 356 611 ταῖν.
424 571 462 611 οἱ
491 572 536 611 δὲ
573 573 834 624 Χερσωνῖται
862 573 1008 624 ἠρέμα,
1048 574 1161 627 φησί,
1188 572 1402 627 φεύγοντες
1428 581 1518 624 ταῖς
1539 590 1675 628 χειρο-

259 636 496 688 βολιστραις
530 634 628 683 τούς
667 635 889 683 διώκοντας
924 636 1139 689 α’νὴλισκον
1178 638 1501 692 Βοσποριανούς.
1573 639 1674 680 ἄνα-

261 699 428 746 στοίντες
457 700 504 740 δὲ
546 701 618 739 καί
639 697 675 740 οἱ
714 698 994 752 ἐνεδρεύοντες
1024 703 1299 754 Χερσωνῖται,
1329 701 1400 743 καὶ
1424 704 1676 756 περικυκλώ-

261 777 403 810 σαντες
432 761 529 810 τούς
553 762 888 817 Βοσποριανούς,
919 762 1072 811 πάντας
1101 764 1249 821 αυ“τοι,“ις
1279 768 1552 821 κατέσφαξαν.
1607 766 1678 807 κατ’

262 823 593 878 ὑποστρέψαντες
630 829 851 878 κατέλαβον
887 826 963 880 τὴν
1002 826 1242 883 Βόσπορον,
1269 826 1417 880 ὁμοίως
1445 831 1491 871 δὲ
1519 829 1593 870 καί
1621 828 1673 870 τὰ
1688 839 1730 874 10

262 889 365 941 πρὸς
391 888 465 942 τήν
494 889 723 930 Μαιώτιὸα
761 892 904 943 λιζιινην
931 894 1148 933 καστέλλια
1188 894 1259 934 κατ’
1284 892 1419 941 πιέσας
1448 892 1520 941 τὰς
1545 908 1675 947 φαμι-

263 954 354 1000 λιάς
384 955 463 993 τῶν
494 955 795 1007 Σαυροματῶν,
827 957 899 994 καί
930 956 1166 1005 ἐκαθέζοντο
1195 959 1237 997 ἐν
1274 959 1325 1011 τῇ
1352 956 1566 1013 Βοσπόρῳ,
1591 973 1676 1010 μη-

265 1018 361 1057 δένα
389 1019 464 1057 τοῦ
497 1018 643 1057 λοιποῦ
671 1015 999 1072 κατασφάζοντες
1021 1017 1124 1072 πλὴν
1151 1021 1231 1060 τῶν
1256 1019 1581 1074 πολεμησάντων.
1607 1020 1678 1061 κατ’

265 1077 450 1132 ἐχόμενοι
483 1079 558 1133 την
584 1081 802 1131 Βόσπορον
839 1081 1066 1135 ἐφύλαττον
1102 1082 1242 1136 αὖτὴν.
1298 1080 1461 1137 ἡμερῶν
1485 1086 1532 1125 δὲ
1549 1086 1677 1125 ’τινῶν

265 1146 559 1197 διαγενομένων
585 1147 691 1198 λέγει
715 1148 904 1198 Χρῆστος
932 1145 953 1186 ὁ
991 1148 1064 1187 τοῦ
1091 1150 1262 1187 Παπίου
1294 1154 1385 1196 ταῖς
1410 1150 1490 1190 τῶν
1521 1151 1676 1202 Eat-9⁰·
1690 1157 1732 1188 15
1755 1181 1758 1184 ⁴

264 1212 406 1259 ματῶν
432 1208 613 1261 γυναιξίν
651 1206 716 1250 ὅτι
745 1207 858 1262 ἡμεῖς
888 1208 960 1250 οὖκ
998 1210 1144 1263 ἔχομεν
1167 1214 1314 1264 χρείαν
1341 1210 1451 1263 ὑμᾶς
1476 1217 1679 1265 πολεμεῖν,

265 1274 354 1312 ἄλλ’
381 1272 522 1326 ἐπειδη
549 1271 570 1312 ὅ
600 1273 870 1326 Σαυρόματος
908 1271 1067 1328 ἀπῆλθε
1095 1274 1168 1327 vj»
1196 1278 1277 1317 τῶν
1297 1275 1512 1327 Ῥωμαίων
1537 1275 1680 1329 χώραν

265 1339 484 1390 πορθῆσαι,
511 1335 658 1378 τούτου
687 1336 812 1391 χάριν
850 1341 1150 1391 προτραπέντες
1177 1339 1293 1392 ἡμεῖς
1319 1339 1432 1393 παρὰ
1460 1342 1532 1382 τοῦ
1557 1343 1679 1392 βασι-

265 1402 365 1448 λέως
383 1398 598 1452 Ῥωμαίων
638 1400 693 1448 ὥς
721 1401 890 1455 ὑπήκοοι
928 1402 1060 1442 αὐτοῦ
1086 1395 1194 1450 ὄντες
1221 1403 1530 1457 ἐπολεμήσαμεν
1557 1403 1678 1455 ὑμᾶς.

265 1463 339 1505 ἐὰν
367 1460 440 1504 οὖν
467 1467 612 1518 θέλητε
642 1467 763 1518 ζῆσαι
789 1467 833 1506 ἐν
859 1467 907 1520 τῇ
926 1463 1040 1505 πόλει
1068 1466 1197 1519 ὑμῶν,
1229 1467 1342 1508 δεῦτε
1369 1468 1734 1518 α’ποστέλλωμενῑέο

266 1529 455 1581 πρέσβεις
495 1527 598 1581 πρὸς
626 1527 694 1570 τὸν
723 1529 865 1583 κύριον
900 1526 1018 1579 ὑμῶν
1047 1529 1319 1583 Σαυρόματον
1349 1533 1416 1585 ἐφ’
1442 1525 1519 1586 ᾧτε
1552 1529 1681 1571 αὐτόν

266 1595 436 1645 ποιῆσαι
464 1591 626 1647 εἰρήνην
654 1592 776 1645 μετὰ.
793 1596 874 1635 τῶν
898 1593 1111 1646 Ῥωμαίων
1141 1596 1204 1635 ἐπ’
1231 1590 1354 1646 ὄψεσι
1375 1597 1455 1635 τῶν
1474 1596 1682 1648 πρέσβεων

267 1653 382 1709 ἡμῶν
408 1660 479 1698 καί
519 1657 791 1711 ἀναχωρῆσαι
830 1659 912 1699 τῶν
949 1660 1097 1712 ἐκεῖσε,
1125 1659 1196 1699 καί
1223 1655 1338 1713 ἡμεῖς
1370 1655 1544 1714 ἀφίεμεν
1571 1659 1682 1711 ὑμᾶς

361 1765 383 1797 2
405 1764 684 1809 προδείξαντεςῖ
799 1765 820 1799 9
849 1762 980 1805 αὐτοὺς
1004 1766 1074 1799 add
1096 1767 1120 1799 B

271 1869 414 1912 sitisque
438 1869 573 1901 insidiis
598 1874 703 1902 noctu
728 1869 829 1912 pauci
858 1881 974 1913 pugna
999 1869 1088 1902 inita
1113 1874 1148 1902 et
1175 1881 1272 1903 muro
1300 1875 1500 1914 oppugnata
1529 1881 1550 1902 a
1579 1881 1680 1903 mane

270 1914 315 1945 ad
343 1915 460 1946 horam
501 1927 608 1958 usque
639 1915 775 1947 tertiam
807 1915 910 1958 fugae
944 1916 1078 1958 signum
1107 1915 1300 1955 dederunt,
1336 1916 1464 1948 relictis
1499 1915 1536 1948 iu
1571 1916 1681 1948 curri-

268 1959 334 1991 bus
359 1960 620 1993 chii-obolistris.
670 1961 871 2003 Bosporiani
902 1961 1020 2005 itaque
1055 1962 1119 1993 rati
1153 1967 1295 2005 propter
1330 1962 1541 2004 paucitatem
1570 1962 1681 1994 victos

271 2005 391 2048 fugere
423 2005 670 2045 Chen-sonitus,
705 2005 907 2038 fidentiores
940 2006 1023 2039 sacti
1054 2007 1098 2038 ad
1134 2006 1392 2050 persequendos
1427 2007 1555 2050 egressi
1588 2012 1680 2039 sunt.

272 2057 308 2083 at
342 2050 565 2084 Chersonitae
602 2052 817 2095 pedetentim
850 2052 1024 2094 fugientes
1057 2052 1307 2085 chirobolistris
1345 2053 1415 2084 suis
1457 2053 1682 2096 insequentes

273 2097 503 2140 Bosporianos
546 2097 798 2139 conficiebant3
836 2104 1084 2142 surgentesque
1114 2098 1167 2129 illi
1204 2098 1327 2142 quiin
1361 2097 1516 2137 insidiis,
1551 2108 1683 2142 eosque

272 2142 545 2183 circumdantes,
586 2143 630 2175 ad
665 2154 770 2175 unum
805 2154 923 2175 omnes
961 2143 1191 2187 Bosporianos
1224 2143 1448 2183 occiderunt,
1484 2148 1590 2188 atque
1634 2145 1683 2176 ita

273 2189 416 2230 regressi
458 2189 647 2233 Bosporum
684 2194 874 2233 ceperunt,
916 2194 1110 2233 cunctaque
1152 2199 1241 2233 quae
1277 2188 1322 2220 ad
1358 2189 1536 2222 Maeotida
1577 2189 1682 2234 palu-

272 2233 351 2264 dem
379 2234 532 2277 oppida,
567 2235 867 2278 Sarmatarumque
898 2235 1069 2273 familias,
1102 2239 1137 2266 et
1160 2235 1305 2278 Bospori
1330 2234 1582 2274 consederunt,
1617 2245 1683 2266 ne-

271 2279 367 2311 mine
404 2279 448 2311 de
484 2277 620 2324 reliquo
658 2280 868 2319 interfecto,
907 2280 972 2312 nisi
1009 2280 1069 2324 qui
1111 2281 1148 2313 in
1183 2281 1284 2312 armis
1319 2279 1555 2325 deprehensus
1597 2280 1684 2312 fuis-

272 2329 338 2356 set.
387 2330 491 2368 atque
527 2326 593 2357 hoc
628 2325 768 2370 quidem
803 2325 906 2358 modo
943 2327 1096 2370 Bosporo
1128 2327 1243 2370 potitig
1263 2337 1337 2358 eam
1364 2331 1553 2359 servarunt.
1606 2325 1686 2358 die-

275 2369 339 2401 bus
364 2381 443 2402 vero
469 2372 604 2415 aliquot
636 2373 763 2415 elapsis
789 2371 951 2404 Chrestus
978 2372 1102 2414 Papiae
1139 2372 1231 2404 filius
1258 2372 1488 2405 Sarmatarum
1517 2370 1683 2404 uxoribus

272 2415 362 2447 dixit
383 2415 500 2448 “nihil
524 2429 610 2460 opus
634 2423 687 2450 est
710 2429 772 2449 nos
797 2417 929 2449 bellum
957 2416 1133 2449 vobiscum
1156 2428 1286 2460 gerere,
1311 2417 1372 2451 sed
1395 2418 1596 2450 Saus-ornato
1613 2418 1686 2449 Ro-

271 2472 448 2493 manorum
474 2467 597 2494 terram
622 2468 788 2502 vastante,
812 2464 942 2495 iussum
963 2463 1065 2495 nohis
1090 2462 1156 2495 fuit
1179 2474 1199 2494 a
1223 2465 1453 2496 Romanorum
1476 2463 1685 2506 imperatore

273 2513 312 2538 ut
337 2512 499 2551 tanquam
528 2509 603 2540 eius
631 2508 764 2540 subditi
790 2520 883 2541 arma
907 2513 1024 2540 contra
1051 2520 1111 2540 vos
1144 2520 1355 2541 sumeremus
1379 2514 1415 2542 et
1440 2519 1501 2542 vos
1525 2507 1684 2540 debella-

274 2563 399 2584 remus.
449 2553 477 2584 si
505 2553 612 2596 igitur
636 2555 673 2586 in
699 2554 784 2586 urbe
809 2560 922 2587 vestra
949 2555 1059 2586 vivere
1081 2554 1209 2593 velitis,
1234 2555 1326 2597 agite
1352 2554 1396 2587 ad
1421 2554 1598 2587 dominum
1625 2563 1685 2584 ve-

272 2602 379 2629 strum
403 2599 642 2631 Sauromatum
669 2600 799 2642 legatos
834 2600 1029 2638 mittamus,
1061 2605 1100 2632 ut
1135 2611 1253 2643 pacem
1288 2611 1365 2632 cum
1390 2599 1551 2633 Romanis
1582 2598 1686 2630 saciat

270 2644 513 2687 praesentibus
538 2646 666 2678 nostris
691 2645 824 2689 legatis,
849 2650 954 2691 atque
979 2645 1077 2678 illinc
1101 2644 1282 2687 discedat,
1307 2656 1437 2690 vosque
1472 2656 1491 2678 a
1523 2644 1624 2678 nobis
1649 2643 1687 2676 iu
