1780 3132
281 143 374 191 446
800 150 1139 189 WESSEIANGH

277 270 476 322 Ἀταρνέα
513 269 673 321 legenti.
739 268 858 308 babet
885 268 1098 308 Atarneam
1127 266 1299 316 Plinius,
1351 280 1450 320 qnae
1487 269 1678 311 Straboni

277 320 507 375 ’Λταρνεύς,
527 323 730 373 Stephano
754 318 943 370 Ἀτάρνα.

387 391 478 437 394,
505 390 542 426 4.
603 383 785 435 Ῥέκετα]
829 386 905 425 nisi
937 383 1129 423 Ῥοίτειον
1158 384 1197 423 ἱη
1226 397 1323 423 voce
1350 386 1586 426 reconditum
1613 386 1676 435 sit,

280 443 378 482 nihil
406 443 454 480 de
481 453 530 479 ea
556 452 716 480 novero.
772 440 986 479 Rhoeteum
1013 452 1038 479 a
1065 438 1191 478 Plinio
1213 438 1411 479 Strabone
1439 444 1563 491 atque.
1585 441 1676 479 aliis

281 509 361 536 non
389 500 449 533 est
478 496 710 546 neglectum.
1560 515 1561 518 η

384 558 489 600 ΙΙήά.
546 554 723 606 Βλάδος]
753 553 939 603 Βλανδὸν
964 556 1048 595 sive
1076 553 1286 592 Βλαῦνὸον
1314 555 1442 606 potius
1469 556 1672 595 concilium

281 613 601 653 Chalcedonense
629 624 667 663 p.
682 613 764 650 575
790 611 949 650 urbibus
966 609 1115 659 Lydiae
1132 609 1360 657 contribuit;
1391 620 1463 648 nec
1489 609 1679 648 dissident

284 671 438 706 veteres
463 665 647 705 Notitiae.
702 662 947 702 Βλαυνδέων
972 663 1096 712 numi,
1125 663 1164 701 in
1191 662 1327 714 quibus
1355 662 1499 701 fluvius
1521 657 1679 700 ‘lunoni-

283 732 384 768 ριος,
413 724 503 759 sunt
530 720 570 758 in
599 719 717 758 Thes.
746 718 895 756 Britan.
925 720 1018 756 tom.
1047 720 1074 757 2
1102 720 1193 756 100.
1247 715 1436 753 Βλαῦδον
1461 715 1502 754 in
1529 715 1679 764 Lydiae

282 774 425 813 finibus
466 777 658 812 memorat
697 771 843 811 Strabo
881 771 907 809 l.
935 775 986 809 12
1013 784 1052 822 p.
1076 772 1181 819 567,
1222 773 1261 807 et
1288 781 1339 809 ex
1367 781 1413 807 eo
1442 768 1680 820 Stephanus,

284 829 397 866 modo
425 828 465 866 id
494 827 692 865 diversum
728 838 753 863 a
779 824 1030 864 conciliorum
1060 824 1223 871 Blando,
1254 834 1330 874 qua
1358 823 1407 861 de
1432 824 1478 861 re
1503 822 1679 874 equidem

283 881 557 929 dubitaverim,
585 880 732 926 fuerit;
762 890 862 930 quae
893 890 978 916 cum
1009 877 1060 916 ab
1088 877 1331 927 Hellesponti
1356 876 1561 927 provincia
1590 877 1678 914 lon-

283 936 372 985 gius
398 935 557 984 distent,
586 933 685 972 nihil
715 932 865 971 iuvant.
921 931 1053 982 itaque
1090 930 1181 970 huic
1211 934 1250 969 et
1278 929 1332 981 τῷ
1359 928 1550 967 §asima
1577 930 1679 969 alius

282 989 507 1039 opituletur.

390 1060 497 1103 Ibid.
526 1062 565 1100 5.
622 1055 777 1107 Μόλις]
819 1058 987 1099 Carolus
1029 1072 1054 1099 a
1082 1058 1124 1098 S.
1153 1058 1291 1098 Paullo
1317 1056 1434 1096 Molis
1467 1068 1535 1096 seu
1563 1056 1680 1096 Meli-

283 1117 428 1167 topolis
467 1127 561 1154 suae
603 1114 763 1153 editioni
804 1113 1026 1164 adscripsit.
1094 1111 1378 1163 Miletopolitae
1405 1114 1445 1150 et
1477 1109 1683 1158 Μειλητο-
1743 1144 1746 1147 .

286 1173 466 1206 πολεῖται
497 1173 587 1208 sunt
623 1169 664 1207 in
701 1167 827 1206 numis
868 1171 908 1205 et
949 1165 1075 1205 Plinio
1116 1166 1218 1205 inter
1243 1164 1486 1216 Hellesponti
1513 1164 1681 1204 accolas.

285 1223 494 1263 scribendo
525 1234 675 1274 quoque
703 1221 830 1260 adfuit
856 1220 1020 1259 concilio
1050 1219 1343 1270 Constantinop.
1372 1218 1492 1257 tertio
1533 1231 1572 1270 p.
1603 1219 1682 1256 501

284 1278 453 1316 loannes
489 1275 702 1318 ἐπίσκοπος
741 1274 812 1323 τῆς
847 1272 1213 1324 Μιλητουηολιταῖν
1244 1268 1398 1314 πόλεως
1426 1270 1495 1321 τῆς
1515 1266 1686 1320 Ἕλλησ-

285 1331 455 1368 ποντι’ων
492 1326 713 1378 ἐπαρχίας,
750 1333 789 1366 et
824 1327 996 1367 Nicaeno
1034 1327 1202 1366 secundo
1230 1325 1401 1365 Michael
1438 1323 1510 1374 τῆς
1547 1323 1685 1365 Μελι-

285 1379 537 1429 ιουηόλεως,
574 1386 618 1422 ut
661 1393 869 1434 perperam
907 1394 945 1432 p.
972 1383 1053 1420 592
1080 1385 1196 1433 atque
1236 1380 1331 1419 alibi
1364 1377 1558 1418 scribitur.
1613 1382 1686 1426 nec

286 1448 572 1477 asseveravero
602 1440 745 1483 tamen,
773 1435 850 1475 nisi
878 1434 1061 1475 meliores
1089 1446 1207 1474 manu
1225 1433 1382 1474 exarati
1413 1431 1566 1471 codices
1592 1443 1684 1484 pro-

286 1492 376 1543 pius
407 1490 592 1539 abierint,
618 1500 702 1528 eam
734 1500 833 1528 esse.

395 1553 502 1596 Ibid.
559 1552 733 1603 Γέρμαι]
762 1551 800 1589 Γ
797 1551 913 1601 έρμη.
942 1565 1022 1591 non
1048 1551 1168 1602 longe
1197 1562 1222 1590 a
1242 1548 1390 1599 Cyzico
1417 1548 1565 1589 afuisse
1596 1547 1686 1588 Ste-

287 1610 442 1662 phanus
477 1610 616 1647 auctor
653 1611 738 1654 est,
775 1606 840 1644 ubi
881 1606 1137 1644 Holsteinium
1177 1604 1279 1643 vide.
1344 1604 1567 1643 Ptolemaeo
1595 1597 1683 1650 ἱεροὶ

286 1663 324 1700 Γ
322 1663 451 1712 ἑρμη,
480 1660 584 1699 unde
618 1660 704 1698 solo
726 1657 918 1697 ‘IEPAE
951 1659 1065 1698 titulo
1105 1657 1258 1709 signari
1298 1657 1338 1696 in
1373 1657 1534 1708 egregio
1572 1667 1688 1694 numo

288 1717 371 1756 Nic.
400 1714 588 1763 llaymius
625 1713 744 1752 Thes.
784 1712 934 1751 Britan.
970 1716 1063 1752 tom.
1092 1715 1118 1750 2
1144 1724 1193 1762 p„
1216 1712 1294 1749 115
1321 1711 1560 1757 arbitratum
1590 1718 1690 1760 quae

288 1770 383 1810 mihi
411 1768 638 1808 coniectura
676 1767 798 1806 multo
838 1766 994 1806 videtur
1034 1765 1306 1806 incertissima.
1375 1765 1491 1816 plura
1518 1763 1566 1802 de
1592 1763 1690 1814 urbe

287 1825 339 1864 ad
369 1823 515 1862 Anton.
545 1821 679 1860 itiner.
712 1832 752 1871 p.
780 1821 873 1859 335.

393 1885 500 1928 lbid.
547 1878 742 1931 '‘Auraoc]
771 1884 872 1924 hanc
901 1888 940 1923 et
960 1887 1185 1936 sequentem
1215 1883 1363 1921 frustra
1391 1892 1558 1934 quaero:
1587 1881 1692 1920 forte

287 1945 417 1980 tamen
445 1941 486 1980 in
517 1939 657 1988 Κέργη
688 1938 828 1977 latebit
848 1938 1026 1989 Κὲβρην,
1057 1937 1151 1977 urbs
1179 1936 1361 1985 Troadis,
1390 1934 1504 1974 sicuti
1530 1934 1690 1983 Scylaci

285 2001 327 2033 et
357 1991 661 2045 llarpocrationi
692 2004 743 2045 ex
769 1992 1029 2031 Demosthene
1055 1991 1095 2031 in
1122 1990 1405 2029 Aristocratem
1430 2001 1468 2039 p.
1489 1991 1568 2027 428
1595 1984 1691 2027 dici-

288 2056 366 2087 tur.
426 2045 635 2096 Κεβρηνιά
662 2045 777 2095 aliis,
817 2045 960 2095 Κέβρη
998 2044 1204 2093 Sibyllinis
1230 2043 1400 2082 oraculis
1425 2043 1453 2082 l.
1480 2045 1508 2083 3
1535 2055 1576 2093 p.
1600 2043 1692 2090 243,

289 2101 610 2153 quemadmodum
642 2103 682 2138 et
708 2099 949 2138 Holsteinius
976 2099 1018 2138 in
1049 2098 1289 2148 Stephanum
1316 2096 1475 2136 monuit-

396 2165 503 2206 lbid.
561 2158 742 2213 Σάγαρα]
772 2177 843 2203 nec
870 2164 973 2203 hanc
1003 2164 1180 2214 expedio.
1236 2162 1474 2213 Sangarum,
1485 2161 1694 2210 Bithyniae

288 2219 415 2258 vicum
447 2219 705 2268 maritimum,
745 2231 824 2257 non
869 2219 989 2270 longe
1029 2220 1078 2256 ab
1107 2217 1337 2267 Helenopoli
1375 2216 1618 2256 sozomenus
1645 2215 1690 2252 fl.

288 2274 334 2311 E.
362 2278 387 2312 7
421 2277 473 2312 18
517 2273 638 2311 fuisse
664 2273 815 2321 refert,
854 2272 932 2311 situ
970 2273 1055 2322 ipso
1083 2272 1242 2310 multum
1281 2270 1370 2308 hinc
1395 2270 1692 2320 discrepantem.

287 2322 490 2376 Σαγάρων
533 2327 736 2377 episcopus
770 2326 951 2365 Andreas
994 2330 1054 2364 est
1090 2324 1130 2363 in
1161 2324 1397 2363 Chalcedon.
1436 2336 1473 2374 p.
1502 2325 1594 2372 574,
1623 2321 1693 2361 sed

290 2380 438 2428 Lydiae
469 2380 712 2419 contributus
742 2384 781 2418 et
807 2374 999 2416 Σατάλων
1026 2392 1063 2430 p.
1089 2383 1172 2418 399
1201 2378 1332 2416 verius
1361 2376 1604 2428 appellatus:
1634 2375 1694 2414 ni-

290 2433 346 2472 hil
375 2446 473 2485 ergo
505 2439 545 2472 et
571 2435 606 2473 is
634 2433 773 2473 auxilii
803 2434 916 2472 feret.
972 2437 1097 2472 restat
1115 2432 1347 2471 Cleodemus
1367 2430 1583 2470 Flavianus
1611 2428 1692 2466 Σα-

286 2486 483 2536 γαραίτης
512 2499 564 2527 ex
593 2487 831 2527 Reinesiana
861 2487 909 2526 cl.
938 2490 960 2526 1
983 2491 1048 2538 72,
1077 2498 1188 2539 quem
1217 2485 1307 2524 hinc
1334 2484 1458 2524 fuisse
1485 2482 1694 2523 noniniu-

288 2545 350 2579 sta
377 2541 549 2591 suspicio
579 2545 650 2581 est.

395 2614 500 2656 lbid.
551 2613 775 2665 Ἀδριανοῦ
794 2615 940 2667 θῆραι]
971 2615 1026 2654 sic
1044 2615 1238 2666 oportuit:
1273 2613 1455 2665 oppidum
1487 2611 1586 2652 enim
1613 2611 1692 2650 lla-
