1780 3132
272 156 342 196 DE
379 150 825 192 ADMlNlSTRANDO
867 153 1092 193 IMPERIO
1141 151 1258 193 CAP.
1299 155 1365 197 29.
1470 147 1559 191 127

123 250 452 311 npoaansxa'ivvv
483 253 528 292 ἐκ
560 252 642 291 τῶν
670 248 801 291 ἐκεῖσε
828 251 902 291 καί
929 250 1032 305 πρὸς
1060 249 1134 304 τὴν
1160 252 1408 306 κλεισοῦραν
1424 248 1563 304 ἀπήρ-

122 336 248 377 χοντο
290 317 364 372 τὴν
401 313 482 358 α’πὸ
528 318 602 358 τοῦ
647 315 780 358 αυ’τοῦ
817 317 999 370 κὰστρου
1029 316 1304 369 ὑπάρχουσαν
1324 319 1444 369 μι’λια
1473 319 1564 357 τέσ-

124 402 260 441 σαρα·
289 383 375 440 ἥτις
408 386 480 424 καί
505 386 634 436 μέχρι
675 383 752 422 τοῦ
781 383 854 423 νῦν
888 386 1075 424 καλεῖται
1102 384 1263 424 Κλεῖσα
1292 381 1361 423 διὰ
1388 380 1433 423 τὸ
1461 397 1561 434 συγ-

123 454 273 496 κλείειν
302 450 398 498 τοὺς
428 451 720 502 διερχομένους
748 448 923 489 ἐκεῖθεν.
980 449 1052 489 καί
1078 449 1123 490 ἐκ
1150 451 1232 490 τῶν
1264 451 1394 490 ἐκεῖσε
1423 447 1596 501 riurjo-p
1619 459 1663 493 87

91 523 247 574 ὄχοντο
265 515 366 571 πρὸς
387 514 457 556 τὸν
481 512 679 566 ποταμόν.
737 512 782 554 τὸ
807 509 881 555 οὖν
899 517 1081 556 τοιοῦτον
1103 512 1298 568 ἅλλάγιον
1315 515 1386 556 ε’πί
1402 519 1564 563 πολλοῖς

123 582 336 639 γινόμενον
347 584 523 636 χρόνοις,
542 578 576 621 οἱ
598 582 755 622 ἐκεῖθεν
776 588 851 621 τοῦ
872 583 1064 632 ποταμοῦ
1084 580 1279 635 Σκλάβοι,
1301 579 1337 622 οὶ
1357 575 1566 631 καῖ”Αβω

126 666 188 702 ροι
230 647 500 701 καλούμενοι,
538 649 634 686 καθ’
679 642 854 695 ἑαυτούς
884 647 1117 702 ἐσκόπησαν
1144 650 1328 701 λέγοντες
1354 644 1417 689 ὅτι
1448 641 1564 688 οὗτοι

127 714 166 757 οἱ
187 715 410 768 Ῥωμᾶνοι,
441 711 533 754 έπεί
562 713 772 766 ἐπέρασαν
802 711 874 753 καί
900 706 1024 767 εὗρον
1053 716 1248 768 πραῖδαν,
1286 713 1366 753 α’πὸ
1392 715 1466 755 τοῦ
1493 714 1566 755 νῦν

126 784 222 822 καθ’
253 781 368 835 ἡμῶν
396 780 446 820 οὕ
472 778 706 819 παύσονται
736 779 1041 833 διαπερῶν-τες·
1082 778 1154 820 καί
1183 779 1253 820 διὰ
1282 782 1401 822 τοῦτο
1428 796 1568 833 μηχα-

72 847 339 901 1ονησόμεθα
379 847 464 886 κατ’
505 841 657 885 miram
725 840 856 893 οὕτως
898 840 971 886 οὖν
1010 841 1046 886 οἱ
1094 843 1274 898 Σκλάβοι
1314 845 1352 888 οἱ
1381 841 1568 900 ”Αβαροι

123 911 467 968 βουλευσάμενοι,
501 914 572 951 καί
601 909 946 964 διαπερασάντων
975 913 1072 952 ποτὲ
1095 915 1177 953 τῶν
1199 911 1423 964 Ῥωμάνων
1450 912 1568 967 ποιή-

125 995 268 1027 σαντες
303 971 418 1020 οὗτοι
439 975 714 1030 έγκρύμματα
743 979 814 1018 καί
835 977 1144 1031 πολεμήσαντες
1173 979 1364 1033 ἐνίκησαν
1398 975 1568 1030 αὐτούς.

125 1047 197 1087 καί
223 1043 527 1098 α’ναλαβόμενοι
566 1041 615 1084 τά
655 1058 699 1084 τε
736 1040 856 1083 ’ὅπλα
900 1045 1039 1084 αὐτῶν
1068 1043 1141 1084 καὶ
1167 1043 1219 1085 τὰ
1247 1044 1473 1100 φλάμουλα
1503 1048 1574 1087 καὶ

101 1111 175 1161 ,τὰ
208 1109 337 1153 λοιποὶ
371 1108 574 1161 πολεμικοὶ
619 1115 792 1164 σημεῖα,
834 1109 1162 1161 διαπεράσαντες
1204 1109 1244 1152 οῖ
1280 1116 1573 1165 προειρημένοι

70 1185 112 1219 15
128 1179 306 1230 Σκλάβοι
343 1175 415 1219 τὸν
462 1174 648 1229 ποταμὸν
690 1171 818 1228 ἦλθον
860 1177 920 1223 εἰς
959 1175 1035 1228 τήν
1073 1178 1335 1231 κλεισοῦραν.
1393 1179 1465 1226 οὒς
1502 1181 1576 1221 καί

125 1244 275 1292 ἰδόντες
305 1240 343 1284 οἱ
371 1244 503 1285 ἐκεῖσε
530 1238 638 1291 ὄντες
660 1240 879 1296 Ῥωμᾶνοι,
909 1241 1164 1294 θεασάμενοι
1192 1244 1238 1284 δὲ
1269 1243 1320 1286 τὰ
1346 1243 1571 1300 φλάμουλα

124 1310 199 1350 καί
221 1307 294 1364 τὴν
321 1308 526 1359 ἐξόπλισιν
551 1309 634 1349 τῶν
664 1306 888 1363 ὁμοφύλων
918 1307 1079 1363 αὐτῶν,
1106 1308 1204 1358 τούς
1237 1312 1377 1353 αὕτῶν
1408 1311 1572 1367 ὁμοφύ-

73 1393 79 1403 ·
125 1379 223 1425 λους
253 1370 360 1417 εἶναι
386 1378 646 1429 νομίσαντες,
689 1374 807 1427 ἡνίκα
837 1377 1065 1428 κατέλαβον
1094 1373 1133 1416 οἱ
1162 1377 1342 1430 Σκλάβοι
1374 1377 1413 1419 οἱ
1442 1394 1570 1432 προρ-

126 1443 323 1496 ρηθέντες
356 1442 415 1490 εἷς
449 1439 524 1495 τὴν
553 1441 824 1494 κλεισοῦραν,
862 1442 1169 1496 παρεχώρησαν
1199 1445 1344 1492 αὐτοῖς
1377 1446 1570 1487 διελθεῖν.

68 1515 115 1550 20
128 1505 361 1557 διελθόντες
394 1508 439 1549 δὲ
468 1505 601 1554 εόθιῖς
645 1506 1002 1560 τοὺςῬωμάνους
1033 1504 1147 1550 οὗτοι
1176 1507 1381 1565 ἐξήλασαν
1408 1515 1480 1553 καί
1497 1510 1572 1567 τήν

125 1575 302 1615 §azam
344 1572 391 1615 τὸ
425 1574 722 1627 προειρημένον
764 1572 942 1626 κάστρον
983 1573 1226 1629 ἐκράτησαν.
1284 1579 1356 1618 καί
1383 1577 1573 1631 κατοική,

125 1655 273 1689 σαντες
300 1642 432 1683 ἐκεῖσε
462 1638 601 1681 ἔκτοτε
634 1638 735 1679 κατὰ
765 1639 917 1693 μικρὸν
945 1639 1170 1693 ἀρξάμενοι
1203 1642 1449 1695 πραιδεύειν
1476 1643 1576 1693 τούς

121 1702 365 1759 Ῥωμᾶνους
393 1706 491 1756 τούς
519 1708 579 1755 εἰς
602 1705 699 1755 τούς
726 1706 917 1759 κάμπους
944 1707 1018 1750 καὶ
1042 1711 1102 1758 εἰς
1129 1708 1181 1751 τοὶ
1207 1708 1448 1766 ὑψηλότερα
1469 1713 1576 1765 μέρη

225 1858 266 1890 11
293 1855 590 1904 διαπεράσαντές
612 1868 700 1892 ποτε
716 1855 940 1904 οἶῬωμάνοι
958 1858 1141 1901 ἐποίησαν
1165 1851 1266 1894 οὗτοι
1290 1860 1486 1907 ἔγκρυμμα
1508 1861 1546 1894 Μ

130 1987 230 2021 milia
269 1997 435 2031 passuum
475 1985 518 2019 ab
554 1986 630 2030 ipsa
657 1985 744 2018 urbe
774 1986 902 2018 Salona
933 1986 1147 2027 distantem,
1180 1999 1273 2031 quae
1301 1989 1334 2020 in
1363 1988 1575 2023 hodiernum

130 2044 244 2080 usque
269 2034 364 2067 diem
388 2034 482 2067 Clisa
509 2038 747 2078 nuncupatur,
772 2032 868 2076 quod
895 2033 978 2066 illac
1002 2040 1270 2078 praetereuntes
1299 2037 1399 2080 quasi
1429 2037 1577 2069 conclu·
1624 2048 1628 2053 ·

131 2081 205 2120 dat,
234 2087 341 2126 atque
368 2080 454 2114 inde
483 2080 527 2112 ad
553 2080 682 2113 flumen
707 2080 1036 2124 proficiscebantur.
1089 2081 1154 2113 hac
1181 2082 1289 2125 igitur
1312 2084 1577 2127 permutatione

131 2129 252 2162 multis
279 2128 383 2162 annis
411 2127 516 2168 facta,
545 2127 661 2160 Sclavi
688 2129 749 2172 qui
776 2133 872 2160 trans
898 2128 1029 2160 flumen
1054 2127 1290 2168 habitabant,
1318 2131 1380 2175 qui
1407 2136 1443 2163 et
1467 2130 1578 2163 Abari

132 2175 232 2214 dicti,
261 2187 296 2208 re
322 2174 546 2208 considerata
572 2174 742 2207 dixerunt
767 2175 862 2207 inter
886 2186 962 2207 sese
983 2174 1155 2208 “Romani
1193 2175 1230 2208 hi
1258 2187 1300 2209 ex
1326 2188 1398 2221 quo
1425 2178 1578 2221 primum

129 2223 353 2256 traiecerunt
376 2222 620 2267 praedamque
652 2223 746 2254 nacti
773 2227 877 2261 sunt,
903 2233 1084 2266 nunquam
1111 2223 1273 2256 traiicere
1298 2223 1483 2264 desinent3
1508 2225 1579 2257 ita-

132 2280 202 2315 que
219 2268 360 2315 aliquid
379 2275 502 2302 contra
519 2268 796 2302 machinemur.”
857 2268 922 2301 hoc
942 2270 1049 2311 igitur
1068 2270 1216 2302 consilio
1233 2270 1346 2304 Sclavi
1367 2272 1438 2303 sive
1459 2271 1578 2311 Abari,

131 2327 210 2350 cum
237 2316 384 2349 Romani
412 2316 608 2362 aliquando
634 2316 766 2348 flumen
792 2316 1079 2356 transmisissent,
1103 2317 1228 2360 positis
1257 2317 1395 2351 insidiis
1413 2319 1496 2351 illos
1513 2318 1578 2351 ad-

132 2364 202 2397 orti
237 2369 489 2408 oppugnarunt
522 2364 781 2407 viceruntque;
816 2374 855 2395 ac
890 2363 1039 2407 sumptis
1079 2373 1198 2396 eorum
1238 2365 1342 2397 armis
1374 2366 1518 2398 vexillis
1542 2371 1580 2399 et

132 2410 281 2454 reliquis
306 2410 413 2454 signis
440 2410 593 2448 bellicis,
618 2410 767 2443 traiecto
794 2409 967 2453 praedicti
997 2409 1112 2442 sclavi
1141 2410 1288 2444 flumine
1311 2411 1356 2444 ad
1382 2413 1578 2446 clausuram

131 2467 274 2491 venere.
324 2468 415 2502 quos
449 2457 510 2490 ubi
548 2457 713 2490 viderunt
738 2457 887 2489 Romani
914 2457 974 2502 qui
1001 2457 1077 2490 illic
1101 2457 1270 2491 excubias
1294 2458 1468 2501 agebant,
1492 2470 1580 2493 con-

133 2504 264 2549 spectis
294 2503 436 2537 vexillis
465 2509 501 2537 et
526 2510 699 2538 armatura
725 2504 910 2547 gentilium
936 2514 1090 2543 suorum,
1130 2505 1282 2548 gentiles
1307 2516 1368 2538 eos
1393 2517 1470 2539 esse
1497 2517 1579 2540 suos

134 2550 323 2590 arbitrati,
353 2562 431 2583 cum
461 2551 506 2584 ad
531 2551 729 2584 clausuram
765 2550 917 2595 praefati
953 2550 1067 2583 Sclavi
1102 2552 1356 2593 accessissent,
1390 2555 1579 2587 transitum

135 2598 210 2631 inis
227 2598 479 2642 permiserunt.
530 2598 590 2630 sed
615 2599 809 2631 intromissi
830 2599 1005 2630 Romanos
1029 2597 1160 2643 oppido
1185 2601 1412 2644 expulerunt,
1438 2612 1578 2633 necnon

136 2645 241 2678 etiam
270 2644 451 2678 laudatam
484 2645 607 2677 urbem
631 2645 796 2679 Salonam
830 2650 1073 2690 occuparunt3
1108 2645 1232 2690 ibique
1269 2646 1412 2679 sedibus
1451 2648 1579 2691 positis

135 2691 310 2735 paulatim
336 2702 378 2724 ex
403 2703 444 2724 eo
470 2696 630 2736 tempore
656 2692 869 2736 incipientes
904 2691 1065 2736 praedari
1092 2693 1267 2726 Romanos
1305 2694 1342 2726 in
1378 2695 1510 2739 campis
1542 2699 1579 2727 et

137 2738 175 2771 in
201 2738 287 2771 locis
313 2737 526 2772 editioribus
552 2739 759 2773 habitantes
784 2737 1004 2781 deleverunt,
1030 2750 1223 2785 eorumque
1251 2741 1329 2774 loca
1357 2742 1575 2774 invaserunt.
