1780 3132
184 162 239 218 lN
281 157 635 199 CONSTANTINI
661 156 857 198 PORPH.
884 157 983 196 Lm.
1010 155 1081 194 DE
1106 150 1236 194 ΑΒΜ.
1263 153 1371 192 ΙΜΡ.
1412 146 1506 192 335

72 275 189 317 huius
211 274 341 326 Pipini
381 286 468 314 cum
504 272 669 314 Venetis
709 272 820 313 exitu
858 270 963 311 varii
1001 269 1120 310 varia
1157 266 1445 321 prodiderunt,
1471 269 1512 306 et

77 329 315 384 praesertim
343 328 486 368 Veneti
525 328 743 379 scriptores
784 339 870 366 cum
899 325 972 366 alii
1013 330 1095 365 tum
1130 322 1339 364 Dandulus
1365 322 1392 362 l.
1421 322 1451 361 l.
1471 335 1511 374 p.

77 387 160 426 158
183 385 229 424 B.
258 383 324 436 qui
353 384 442 423 falli
473 383 646 423 ostendit
675 383 753 422 scri
785 387 911 425 torem
941 381 1143 421 indoctum
1169 378 1297 419 libelli
1321 377 1386 417 cui
1413 377 1514 417 titu-

74 441 139 481 lus
181 441 386 493 squitz'nio
414 437 532 479 della
563 436 721 478 liberta
788 440 913 477 eneta
931 467 941 487 ‚
971 448 1058 475 cum
1089 435 1148 475 ait
1175 434 1421 474 recentiores
1448 445 1514 472 re-

76 507 163 536 rum
194 496 438 535 Venetarum
468 493 686 545 scriptores
715 497 869 533 tantum
900 491 1010 542 belli,
1035 490 1140 543 quod
1169 493 1312 529 contra
1339 488 1516 529 Venetos

77 550 240 604 Pipinus
269 549 408 603 gessit,
436 561 461 589 a
482 553 597 601 parte
609 549 852 589 Venetorum
881 545 1041 586 stetisse
1067 545 1277 585 victoriam
1307 555 1516 593 asserere;

81 605 228 660 quippe
253 605 437 644 Andreas
465 604 672 643 Dandulus
700 607 843 656 quarto
873 602 1023 641 decimo
1043 601 1180 640 seculo
1205 599 1389 652 florebat,
1415 611 1518 639 unus

81 673 134 702 ex
161 660 300 713 primis
326 672 459 699 rerum
474 659 718 699 Venetorum
745 657 1022 710 scriptoribus,
1051 655 1116 696 vir
1143 655 1295 708 probus
1326 659 1366 694 et
1388 654 1519 695 literis

80 720 122 756 et
147 715 270 756 armis
307 715 566 767 conspicuus,
605 714 663 754 uti
702 717 876 753 testatur
912 711 1151 752 Franciscus
1188 709 1422 760 Petrarcha,
1453 710 1521 762 qui

81 771 219 811 eodem
249 782 349 810 aevo
377 769 560 818 florebat,
587 768 629 808 in
659 768 744 808 suis
772 767 953 820 epistolis
988 779 1075 807 cum
1102 766 1218 806 editis
1238 770 1321 805 tum
1346 765 1520 815 ineditis,

81 838 184 880 quae
201 825 243 866 in
259 824 503 879 bibliotheca
512 823 644 876 Regia
668 828 708 863 et
728 823 963 864 Colbertina
980 826 1270 870 asservantur3
1302 833 1353 861 ex
1380 820 1522 873 quibus

83 893 183 922 sane
210 892 328 933 quam
356 879 549 932 plurimas
577 879 704 919 eidem
729 878 914 919 Dandulo
943 876 1167 918 Petrarcha
1194 876 1502 929 conscripserat.

186 947 335 998 125,2.
395 940 583 994 διβάρια]
613 945 811 985 Meursius
838 957 913 996 pro
932 939 1104 993 ὃιβάρια
1126 938 1269 992 διάρια
1300 942 1414 996 legit,
1442 954 1524 983 non

85 1001 285 1054 probante
314 1001 523 1053 Ducangio
553 1001 596 1040 in
626 1000 692 1041 Gl.
729 999 916 1040 fortassis
952 999 1149 1053 quispiam
1174 998 1332 1051 putabit
1358 997 1423 1038 hic
1449 1009 1523 1050 pro

84 1054 272 1098 Dibaria
300 1055 514 1110 legendum
542 1068 632 1096 esse
654 1054 845 1097 Divalia.

153 1131 156 1135 ’
190 1119 301 1164 Ibid.
321 1125 362 1162 ⁷.
418 1116 594 1172 ἐγεγόνει
625 1119 671 1160 δὲ
702 1117 724 1158 ὅ
754 1119 914 1171 πρῶτος
943 1114 1043 1166 δοὺξ
1073 1117 1117 1158 ἔν
1145 1116 1305 1166 αὐτοῖς]
1335 1117 1385 1157 de
1411 1117 1526 1158 insti-

82 1177 237 1218 tutione
262 1177 382 1230 primi
411 1177 523 1217 ducis
551 1177 811 1217 venetiarum
838 1175 1049 1215 Dandulus
1075 1174 1104 1214 1.
1133 1175 1161 1214 l.
1189 1187 1228 1226 p.
1257 1177 1337 1214 127
1366 1171 1415 1213 A.

189 1242 299 1286 Ibid.
329 1247 396 1283 11.
467 1240 526 1288 εἷς
568 1238 707 1293 ἕτερον
742 1241 898 1293 νησίον]
938 1245 1032 1281 tunc
1066 1241 1210 1281 Veneti
1249 1240 1528 1280 Mathemauco

85 1299 186 1340 urbe
212 1299 361 1339 relicta
386 1298 438 1338 ad
466 1298 696 1338 Rivoaltum
737 1300 960 1347 venerunt,
994 1300 1039 1336 ut
1066 1296 1207 1336 scribit
1234 1296 1446 1336 Dandulus
1475 1294 1528 1335 ad

83 1367 230 1395 annum
260 1353 412 1394 Christi
438 1356 535 1394 809.

194 1419 304 1462 Ibid.
335 1424 400 1460 16.
472 1416 740 1469 Δελμὰτιας]
783 1419 875 1460 aliis
922 1418 1113 1459 scribitur
1140 1416 1365 1459 Dalmatia
1394 1429 1467 1469 per
1495 1416 1531 1456 A

84 1477 127 1518 in
156 1477 315 1529 prima;
341 1479 383 1516 at
403 1473 624 1516 Delmatia
651 1474 902 1514 scribendum
930 1474 1046 1513 docet
1074 1472 1310 1514 Cassiodori
1338 1472 1529 1525 Geogra-

84 1532 201 1585 phia,
237 1533 331 1572 item
372 1543 552 1570 nummus
580 1530 642 1570 101.
675 1529 862 1570 Delmatii
901 1528 1157 1582 imperatoris
1184 1529 1261 1568 hoc
1286 1532 1420 1568 tractu
1448 1528 1528 1567 ori-

84 1587 206 1638 undi,
245 1598 361 1639 quem
397 1585 581 1625 historici
620 1597 757 1625 omnes
799 1597 872 1637 per
898 1584 935 1624 A
960 1585 1001 1624 in
1027 1584 1158 1637 prima
1185 1583 1379 1633 scribunt,
1408 1585 1527 1623 male.

84 1642 143 1683 sic
166 1642 359 1682 vortelius.
425 1641 536 1681 cuius
582 1641 739 1693 quidem
775 1639 999 1680 sententiae
1044 1639 1292 1692 suffragatur
1319 1643 1434 1678 vetus
1464 1640 1529 1679 in-

82 1696 248 1750 scriptio
277 1696 477 1737 Patavina
505 1696 611 1748 apud
641 1696 865 1735 Sertorium
892 1696 1077 1736 Ursatum
1107 1695 1149 1734 in
1176 1695 1352 1735 Monum.
1382 1695 1529 1734 Patav-

86 1766 124 1805 p.
155 1756 250 1792 270.
306 1763 447 1792 verum
474 1749 698 1792 Dalmatia
738 1755 778 1790 et
818 1749 1038 1791 Delmatia
1079 1750 1226 1790 dicitur
1266 1749 1532 1801 scriptoribus

87 1820 174 1847 cum
203 1807 372 1847 Graecis
400 1810 483 1846 tum
496 1805 664 1847 Latinis.
723 1806 817 1846 vide
848 1810 966 1845 notas
988 1805 1185 1845 Holstenii
1213 1804 1255 1844 in
1284 1803 1534 1857 Stephanum

86 1862 339 1912 Byzantium,
368 1861 565 1902 Velleium
578 1861 760 1914 Longum
790 1861 840 1899 de
855 1860 1171 1912 0rthographia,
1199 1864 1240 1899 et
1270 1860 1534 1900 Laurentium

86 1917 322 1971 Pignorium
351 1917 394 1957 in
419 1920 627 1957 comment.
653 1917 705 1957 ad
732 1915 939 1956 laudatam
965 1915 1266 1968 inscriptionem
1294 1915 1532 1956 patavinam

197 2022 307 2070 Ibid,
335 2031 402 2068 17.
469 2022 550 2064 αἠὁ
592 2025 665 2078 τῆς
699 2022 862 2077 Ῥώμης
902 2022 1021 2076 λαὸν]
1054 2026 1324 2066 Romanorum
1354 2025 1535 2069 colonias

89 2083 132 2124 in
158 2082 399 2124 Dalmatiam
429 2086 524 2122 ante
553 2082 850 2123 Diocletianum
882 2081 942 2120 rei
983 2080 1167 2133 publicae
1203 2082 1409 2121 Romanae
1436 2085 1535 2121 tem-

90 2151 191 2191 pore
219 2138 414 2178 deductas
443 2141 556 2190 patet
582 2149 669 2177 cum
699 2149 751 2178 ex
778 2136 1044 2189 scriptoribus
1072 2140 1153 2176 tum
1184 2148 1236 2177 ex
1262 2135 1536 2189 inscriptioni-

92 2194 166 2234 bus
195 2193 370 2246 antiquis
402 2205 451 2232 ac
481 2193 574 2233 aliis
592 2192 868 2244 monumentis,
897 2203 1000 2244 quae
1027 2192 1069 2231 in
1081 2191 1284 2231 Dalmatia
1313 2191 1444 2231 adhuc
1468 2205 1536 2232 su-

89 2253 270 2302 persunt.
326 2248 419 2288 vide
445 2249 611 2289 Lucium
639 2248 688 2287 de
722 2260 852 2301 regno
882 2247 1111 2288 Dalmatiae
1138 2259 1186 2286 ac
1213 2246 1404 2287 Croatiae
1434 2247 1463 2286 1.
1496 2252 1535 2287 1.

198 2312 308 2355 Ibid.
327 2318 394 2353 20.
452 2309 606 2364 ταύτην
632 2313 760 2363 μέχρι
786 2312 861 2363 τῆς
887 2308 1085 2364 σήμερον]
1115 2313 1337 2365 Dalmatas,
1365 2313 1470 2353 Sicut
1496 2318 1539 2353 et

90 2373 249 2409 ceteros
278 2369 436 2421 imperii
467 2370 638 2410 Romani
678 2367 976 2421 provinciales,
1013 2367 1064 2408 ab
1102 2368 1201 2420 ipsis
1241 2369 1441 2420 barbaris,
1470 2369 1538 2423 qui

91 2425 299 2477 imperium
325 2429 583 2476 occuparunt,
611 2425 815 2464 Romanos
845 2424 973 2463 dictos
1002 2427 1174 2475 constat,
1202 2425 1441 2476 praesertim
1470 2424 1538 2464 ubi

89 2479 251 2520 sedibus
279 2479 371 2519 fixis
397 2480 601 2519 Romanos
629 2479 899 2519 conterminos
936 2478 1163 2519 habebant:
1192 2492 1285 2519 nam
1312 2480 1424 2532 ipsos
1456 2492 1538 2519 non

92 2535 258 2587 speciali
285 2534 519 2587 provinciae
546 2534 704 2574 nomine
747 2534 816 2573 sed
860 2534 1045 2587 generali
1082 2535 1353 2575 Romanorum
1384 2548 1538 2574 nuncu-

90 2590 264 2642 pabant3
291 2602 372 2643 qua
413 2589 570 2643 quidem
606 2593 652 2628 ut
694 2589 908 2642 plurimum
936 2589 1192 2630 distinctione
1232 2594 1418 2630 auctores
1446 2593 1540 2643 post

90 2644 399 2685 declinationem
436 2644 593 2697 imperii
632 2644 694 2684 usi
723 2648 838 2695 sunt,
879 2648 923 2684 ut
962 2657 988 2684 a
1017 2644 1204 2685 barbaris
1244 2646 1540 2699 distinguerent

90 2700 363 2752 provinciales
389 2700 561 2742 Romani
590 2699 771 2754 imperii,
807 2704 852 2740 ut
879 2704 1038 2741 constat
1079 2701 1129 2741 de
1159 2701 1293 2742 Gallis
1327 2706 1367 2741 et
1395 2701 1538 2753 Hispa-
