1780 3132
353 133 407 172 m
448 129 812 172 SYNECDEMUM
851 128 1293 172 COMMENTAmUs.
1425 121 1522 172 489

98 240 259 285 Gallia.
316 247 360 283 at
388 243 524 285 obstat
551 243 714 294 Strabo,
747 245 813 298 qui
832 243 1104 284 Metrodorum
1130 243 1302 285 nondum
1323 241 1429 283 victo
1446 243 1524 284 'ri-

96 308 226 351 grane
265 297 512 340 Mithridatis
556 300 666 340 iussu
703 305 950 352 peremptum
988 299 1184 352 prodidit3
1221 310 1296 338 nec
1337 298 1524 339 dissentit

95 352 332 394 Plutarchus
361 354 402 395 in
431 356 598 395 Lucullo
624 368 664 407 p.
687 357 781 395 580.
839 355 972 407 itaque
1002 367 1090 395 cum
1105 355 1157 396 Is.
1174 354 1341 394 Vossius
1368 353 1410 394 in
1438 366 1523 394 mss

93 408 290 449 Plinianis
323 410 375 449 ad
415 409 615 451 Catullum
645 423 683 463 p.
701 414 753 449 ¹71
784 409 1010 458 invenerit,
1041 414 1081 449 et
1110 413 1202 462 post
1235 421 1323 449 eum
1348 408 1523 451 nardui-

92 475 193 515 nus,
232 475 353 518 quem
395 468 439 506 et
487 476 562 505 res
607 468 650 505 et
689 464 838 506 domus
876 467 1018 518 ipsius
1059 463 1228 505 clarius
1278 475 1402 519 quam
1433 462 1523 505 Ga-

91 517 250 570 tullus,
286 520 326 560 id
354 525 394 560 et
429 532 505 574 ego
533 520 760 573 probavero
778 552 788 572 ,
818 532 889 570 re,
926 525 971 560 ut
996 532 1144 572 saepe,
1171 532 1255 561 rem
1283 520 1523 561 familiarem

91 578 270 615 notante.

202 653 297 700 396,
326 654 366 693 9.
424 647 700 702 Νικομήδεια]
743 651 792 692 de
835 652 1082 693 nobilissima
1120 651 1333 704 metropoli
1368 654 1524 692 tantum

91 703 232 758 dicam,
263 705 371 747 amni
398 705 522 746 fuisse
536 706 772 759 appositam,
793 718 905 760 quem
923 707 1125 761 Phrygem
1141 707 1384 749 Themistius
1408 707 1523 747 Orat.

89 761 146 801 24
170 763 313 813 p.‘3o5
339 766 478 801 vocat:
507 761 829 802 Nicomedienses
857 763 962 803 enim
984 767 1117 816 rogat,
1146 763 1447 804 arbitrenturne
1476 774 1522 802 se

88 814 282 865 ποταμοῦ
308 814 387 854 τοῦ
414 813 580 866 Φρυγὸς
609 815 658 869 τῇ
685 817 980 871 φιλανθρωπίᾳ
1025 819 1076 859 ad
1114 818 1223 871 ipsos
1258 818 1524 871 complecten-

88 869 164 910 dos
190 882 279 911 esse
307 872 547 912 accensum?
601 883 674 911 nec
705 884 843 912 verum
874 878 1007 914 tamen
1033 873 1075 913 id
1101 875 1186 914 eius
1212 873 1338 913 fuisse
1365 885 1523 922 nomen,

86 924 159 966 sed
187 925 360 967 Gallum.
390 926 430 966 id
462 939 513 967 ex
539 926 732 967 Passione
758 926 963 980 Cypriani,
995 940 1114 982 quam
1139 932 1236 968 tom.
1265 931 1293 968 3
1319 927 1522 969 Thesauri

91 979 285 1034 Aneedot.
314 994 353 1033 p.
374 984 481 1023 1648
510 982 572 1022 ed.
593 982 778 1022 Martene
811 984 1042 1035 complexus
1061 989 1135 1033 est,
1164 983 1372 1024 discimus:
1401 982 1523 1024 ducti

86 1037 229 1088 autem
259 1036 318 1078 ad
341 1034 523 1089 fluvium,
553 1039 625 1092 qui
654 1041 837 1078 vocatur
853 1035 1023 1090 Gallus,
1054 1040 1099 1080 in
1118 1037 1423 1080 ‘Nicomediam
1449 1040 1520 1078 ci-

84 1091 272 1143 vitatem,
302 1096 349 1133 ut
374 1091 708 1134 decollarentur.
786 1092 932 1133 Gallus
969 1098 1099 1134 autem
1130 1106 1203 1134 cur
1230 1093 1430 1146 Phrygius
1459 1093 1521 1133 di-

87 1150 215 1199 catur,
248 1160 335 1188 cum
363 1147 485 1188 simili
514 1149 754 1200 cognomine
784 1148 966 1202 Phryges
995 1148 1157 1190 fluvium
1183 1149 1411 1200 habuerint,
1439 1161 1521 1189 non

86 1205 183 1256 eget
211 1203 425 1243 verborum
450 1203 612 1244 ambitu.

194 1277 303 1321 [bid.
362 1279 584 1330 Πρίνετος]
611 1277 821 1331 Πρὲνετος
850 1280 1009 1321 Socrati
1042 1281 1090 1321 Η.
1121 1281 1168 1321 Ε.
1198 1285 1226 1321 6
1256 1285 1319 1332 16,
1347 1280 1414 1321 ubi
1441 1292 1523 1320 em-

83 1335 241 1387 porium
269 1347 323 1376 ex
349 1336 523 1376 adverso
538 1336 792 1376 Nicomediae
814 1335 933 1376 situm
961 1337 1218 1388 perhibetur3
1245 1342 1367 1390 atque
1394 1335 1451 1376 ihi
1479 1336 1523 1376 in

84 1390 245 1432 Tabula
272 1391 517 1444 Peutingera
544 1391 599 1431 Μ.
628 1391 670 1431 Ρ.
691 1394 745 1431 28
771 1403 796 1431 a
824 1391 973 1432 Nicaea
1004 1391 1258 1443 conspicitur.
1316 1391 1408 1431 vide
1437 1391 1521 1431 Va-

81 1445 224 1486 lesium
255 1445 299 1486 in
328 1458 414 1487 eum
442 1445 627 1487 Socratis
654 1446 798 1486 locum.
872 1441 920 1483 τὰ
951 1442 1052 1484 κατὰ
1084 1444 1322 1497 Πραίνετον
1346 1444 1418 1496 τῆς
1445 1445 1522 1483 Βι-

80 1496 233 1547 θυνίας
261 1497 432 1551 οἶγρίδια
460 1501 668 1542 Palladius
696 1501 775 1541 Vit.
797 1499 1074 1550 Chrysostomi
1107 1515 1144 1553 p.
1164 1503 1231 1541 75.
1260 1500 1519 1541 continuator

81 1554 355 1608 Theophanis.
385 1556 495 1597 cuius
523 1556 650 1597 verba
677 1556 894 1608 exscripsit
927 1557 976 1597 A.
1012 1557 1165 1610 Pagius
1196 1556 1239 1596 in
1271 1555 1406 1596 Critic.
1439 1557 1518 1596 An.

79 1613 163 1651 960
188 1613 228 1662 5,
257 1611 395 1652 urbem
424 1624 567 1652 nomen
592 1611 635 1652 id
660 1612 865 1664 indeptam
893 1612 1081 1652 adfirmat
1108 1625 1135 1652 a
1162 1613 1359 1652 Praeneto
1376 1611 1518 1661 Bithy-

79 1677 222 1706 norum
250 1667 450 1718 quondam
476 1666 645 1708 tutelari
674 1667 763 1708 deo.

189 1729 304 1772 Ibid.
355 1726 624 1783 Ἑλενόπολις]
655 1732 826 1772 Preneto
858 1732 1032 1772 vicinam
1061 1730 1293 1784 Stephanus
1327 1731 1369 1771 in
1398 1725 1520 1781 Πρό-

78 1797 218 1831 νεκτος
245 1786 365 1827 facit:
393 1799 522 1840 neque
552 1787 655 1826 enim
684 1788 845 1827 aliaest
875 1787 960 1827 eius
980 1788 1181 1839 Drepane,
1207 1791 1252 1826 ut
1280 1798 1332 1827 ex
1348 1786 1521 1827 Socrate

79 1840 126 1882 Η.
156 1840 205 1881 Ε.
238 1845 261 1881 1
295 1845 348 1882 18
375 1846 546 1883 constat.
605 1842 793 1894 apposita
822 1842 900 1882 fuit
929 1841 1051 1883 fluvio
1070 1842 1247 1882 Draconi
1277 1841 1521 1882 aConstan-

76 1895 163 1936 tino
189 1897 245 1947 M,
272 1909 380 1936 novo
422 1897 580 1937 nomine
608 1897 800 1937 decorata
835 1898 879 1937 in
916 1897 1058 1937 matris
1095 1897 1300 1946 honorem,
1332 1908 1435 1949 quae
1462 1896 1519 1937 ibi

76 1954 177 1992 nata
206 1952 432 2003 ferebatur,
459 1952 567 2004 apud
595 1952 832 2005 Procopium
861 1952 981 1992 Fabr.
1011 1953 1149 1992 lustin.
1172 1954 1202 1992 5
1230 1955 1268 1991 2.
1339 1952 1520 1992 Helenae

77 2005 412 2047 instaurationem
443 2008 623 2048 tribuunt
645 2006 748 2047 Acta
766 2007 810 2047 S.
839 2007 1005 2048 Luciani
1041 2020 1074 2047 c.
1104 2010 1155 2048 5:
1183 2010 1338 2060 postea
1363 2011 1519 2057 autem,

77 2060 271 2115 inquiunt,
299 2073 408 2117 quae
434 2061 558 2103 nobis
598 2062 837 2104 salutarem
865 2061 1021 2103 domini
1049 2065 1244 2103 restituit
1271 2074 1446 2103 crucem
1473 2065 1519 2103 et

77 2125 268 2170 maynum
301 2119 417 2158 inter
461 2117 613 2159 claros
649 2120 937 2171 imperatores
971 2120 1120 2171 ,qenuit
1161 2115 1487 2159 Constantinum
1503 2149 1514 2169 ‚

75 2172 320 2214 veneranda
349 2171 529 2226 Helena,
563 2173 730 2228 quando
768 2171 1069 2214 revertebatur
1092 2171 1423 2226 Hierosolymis,
1453 2172 1518 2214 lo-

77 2238 174 2268 cum
201 2226 419 2269 honorans
447 2231 492 2269 in
510 2241 560 2270 eo
590 2228 783 2270 condidit
812 2230 1044 2277 civitatem,
1074 2230 1410 2282 convocatisque
1440 2227 1516 2269 ha-

77 2279 338 2324 bitatoribus
370 2295 430 2324 εει·
461 2286 521 2325 iis
551 2296 660 2338 quae
683 2286 850 2325 circum
877 2286 1003 2324 circa
1031 2288 1158 2325 erant
1187 2282 1444 2337 ropionibus,
1473 2287 1517 2324 et

74 2334 247 2388 effectis
278 2337 482 2392 operibus
509 2338 710 2392 publicis,
740 2338 900 2380 validis
929 2351 1023 2380 eam
1052 2341 1197 2381 cinxit
1224 2337 1443 2380 moenibus
1472 2342 1517 2379 et

75 2392 275 2446 templum
300 2396 482 2447 martyri
510 2392 817 2446 exaedificavit
846 2397 1090 2436 maximum.
1144 2395 1295 2436 similia
1323 2395 1439 2447 leges
1468 2394 1511 2434 in

75 2447 337 2502 Philostorgii
362 2450 410 2490 Η.
429 2450 476 2490 Ε.
507 2454 534 2489 2
559 2454 634 2499 133
665 2449 731 2502 qui
762 2462 862 2490 sane
888 2448 1113 2503 propterea
1133 2451 1415 2491 coercitionem
1430 2449 1515 2489 Go-

74 2501 251 2545 thofredi
277 2517 359 2544 non
388 2510 611 2546 meruerat:
639 2517 767 2558 neque
805 2505 908 2546 enim
935 2506 1047 2546 aliud
1075 2506 1209 2546 dicere
1238 2506 1367 2546 voluit
1394 2517 1514 2558 quam

73 2557 227 2599 Helena
253 2564 418 2600 auctore
450 2573 499 2600 ae
528 2560 721 2600 suadente
734 2560 951 2612 Drepanen
972 2560 1277 2602 aConstantino
1306 2561 1431 2600 fuisse
1461 2572 1514 2600 ex

73 2612 164 2653 vico
190 2613 233 2654 in
262 2615 401 2655 urbem
425 2618 722 2656 commutatam.
781 2620 949 2667 propter
976 2617 1114 2657 urbem
1143 2621 1261 2657 erant
1292 2615 1514 2656 calidarum

73 2679 268 2723 aquarum
304 2670 487 2723 balinea,
527 2670 581 2712 ad
607 2682 710 2725 quae
748 2669 1037 2714 Constantinus
1074 2672 1147 2714 sub
1179 2675 1362 2713 extrema
1401 2670 1513 2713 vitae
