1780 3132
483 173 558 216 DE
592 173 954 218 THEMATIBUS
986 173 1090 217 ΠΒ.
1123 173 1158 218 1.
1360 151 1363 155 ’
1491 173 1550 219 19

94 285 235 345 σάρεια
251 286 278 342 ἥ
297 303 339 329 τε
353 285 562 331 Κολώνεια
581 289 646 330 καὶ
665 286 916 343 ἦΜελιτηνὴ
937 284 1131 342 σύμπασα
1151 286 1424 330 Καππαδοκία
1445 287 1552 342 λέγε-

92 373 174 399 ται.
242 355 326 398 ἔστι
357 357 401 399 δὲ
427 357 473 399 τὸ
501 355 630 411 ὄνομα
658 355 884 414 Περσικόν·
924 357 1092 414 Πέρσης
1117 355 1194 413 γάρ
1217 374 1277 407 τις
1299 356 1402 413 ἀνὴρ
1425 379 1485 386 -ν
1508 357 1549 397 ἐν
1573 364 1601 397 Ρ
1625 366 1648 399 6

95 424 267 482 κυνηγίῳ
297 424 536 481 Ἀρταξέρξῃ
566 429 625 482 τῷ
647 429 829 479 βασιλεῖ’,
878 423 905 478 ἢ
939 425 1012 467 οὔκ
1049 423 1140 467 οἶδα
1168 424 1278 482 ἄλλῳ
1309 426 1408 475 τινί,
1454 424 1553 466 λέων

94 492 434 549 προσαπαντήσας
456 498 527 535 τοῦ
544 494 671 535 ἵππου
694 498 766 536 τοῦ
785 493 984 546 βασιλέως
1003 491 1222 549 ἐδράξατο·
1267 495 1333 535 καὶ
1355 491 1458 535 κατὰ
1481 490 1553 534 τύ-

60 572 84 607 5
89 577 170 616 χην
187 559 367 618 εὑρεθεὶς
384 559 405 604 ὃ
427 562 592 618 Πέρσης
615 562 656 603 ἔν
675 567 734 619 τῷ
753 566 826 604 τοῦ
850 561 982 618 θηρὸς
1000 561 1295 616 συναντήματι,
1322 561 1392 603 τὸν
1412 558 1555 603 ἀκινά-

92 647 168 684 κην
189 628 446 684 σπασάμενος
467 628 666 687 ἐρρύσατο
688 631 757 672 τὸν
780 630 951 683 βασιλέα
972 630 1083 686 παρὰ
1103 630 1248 687 μικρὸν
1277 627 1556 672 κινδυνεύοντα

93 699 162 740 καὶ
181 697 251 740 τὸν
267 699 406 741 λέοντα
427 697 697 742 ἐθανάτωσεν.
767 693 885 748 οὗτος
908 693 978 740 οὖν
999 696 1019 740 ὃ
1038 699 1205 755 Πέρσης
1221 699 1288 740 ἐπί
1304 714 1411 748 τινος
1436 696 1556 753 ὄρους

95 763 358 821 ὑψηλοτάτου
393 765 550 821 ἀναβάς
559 799 587 828 ,“
614 768 682 809 καὶ
718 772 854 810 πᾶσαν
895 766 968 821 τὴν
1005 770 1079 822 γῆν
1119 765 1418 823 περισκοπήσας
1458 764 1556 820 ὅσην

93 833 315 891 ὃφθαλμὸς
343 833 599 892 ἀνθρώπινος
629 835 856 893 περιβλέπει
890 833 994 878 κατά
1022 852 1063 878 τε
1089 834 1289 885 ἀνατολὰς
1310 836 1377 877 καὶ
1399 835 1558 888 δυσμὰς

39 901 244 959 Ιοᾶρκτον
274 921 316 947 τε
347 905 414 946 καὶ
442 905 718 961 μεσημβρίαν,
764 904 918 961 δωρεὰν
947 904 1058 961 παρὰ
1092 908 1164 945 τοῦ
1195 903 1395 957 βασιλέως
1423 908 1558 945 πᾶσαν

93 971 248 1029 εἴληφε.
314 977 443 1016 ταῦτα
477 974 520 1015 δὲ
553 973 706 1028 ἱστορεῖ
722 971 944 1027 Πολύβιος.
1013 973 1080 1014 καὶ
1103 979 1343 1015 κατοικεῖται
1364 971 1467 1028 πρὸς
1485 971 1558 1025 μὲν

93 1038 327 1083 Κολώνειαν
347 1043 460 1098 παρὰ
474 1042 704 1097 Ἀρμενίων,
725 1042 827 1098 πρὸς
847 1042 889 1084 δὲ
910 1040 982 1095 τὴν
1001 1038 1229 1096 μεσόγαιον,
1254 1040 1431 1096 ὅπουπερ
1452 1039 1559 1082 ἔστιν

93 1106 120 1163 ἦ
147 1106 342 1164 Ἀμᾶσεια
374 1112 442 1152 καὶ
473 1109 493 1152 ὃ
526 1109 738 1167 λεγόμενος
765 1107 993 1163 Δαζυμών,
1042 1109 1155 1165 παρὰ
1190 1113 1270 1151 τῶν
1302 1108 1558 1162 καλουμένων

92 1177 393 1233 Λευκοσύρων·
442 1177 552 1231 ὅμως
579 1177 732 1229 πάντας
761 1178 856 1228 τοὺς
878 1175 1184 1228 Καππαδόκας,
1225 1178 1292 1219 καὶ
1320 1177 1415 1226 τοὺς
1440 1177 1558 1232 μέχρι

40 1258 84 1294 15
95 1242 306 1298 θαλάττης
334 1248 406 1298 τῆς
424 1248 630 1299 ῙΙοντικῆς
661 1250 969 1295 κατοικοῦντας,
1015 1243 1240 1300 εΗρόδοτος
1265 1243 1560 1300 Λευκοσύρους

93 1315 229 1362 καλεῖ,
263 1311 365 1368 πρὸς
389 1311 694 1367 ἀντιδιαστολὴν
717 1317 797 1355 τῶν
817 1311 962 1369 Σύρων
985 1316 1065 1354 τῶν
1092 1313 1269 1354 ἐπέκεινα
1296 1318 1368 1355 τοῦ
1391 1311 1559 1369 Ταύρου

95 1381 160 1421 καὶ
182 1380 367 1430 Κιλικίας
389 1378 617 1432 οἰκούντων,
647 1380 956 1438 Μελανοσύρων
976 1381 1398 1437 προσαγορευομένων.
1433 1381 1560 1436 μικρὰ

95 1447 140 1490 δὲ
167 1449 441 1492 Καππαδοκία
471 1447 496 1504 ἡ
524 1454 594 1492 νῦν
622 1451 929 1507 χρηματίζουσα
951 1451 1006 1498 εἷς
1025 1450 1160 1503 θέμα,
1195 1448 1286 1504 ἥτις
1307 1448 1456 1506 ὅμορός
1477 1451 1560 1491 ἔστι

93 1517 335 1568 Λυκαονίας
360 1520 427 1560 καὶ
455 1520 652 1572 διαβαίνει
682 1519 822 1574 μέχρις
851 1519 975 1572 αὐτῆς
1004 1519 1275 1574 Καισαρείας,
1316 1517 1560 1560 πλατύνεται

38 1585 142 1635 20δὲ
171 1586 245 1637 ἕως
277 1586 403 1642 ἀρχῆς
432 1590 512 1628 τῶν
543 1589 864 1643 Βουκελλαρίων,
907 1584 1121 1642 καταλήγει
1152 1587 1194 1628 δὲ
1227 1586 1329 1642 πρὸς
1361 1587 1560 1636 ἀνατολὰς

93 1654 235 1710 μέχρις
252 1655 376 1708 αὗτῆς
394 1654 601 1698 Ῥοδεντοῦ
622 1658 687 1698 καὶ
711 1661 783 1698 τοῦ
803 1657 1000 1712 φρουρίου
1025 1660 1096 1696 τοῦ
1116 1656 1365 1708 καλουμένου
1385 1654 1557 1697 Λούλου

93 1725 160 1764 καὶ
185 1723 309 1778 αὐτῆς
323 1725 552 1766 Ποδενδοῦ.
619 1725 671 1767 τὰ
695 1725 739 1766 δὲ
762 1726 938 1767 ἐπέκεινα
959 1728 1032 1777 τῆς
1050 1725 1236 1773 Κιλικίας
1258 1726 1328 1765 εἶσὶ
1350 1724 1474 1779 μέρη,
1505 1718 1559 1765 ιῗῖν

92 1788 316 1848 ἀπάρχεται
345 1789 370 1846 ἡ
395 1792 562 1848 Ταρσὸς
587 1795 653 1835 καὶ
685 1791 710 1848 ἢ
731 1792 895 1847 ΖΙΙόψου
927 1791 1038 1834 ἱστία
1065 1793 1132 1834 καὶ
1158 1791 1325 1834 Ἄδανα.
1395 1795 1461 1833 καὶ
1485 1792 1556 1846 ἥδε

183 1887 208 1922 4
229 1881 540 1931 προσυπαντήσας
557 1887 586 1921 C
678 1885 746 1922 τὸν
771 1887 885 1921 ἵππον
909 1888 939 1921 C
1031 1887 1054 1921 9
1074 1898 1114 1921 τε
1138 1886 1205 1921 add
1228 1886 1258 1921 A
1350 1888 1392 1922 21
1409 1885 1512 1931 μέχρι
1528 1888 1558 1922 C

180 1934 228 1968 22
249 1933 455 1967 σποδενδοῦ
479 1934 511 1966 V
645 1934 692 1968 23
713 1927 786 1968 ὦδε
809 1933 843 1966 V

92 2011 260 2047 Melitene
291 2011 455 2046 universa
488 2012 713 2066 Cappadocia
746 2011 955 2065 appellatur.
1004 2015 1058 2045 est
1091 2023 1177 2045 vero
1210 2023 1334 2046 nomen
1361 2012 1558 2046 Persicum:

92 2070 170 2093 nam
194 2069 270 2093 cum
291 2057 482 2092 Artaxerxi
505 2058 601 2103 regi,
626 2065 686 2092 aut
708 2059 825 2092 nescio
850 2069 894 2091 an
919 2057 1020 2091 alteri
1043 2057 1196 2101 cuidam,
1230 2058 1285 2091 leo
1309 2058 1402 2092 inter
1425 2070 1558 2092 venan-

91 2105 173 2139 dum
205 2103 416 2138 occurrisset
446 2104 592 2149 eiusque
613 2116 758 2159 ..equum
780 2103 984 2147 invasisset,
1021 2103 1156 2137 oblatus
1181 2115 1263 2138 casu
1287 2103 1395 2138 Persa
1419 2105 1558 2148 quidam

91 2150 129 2185 in
153 2150 220 2184 hoc
240 2149 351 2184 leonis
374 2161 534 2193 occursu,
557 2150 680 2185 stricto
705 2150 859 2193 acinace,
888 2161 1004 2193 regem
1028 2150 1072 2183 de
1094 2149 1166 2184 vita
1189 2149 1443 2194 periclitantem
1468 2150 1556 2184 libe-

92 2196 189 2231 ravit
211 2201 247 2230 et.
267 2196 400 2230 leonem
423 2196 614 2231 interfecit.
661 2196 719 2229 hic
749 2196 868 2240 itaque
898 2195 1008 2228 Persa
1040 2207 1115 2229 cum
1149 2196 1351 2230 altissimum
1385 2197 1556 2241 quendam

93 2247 243 2278 montem
273 2243 554 2286 conscendisset,
588 2242 785 2276 universam
815 2241 1012 2285 regionem,
1050 2241 1162 2286 quoad
1193 2242 1394 2285 longissime
1417 2242 1555 2275 humani

94 2287 187 2323 oculi
209 2288 302 2322 acies
323 2288 523 2333 pertingere
545 2294 676 2333 posset,
706 2287 1001 2331 circumspiciens,
1019 2292 1087 2321 tam
1105 2288 1270 2321 orientem
1289 2293 1323 2322 et
1339 2288 1554 2322 occidentem

93 2345 194 2379 quam
210 2334 388 2369 meridiem
405 2341 441 2368 et
455 2334 726 2379 septentrionem
743 2345 879 2375 versus,
900 2345 1030 2367 omnem
1046 2345 1120 2367 eam
1136 2334 1226 2367 dono
1252 2346 1271 2367 a
1295 2345 1411 2379 rege
1402 2335 1551 2379 accepit.

91 2380 181 2414 haec
198 2391 302 2434 porro
317 2385 436 2414 narrat.
450 2380 631 2423 Polybius.
659 2386 765 2424 atque
789 2379 966 2413 habitatur
991 2379 1128 2423 quidem
1148 2379 1335 2413 Coloneam
1359 2392 1483 2414 versus
1509 2382 1552 2414 ab

92 2425 279 2470 Armeniis,
309 2426 352 2460 ad
379 2426 632 2461 mediterranea
655 2438 762 2469 v,ero
789 2425 847 2459 ubi
873 2431 925 2459 est
948 2426 1095 2459 Amasea
1117 2430 1153 2459 et
1175 2426 1351 2469 Dasymon
1376 2426 1435 2470 qui
1463 2426 1553 2459 dici-

91 2477 172 2516 tur,
203 2483 225 2506 a
247 2471 474 2516 Leucosyris.
520 2484 638 2506 omnes
671 2478 786 2506 tamen
809 2471 1058 2516 Cappadoces,
1100 2472 1203 2505 etiam
1234 2483 1345 2514 usque
1379 2472 1423 2505 ad
1458 2483 1552 2506 mare

90 2517 273 2552 Ponticum
297 2517 506 2562 habitantes,
528 2519 730 2552 Herodotus
754 2517 975 2560 Leucosyros
997 2523 1184 2562 nuncupat,
1211 2517 1254 2551 ad
1277 2518 1461 2551 discrimen
1481 2519 1553 2562 Sy-

90 2574 208 2598 rorum
229 2564 289 2608 qui
311 2563 404 2598 ultra
427 2563 583 2598 Taurum
607 2570 643 2598 et
666 2563 825 2597 Ciliciam
848 2563 1020 2604 incolunt,
1047 2563 1105 2607 qui
1131 2563 1346 2607 Melanosyri
1370 2564 1551 2609 appellan-

90 2614 163 2644 tur.
208 2610 320 2643 minor
341 2614 453 2643 autem
476 2609 720 2655 Cappadocia,
745 2620 835 2654 quae
857 2620 948 2643 nunc
970 2609 1062 2643 inter
1085 2608 1239 2643 themata
1260 2615 1444 2651 censetur,
1469 2610 1551 2644 fini-

90 2654 177 2689 tima
197 2661 251 2690 est
273 2655 476 2699 Lycaoniae
500 2662 536 2690 et
559 2657 768 2690 Caesaream
790 2665 900 2699 usque
920 2655 1100 2699 pertingit,
1126 2667 1167 2688 ac
1191 2655 1391 2689 extenditur
1413 2657 1456 2690 ad
1481 2656 1551 2690 ini-

89 2701 176 2735 tium
191 2701 352 2735 thematis
368 2701 658 2736 Buccellariorum
682 2712 812 2745 usque;
839 2700 969 2735 desinit
993 2713 1078 2734 vero
1102 2701 1146 2734 ad
1170 2700 1338 2735 orientem
1353 2702 1551 2736 Rodentum

89 2756 212 2791 usque,
237 2753 274 2782 et
296 2747 340 2781 ad
363 2747 656 2792 propugnaculum
679 2747 773 2792 quod
797 2751 943 2780 vocatur
966 2746 1058 2790 Luli‚
1082 2752 1186 2791 atque
1210 2748 1254 2781 ad
1276 2747 1387 2792 ipsam
1411 2748 1551 2781 Poden-

89 2792 170 2826 dum
193 2803 316 2837 usque.
362 2792 528 2827 ulteriora
563 2800 677 2828 autem
709 2799 791 2827 sunt
820 2798 938 2838 partes
961 2792 1125 2835 Ciliciae,
1160 2804 1302 2837 quarum
1336 2794 1551 2839 praecipuae

90 2838 196 2874 urbes
226 2843 307 2873 sunt
340 2838 475 2873 Taisus
503 2838 723 2886 Mopsuestia
754 2845 790 2873 et
817 2839 952 2873 Adana.
1002 2846 1037 2873 et
1071 2839 1158 2873 haec
1189 2838 1327 2885 quidem
1362 2847 1416 2874 est
1440 2840 1550 2875 minor
