1780 3132
257 144 350 193 524
778 154 1125 194 WsssslssmNGu

254 264 360 304 circa
389 276 426 305 a.
456 264 548 313 466,
576 274 724 315 suoque
749 264 904 303 nomine
926 263 1123 316 insignem
1151 274 1238 302 esse
1263 262 1402 312 voluit,
1427 265 1485 305 utl
1513 263 1660 306 chron.

251 318 452 357 Edesseno
481 322 572 356 tom.
602 318 621 356 1
648 317 749 358 Bibl.
784 318 934 356 Orient.
963 331 1000 368 p.
1020 320 1100 357 405
1128 316 1398 369 perscriptum.
1452 319 1554 358 adde
1586 320 1661 358 As-
1724 363 1726 365 ,

253 385 412 412 semano
439 376 578 410 notata
605 371 702 410 tomi
729 371 811 410 eius
834 385 871 423 p.
891 374 983 411 258.

365 439 457 485 398,
474 439 513 474 7.
569 433 727 486 Βίρθα]
765 432 886 476 Virta
904 437 1193 476 munimentum
1219 433 1343 475 valde
1368 438 1590 486 vetustum,
1617 437 1661 476 in

255 494 448 531 extremo
490 486 827 541 Mesopotamiae
870 492 998 530 situm
1035 490 1262 530 Ammianus
1305 493 1359 527 20
1398 494 1423 529 7
1461 494 1662 539 memorat,

255 545 358 596 quod
389 554 474 582 cum
505 542 644 582 Birtha
671 543 854 583 videatur
890 544 1102 584 Ptolemaei
1139 544 1191 584 ad
1218 543 1386 594 Tigrim,
1416 547 1555 584 nostra
1578 555 1665 582 esse

254 597 401 649 nequit.
456 597 562 635 forte
588 595 687 637 haec
714 598 814 637 latet
839 598 880 637 in
898 598 1029 649 Binta,
1059 599 1121 638 cni
1148 599 1190 639 in
1206 598 1414 638 Osdroena
1439 599 1568 638 locum
1595 597 1665 636 de-

256 653 314 691 dit
340 650 490 690 Notitia
517 650 609 702 imp.
638 651 790 691 orient.
818 664 852 691 c.
884 656 975 692 169.

363 714 469 756 Ibid.
499 719 538 756 8.
594 711 774 766 ἐπαρχία
804 715 1145 765 Μεσοποταμίας]
1174 717 1350 769 praesidi
1373 727 1525 770 quoque
1552 718 1668 768 paret

254 769 295 808 in
321 770 472 810 Notitia
489 770 580 822 imp.
608 770 758 810 Orient.
791 783 824 810 c.
857 775 894 810 1.
951 771 1053 823 quod
1083 783 1179 810 vero
1205 784 1284 811 una
1311 771 1372 811 illi
1402 771 1497 810 urbs
1524 769 1667 809 Amida

255 824 386 875 datur,
416 824 456 863 id
484 836 534 863 ne
554 824 728 864 librariis
757 829 957 875 acceptum
984 825 1127 864 referri
1145 829 1327 876 oporteat
1356 836 1520 865 vereor:
1552 826 1668 863 erant

255 878 399 929 quippe
426 878 620 918 Hieroclis
650 882 784 918 aetate
823 880 958 929 plures
996 879 1037 918 in
1077 892 1125 919 ea
1152 879 1358 930 provincia
1394 879 1513 918 urbes
1532 882 1572 916 et
1600 889 1668 916 ca-

256 933 388 972 stella.
442 933 574 972 Daras
612 933 748 984 paullo
783 937 877 971 ante
912 933 1134 972 muniverat
1170 934 1264 985 lmp.
1300 932 1536 972 Anastasius
1563 930 1668 982 apud

259 986 477 1037 Euagrium
506 987 553 1025 H.
583 987 633 1026 E.
660 990 688 1026 3
714 989 781 1035 37,
810 998 861 1025 ne
889 987 938 1025 de
979 987 1136 1028 arcibus
1164 987 1302 1038 dicam,
1329 998 1430 1039 quas
1455 985 1669 1036 Procopius

255 1040 306 1079 de
334 1041 453 1080 Fabr.
485 1040 620 1081 lustin.
648 1044 675 1080 2
703 1043 730 1080 4
756 1041 957 1080 describit.

362 1103 469 1145 Ibid.
484 1109 523 1145 9.
569 1098 745 1154 '‘Apuda]
777 1102 894 1142 πόλιν
928 1099 1088 1154 ὄχυρὰν
1114 1102 1185 1155 τῆς
1211 1102 1340 1155 μέσης
1370 1101 1450 1148 τῶν
1476 1100 1670 1150 ποταμῶν
1730 1106 1733 1109 “

256 1159 456 1211 Euagrius
469 1160 515 1198 Η.
532 1160 578 1200 Ε.
609 1162 637 1199 3
661 1162 715 1198 37
742 1159 931 1210 appellat.
998 1159 1115 1199 situm
1145 1158 1281 1211 signat
1306 1156 1532 1198 Ammianus
1561 1159 1612 1196 18
1628 1159 1667 1206 9,

255 1214 470 1264 Procopius
499 1219 618 1265 atque
642 1213 733 1263 alii,
764 1225 861 1265 quos
888 1225 991 1252 nunc
1019 1216 1240 1264 praetereo.
1270 1212 1311 1252 id
1339 1222 1539 1264 quaeram,
1569 1214 1669 1250 tam-

256 1268 330 1306 etsi
364 1268 414 1307 ab
453 1267 634 1307 instituto
661 1267 841 1318 recedat,
870 1278 1057 1306 verumne
1087 1267 1139 1307 sit
1154 1266 1320 1316 Nisibin,
1350 1265 1546 1305 celebrem
1573 1264 1669 1303 olim

256 1322 372 1361 huius
402 1322 631 1373 provinciae
658 1322 805 1371 urbem,
821 1318 1046 1369 Σιβάπολιν
1077 1321 1200 1360 fuisse
1226 1322 1504 1372 nuncupatam.
1570 1317 1670 1358 abiit

256 1376 299 1416 in
329 1375 431 1415 hanc
459 1376 681 1426 opinionem
710 1376 758 1414 1).
776 1374 1067 1426 papebrochius
1094 1380 1186 1414 tom.
1215 1377 1243 1414 5
1269 1376 1353 1414 lun.
1383 1386 1421 1425 p.
1443 1375 1496 1412 15
1521 1372 1572 1412 ad
1599 1371 1669 1411 Vi-

259 1434 339 1470 tam
368 1430 410 1469 S.
443 1430 689 1479 rebroniae,
728 1429 771 1469 in
811 1429 922 1468 cuius
950 1428 1059 1468 Actis
1098 1441 1131 1468 c.
1158 1433 1181 1468 1
1213 1427 1443 1478 Σιβάπολις,
1471 1421 1558 1476 ἥτις
1587 1424 1670 1463 διέ-

259 1495 367 1521 κειτο
397 1482 440 1521 ἐν
467 1478 595 1533 ὁρίοις
625 1485 710 1527 τοῖς
736 1478 839 1532 πρὸς
858 1477 954 1526 τοὺς
979 1479 1235 1532 Ἀσσυρίους.
1292 1485 1425 1521 censet
1443 1480 1507 1520 vir
1533 1479 1671 1518 doctus

260 1537 455 1586 Syrorum
486 1549 667 1577 sermone
695 1537 848 1577 Nisibin
891 1540 931 1575 et
967 1536 1177 1587 Sibapolin
1214 1548 1297 1575 rem
1323 1535 1487 1575 eandem
1515 1533 1671 1585 signifi-

260 1604 377 1640 care;
408 1592 523 1643 quod,
551 1596 658 1643 puto,
685 1603 881 1643 nunquam
902 1591 1147 1642 probabitur.
1178 1591 1278 1630 nihil
1306 1600 1460 1642 quoque
1487 1588 1529 1627 in
1550 1587 1671 1635 Actis,

261 1646 367 1685 unde
392 1646 544 1685 Nisibin
573 1645 874 1697 intelligendam
902 1657 988 1683 esse
1016 1645 1199 1696 colligas.
1255 1656 1331 1695 ego
1357 1641 1432 1692 τὴν
1454 1638 1674 1689 Σιβάηολιν

260 1713 340 1739 non
369 1700 488 1739 aliam
520 1711 607 1739 esse
645 1705 805 1738 autumo
846 1704 964 1750 atque
1005 1710 1090 1738 eam
1120 1710 1220 1750 quae
1251 1698 1368 1746 syris
1406 1694 1674 1744 Sibabarech,

261 1754 447 1806 cuiusque
475 1754 580 1793 haud
609 1754 780 1793 obscura
803 1753 947 1792 mentio
976 1752 1016 1792 in
1033 1752 1136 1792 Bibl.
1160 1752 1310 1792 Orient.
1339 1756 1432 1791 tom.
1461 1754 1488 1789 2
1514 1763 1551 1801 p.
1570 1751 1675 1795 :361;

261 1808 451 1847 Actorum
477 1812 608 1847 autem
645 1807 866 1848 Febroniae
903 1807 1158 1857 interpretem
1191 1805 1433 1846 Sibacarech
1460 1803 1609 1856 legisse
1636 1806 1677 1840 et

262 1867 475 1914 propterea
506 1857 729 1910 Σιβάπολιν
760 1861 947 1902 vertisse:
986 1860 1102 1909 Syris
1131 1861 1233 1900 enim
1262 1870 1336 1901 w:
1365 1872 1434 1899 seu
1459 1867 1574 1899 ῥεῖ-13
1601 1869 1675 1908 op-

262 1917 394 1968 pidum
422 1915 631 1968 significat,
661 1921 701 1956 et
726 1916 905 1968 proxime
947 1929 972 1955 a
1000 1915 1255 1966 productione
1281 1914 1390 1953 urbis
1417 1910 1677 1959 Sibabaroeh,

263 1972 366 2009 unde
395 1970 524 2009 facilis
553 1971 682 2010 errori
713 1971 790 2021 via,
821 1970 956 2009 distat.
1012 1969 1144 2020 posita
1168 1969 1264 2008 urbs
1291 1973 1379 2007 erat
1408 1967 1515 2006 intra
1546 1965 1676 2004 Meso-

262 2025 486 2075 pomonam,
515 2028 558 2063 ut
587 2037 636 2065 ea
662 2024 765 2065 Acta
795 2024 1027 2070 ostendunt;
1059 2035 1160 2074 quae
1190 2035 1255 2061 res
1284 2022 1503 2061 Assemano
1522 2019 1564 2058 in
1591 2019 1675 2058 dis-

262 2083 358 2119 sert.
399 2079 448 2117 de
474 2079 764 2131 Monophysitis
805 2082 898 2117 tom.
926 2081 952 2116 2
996 2077 1098 2116 Bibl.
1129 2077 1278 2116 Orient.
1321 2076 1441 2115 dubia
1469 2078 1586 2126 atque
1617 2073 1677 2112 in-

264 2138 376 2172 certa
402 2134 492 2173 visa
519 2138 591 2172 est.
647 2134 723 2173 hoc
753 2132 898 2172 obiter:
932 2143 1035 2170 nunc
1061 2131 1103 2170 in
1135 2130 1241 2170 viam
1266 2132 1486 2169 redeamus.

371 2196 477 2238 lbld.
508 2202 573 2239 10.
632 2195 840 2248 Φοινίκης]
867 2196 967 2236 haec
994 2199 1054 2234 est
1073 2193 1244 2245 Φοινίκη
1271 2190 1465 2242 πάραλος,
1490 2191 1548 2232 uti
1573 2191 1678 2230 Eua-

266 2251 356 2303 grio
383 2256 410 2291 3
447 2256 501 2292 33
542 2257 581 2291 et
615 2254 670 2292 10.
701 2252 878 2291 Malalae
913 2255 1005 2289 tom.
1032 2254 1059 2288 2
1097 2261 1139 2299 p.
1164 2252 1219 2288 73
1259 2248 1414 2287 dicitur.
1482 2245 1679 2286 subditam

265 2306 388 2345 fuisse
418 2306 504 2345 viro
522 2306 723 2346 consulari
750 2306 777 2346 l.
795 2307 850 2344 52
878 2305 928 2343 de
947 2303 1159 2343 Decurion.
1192 2307 1232 2341 et
1243 2302 1394 2342 Notitia
1419 2301 1509 2352 imp.
1527 2299 1676 2339 Orient.

263 2373 298 2398 c.
330 2364 350 2398 1
391 2364 600 2400 testantur.
670 2362 780 2400 facta
811 2358 1018 2411 provincia
1061 2361 1147 2404 est,
1193 2358 1263 2396 sed
1293 2357 1416 2395 multo
1445 2354 1614 2406 amplior
1641 2355 1680 2390 et

265 2414 489 2454 Phoenicen
531 2415 743 2454 secundam
770 2414 977 2465 complexa
993 2443 1004 2463 ‚
1031 2412 1083 2452 ab
1114 2411 1317 2451 Hadriano
1344 2409 1450 2463 apud
1475 2407 1679 2460 Spartian-

267 2481 301 2509 c.
333 2470 397 2507 14.

374 2530 482 2573 Ibid.
511 2535 573 2571 11.
634 2529 782 2583 Τύρος]
816 2531 1045 2583 provinciae
1073 2534 1162 2570 erat
1186 2528 1428 2581 metropolis,
1458 2539 1535 2579 quo
1565 2523 1680 2564 titulo

267 2586 343 2626 etsi
368 2587 410 2627 in
430 2587 557 2626 numis
587 2590 680 2626 ante
708 2586 952 2626 Hadrianum
979 2585 1148 2636 insignis
1176 2589 1247 2633 est,
1276 2583 1470 2622 Phoenice
1496 2585 1679 2639 tamena

267 2641 392 2691 Syria
419 2641 600 2688 devulsa‚
633 2640 862 2692 provinciae
902 2643 1020 2692 caput
1060 2643 1121 2679 est
1147 2638 1355 2690 imposita,
1397 2641 1438 2676 ut
1467 2633 1611 2676 Suidas
1639 2643 1680 2670 in
