1780 3132
367 143 422 183 IN
463 140 827 184 SYNECDEMUM
866 136 1304 183 COMMENTARIUS.
1456 126 1554 177 409

123 255 244 310 Apol.
267 257 410 296 contra
421 255 596 297 Arianos
614 269 653 309 p.
671 259 752 296 123
767 259 808 295 et
828 256 920 307 155,
938 259 979 295 et
990 254 1128 295 Histor
1140 253 1280 295 Arian.
1300 253 1352 295 ad
1369 253 1556 296 Monach.

122 325 162 365 p.
189 314 294 360 3603
327 310 468 364 quibus
516 324 602 352 cum
640 311 870 365 provincias
917 314 1125 351 enumerat
1170 321 1336 363 quarum
1376 310 1555 363 episcopi

123 370 194 407 aut
220 341 454 407 Saidicensi
480 366 635 416 synodo
663 367 878 407 adfuerunt
907 370 977 406 aut
1006 377 1174 406 caussae
1202 377 1298 405 suae
1324 365 1557 418 patrocina-

121 420 282 470 bantur,
304 433 384 460 non
421 421 596 461 dubitem
623 421 718 474 quin
744 415 931 459 Σκυθίαν
972 420 1172 461 voluerit:
1200 432 1328 473 neque
1357 421 1461 461 enim
1490 419 1557 461 si-

121 475 208 516 scia
236 475 323 515 eius
352 480 486 516 aetate
512 475 744 529 provinciae
774 487 918 515 nomen
947 479 1047 524 erat,
1076 475 1147 515 sed
1166 475 1410 526 Pannoniae,
1439 487 1558 529 quam

122 529 371 570 Athanasius
411 530 556 571 ibidem
584 531 750 583 reliquis
787 535 972 570 accenset
998 530 1230 583 provinciis,
1260 531 1459 583 oppidum.
1514 531 1558 571 in

122 585 320 648 Procopio
349 597 488 626 errore
523 585 632 638 turpi
660 598 712 627 ex
740 584 821 635 Scy
824 585 908 626 thia
943 586 1151 625 castellum
1177 586 1453 636 condiderunt,
1484 597 1558 638 pa-

125 640 307 693 riterque
335 652 388 681 ex
399 640 544 691 Mysia,
571 641 694 682 smel.
709 643 736 681 4
777 641 828 680 de
847 640 968 682 Fabr.
1000 644 1205 680 enumerat
1234 641 1426 694 egregius
1454 640 1559 681 scri-

127 699 223 748 μοι·
243 694 364 735 urbes
391 700 432 735 et
471 695 642 736 castella
674 707 775 749 quae
802 695 1046 736 lastinianus
1073 699 1143 735 aut
1169 695 1460 737 instauraverit
1489 699 1559 735 aut

125 750 246 790 novis
283 749 470 812 operibus
519 751 748 799 exornarit;
772 762 953 813 cumque
992 750 1042 790 de
1081 750 1245 803 Europa
1288 756 1328 791 et
1364 750 1560 803 Rhodope

122 803 317 854 dixisset,
356 800 470 854 παρὰ
511 803 587 853 μὲν
622 799 810 854 ποταμὸν
837 798 1018 856 ”,Ιστρον
1050 804 1237 855 Μυσίας,
1256 802 1473 857 Ἑρκουλέν
1502 817 1559 855 τε,

122 858 352 912 additisque
379 859 551 912 triginta
591 859 685 900 aliis
721 860 857 913 pergit
887 858 1070 904 Σκυθίας
1112 858 1152 898 Γ
1150 856 1274 910 ραψω
1302 874 1342 899 κ.
1373 861 1409 899 λ.
1466 860 1560 900 hinc

120 913 293 964 mysiam
338 914 476 954 urbem
524 919 565 955 et
601 914 809 964 Scythiam
844 916 998 964 fecere,
1029 927 1115 955 cum
1153 920 1287 956 tamen
1316 915 1426 956 aliud
1457 915 1559 956 nihil

123 968 225 1009 velit
252 980 370 1022 quam
387 969 543 1019 Mysiae
575 970 628 1010 ad
655 970 800 1011 Istrum
831 975 871 1010 et
886 970 969 1020 Sc)
970 970 1078 1010 thiae
1099 970 1152 1011 ad
1179 971 1345 1012 eundem
1373 983 1443 1012 eas
1469 983 1558 1011 esse

121 1023 244 1064 urbes
271 1028 312 1063 et
340 1025 522 1066 castella.

230 1091 327 1141 391,
340 1093 381 1131 6.
441 1085 587 1154 Τόμις]
616 1090 807 1141 Scythiae
837 1095 928 1131 erat
956 1091 1217 1155 metropolis,
1242 1091 1353 1131 cuius
1382 1091 1559 1156 episcopi

122 1156 245 1185 curae
272 1157 408 1185 omnes
433 1145 669 1198 provinciae
689 1146 807 1186 urbes
827 1150 944 1186 erant
971 1146 1229 1196 commissae3
1258 1159 1376 1200 quam
1406 1148 1446 1188 in
1474 1159 1560 1188 rem

123 1199 295 1252 egregia
322 1204 416 1240 sunt
442 1200 656 1241 Sozomeni
683 1201 731 1241 ll.
759 1201 806 1241 Ε.
835 1205 863 1241 6
890 1204 942 1240 21
975 1202 1119 1251 verba;
1156 1214 1258 1255 quae
1286 1202 1391 1254 quod
1419 1203 1560 1242 Prole-

122 1254 345 1308 legomenis
372 1255 454 1295 sint
482 1255 652 1303 intexta,
679 1261 905 1308 praetereo.
961 1256 1002 1296 id
1030 1257 1151 1307 addo,
1184 1258 1238 1298 lo.
1270 1258 1560 1298 Damascennm

125 1309 318 1350 Parallel.
348 1323 387 1363 p.
403 1313 483 1351 ¹781
512 1323 563 1351 ex
582 1311 792 1351 Theotimo
810 1309 881 1361 τῆς
899 1288 1200 1358 Σκυθοπόλεως
1221 1311 1407 1364 episcopo
1435 1313 1561 1353 verba

122 1365 320 1420 quaedam
357 1367 632 1418 excerpsisse;
672 1366 739 1419 qui
782 1378 869 1405 cum
910 1365 1148 1407 Tomitanus
1195 1367 1317 1407 fuerit
1348 1372 1451 1406 teste
1482 1367 1560 1407 So-

120 1431 290 1459 zomeno
319 1419 366 1459 11.
393 1420 441 1460 E.
471 1424 499 1460 7
527 1422 595 1471 25,
631 1421 819 1461 maluisse
856 1421 976 1461 Mich.
1008 1422 1067 1461 Le
1094 1422 1222 1471 Quien
1259 1420 1330 1473 τῆς
1360 1421 1559 1468 Σκυθίςα.

122 1474 319 1527 potuisset
342 1475 497 1516 minore
522 1452 723 1516 molimine
751 1475 823 1527 τῆς
849 1474 1027 1515 Σκυθῶν
1055 1473 1224 1522 πόλ.εως

227 1538 337 1583 Ibid.
366 1545 406 1584 7.
474 1540 786 1590 Διονυσόπολις]
836 1543 896 1584 ita
936 1547 977 1583 et
1014 1548 1125 1583 recte
1155 1543 1499 1586 Constantinusl.
1528 1549 1556 1585 2

117 1594 332 1637 Them.1.
387 1597 656 1650 Theophanes
696 1597 924 1651 Chronogr.
960 1611 999 1651 p.
1028 1602 1110 1639 190
1137 1596 1487 1652 Διονυσσόπολιυ,
1516 1606 1559 1641 ut

119 1649 250 1691 editus
278 1655 319 1691 et
343 1665 404 1692 ιιι5
434 1651 492 1702 S3
496 1653 718 1702 modernus,
747 1654 906 1705 probat.

229 1704 336 1747 Ibid.
383 1699 553 1756 Ἀκραι]
592 1720 639 1748 eo
670 1708 830 1748 nomine
855 1708 994 1748 urbem
1033 1708 1076 1749 in
1103 1708 1182 1749 hoc
1208 1712 1343 1749 tractu
1382 1710 1557 1762 requiro.

119 1759 198 1800 fuit
224 1761 382 1814 quidem
419 1762 734 1813 promontorium
771 1763 983 1813 Tiristris,
1015 1754 1123 1814 ἄκρα
1167 1762 1382 1815 Τιριστοία
1424 1766 1560 1805 Ptole-

122 1827 251 1866 maeo,
282 1828 370 1856 cum
398 1817 572 1857 eiusdem
600 1819 725 1857 ferme
747 1817 918 1858 nominis
947 1817 1121 1870 oppido;
1147 1831 1222 1858 nec
1251 1819 1392 1860 dixero
1424 1825 1559 1861 tamen

118 1870 160 1911 id
188 1870 376 1924 intelligi.
434 1884 487 1912 an
506 1865 640 1922 Ακρα
669 1871 740 1923 τῆς
769 1872 952 1917 Σκυθάις
982 1873 1090 1924 apud
1118 1872 1395 1927 Stephanum?

228 1933 625 1986 Ιῠὶά.1(αλλατι“ς]
656 1938 733 1979 hoc
762 1951 814 1979 ex
832 1938 1098 1979 Constantino
1127 1944 1322 1992 praestat.
1379 1940 1431 1980 de
1458 1939 1559 1982 urbe
1626 1980 1629 1983 .

119 1994 161 2031 et
189 1991 283 2031 aliis
314 1991 430 2032 huius
458 2005 556 2034 orae
583 1993 730 2035 Anton.
759 1994 850 2035 ltin.
884 2007 923 2046 p.
941 1998 1036 2034 227.

229 2055 340 2099 Ibid.
386 2051 562 2109 Ἴστρος]
592 2060 664 2100 Iul.
686 2059 964 2112 Capuolmus
953 2072 995 2101 ιιι
1012 2060 1190 2100 Maximo
1205 2064 1245 2100 et
1262 2060 1433 2101 Balbino
1461 2074 1495 2101 c.
1508 2065 1557 2102 6:

120 2110 202 2153 sub
232 2111 302 2153 his
327 2118 557 2166 pugnatum
585 2127 613 2155 a
651 2113 812 2168 Carpis
846 2119 999 2156 contra
1029 2113 1208 2156 Moesos
1249 2114 1349 2167 fait,
1376 2120 1419 2157 et
1446 2114 1557 2170 Sey-

119 2166 228 2208 traici
254 2166 359 2208 belli
386 2171 658 2224 principium,
689 2174 733 2211 et
763 2168 963 2211 Histriae
1003 2170 1223 2211 excidium
1252 2183 1303 2211 eo
1334 2175 1556 2224 tempore,-

121 2225 170 2262 ut
197 2226 338 2263 autem
358 2222 592 2289 Dexippus
617 2224 736 2276 dicit,
766 2224 967 2267 Histriae
997 2228 1203 2267 etvitatis.
1260 2226 1336 2266 fuit
1365 2227 1451 2266 sine
1479 2227 1557 2266 du-

118 2277 189 2317 hio
212 2277 256 2317 in
286 2277 469 2332 Dexippo
489 2275 656 2328 [στρου
687 2278 864 2331 πόλεως,
906 2282 1239 2333 quemadmodum
1264 2282 1306 2322 in
1332 2294 1392 2321 ms
1421 2282 1556 2322 Ptole

118 2332 225 2372 maci
251 2331 522 2384 Coisliniauo;
548 2348 667 2388 quam
693 2336 831 2376 urbem
859 2336 1111 2388 Capitolinus
1137 2350 1224 2376 cum
1252 2350 1334 2377 non
1361 2338 1554 2377 recorda-

118 2392 244 2436 retur,
272 2388 323 2427 de
349 2389 515 2441 Histria,
544 2391 780 2444 longissimo
809 2396 1009 2431 terrarum
1043 2392 1259 2432 intervallo
1289 2405 1315 2432 a
1343 2393 1491 2433 Moesis
1516 2397 1556 2431 et

118 2419 284 2494 Carpis,
313 2443 409 2484 {stri
436 2444 568 2497 fluvii,
604 2451 650 2486 ut
680 2447 865 2486 Zosimus
899 2451 920 2485 1
953 2450 1006 2486 31
1045 2447 1182 2496 docet,
1213 2448 1374 2497 accolis,
1401 2452 1557 2488 remota

119 2499 304 2550 cogitare
333 2499 477 2551 coepit,
509 2501 836 2554 occasionemque
868 2503 1023 2542 Ortelio
1052 2507 1171 2555 atque
1201 2503 1315 2553 aliis,
1344 2480 1387 2543 u⁷t
1411 2503 1556 2543 Histri-

118 2564 207 2594 cam
239 2552 443 2594 civitatem
475 2555 527 2595 ab
548 2556 653 2596 Istro
680 2556 907 2597 distinctam
935 2562 1212 2609 memorarent,
1244 2559 1442 2610 praebuit.

226 2615 337 2660 Ibid.
413 2619 758 2671 Κωνσταντιάνα]
800 2623 961 2663 videtur
1005 2635 1093 2663 esse
1140 2623 1556 2665 CONSTANTIANA

118 2670 342 2727 DAPHNE,
371 2687 489 2730 quam
519 2688 542 2716 e
569 2689 687 2718 numo
712 2677 970 2720 Constantini
997 2680 1165 2733 egregie
1193 2680 1416 2722 illustravit
1431 2681 1552 2723 fleur.
