<?xml version="1.0" encoding="UTF-8"?>
<!DOCTYPE html PUBLIC "-//W3C//DTD XHTML 1.0 Transitional//EN"
    "http://www.w3.org/TR/xhtml1/DTD/xhtml1-transitional.dtd">
<html xmlns="http://www.w3.org/1999/xhtml" xml:lang="en" lang="en">
 <head>
  <title>
</title>
<meta http-equiv="Content-Type" content="text/html;charset=utf-8" />
  <meta name='ocr-system' content='tesseract 3.04.00' />
  <meta name='ocr-capabilities' content='ocr_page ocr_carea ocr_par ocr_line ocrx_word'/>
</head>
<body>
  <div class='ocr_page' id='page_1' title='image "./corpusscriptorum09niebuoft_0249.png"; bbox 0 0 1780 3132; ppageno 0'>
   <div class='ocr_carea' id='block_1_1' title="bbox 274 173 1546 230">
    <p class='ocr_par' dir='ltr' id='par_1_1' title="bbox 274 173 1546 230">
     <span class='ocr_line' id='line_1_1' title="bbox 274 173 1546 230; baseline -0.007 -1"><span class='ocrx_word' id='word_1_1' title='bbox 274 188 346 230; x_wconf 87' lang='lat' dir='ltr'><strong>DE</strong></span> <span class='ocrx_word' id='word_1_2' title='bbox 382 180 828 228; x_wconf 72' lang='lat' dir='ltr'><strong>ADMIle&#39;rRANDo</strong></span> <span class='ocrx_word' id='word_1_3' title='bbox 869 177 1090 221; x_wconf 82' lang='lat' dir='ltr'>IMPERIO</span> <span class='ocrx_word' id='word_1_4' title='bbox 1130 176 1248 220; x_wconf 69' lang='lat' dir='ltr'><strong>CAP.</strong></span> <span class='ocrx_word' id='word_1_5' title='bbox 1288 182 1355 225; x_wconf 85' lang='lat'><strong>51.</strong></span> <span class='ocrx_word' id='word_1_6' title='bbox 1451 173 1546 221; x_wconf 74' lang='lat'><strong>239</strong></span> 
     </span>
    </p>
   </div>
   <div class='ocr_carea' id='block_1_2' title="bbox 103 275 1555 469">
    <p class='ocr_par' dir='ltr' id='par_1_2' title="bbox 103 275 1555 469">
     <span class='ocr_line' id='line_1_2' title="bbox 104 275 1551 342; baseline -0.008 -13"><span class='ocrx_word' id='word_1_7' title='bbox 104 290 159 330; x_wconf 75' lang='grc' dir='ltr'><strong>δι’</strong></span> <span class='ocrx_word' id='word_1_8' title='bbox 185 284 238 342; x_wconf 78' lang='grc' dir='ltr'><strong><em>ἢν</em></strong></span> <span class='ocrx_word' id='word_1_9' title='bbox 265 287 454 327; x_wconf 71' lang='grc' dir='ltr'><strong><em>ἐπίνοιαν</em></strong></span> <span class='ocrx_word' id='word_1_10' title='bbox 480 284 553 326; x_wconf 82' lang='grc' dir='ltr'><strong>καὶ</strong></span> <span class='ocrx_word' id='word_1_11' title='bbox 578 279 849 336; x_wconf 73' lang='grc' dir='ltr'><strong><em>ἐκωλύθησαν</em></strong></span> <span class='ocrx_word' id='word_1_12' title='bbox 879 277 917 320; x_wconf 79' lang='grc' dir='ltr'><strong><em>οἱ</em></strong></span> <span class='ocrx_word' id='word_1_13' title='bbox 951 279 1130 331; x_wconf 65' lang='lat' dir='ltr'><strong>Tus-9202</strong></span> <span class='ocrx_word' id='word_1_14' title='bbox 1156 275 1202 317; x_wconf 87' lang='grc' dir='ltr'><strong>τὸ</strong></span> <span class='ocrx_word' id='word_1_15' title='bbox 1235 278 1396 330; x_wconf 78' lang='grc' dir='ltr'><strong><em>πρῶτον</em></strong></span> <span class='ocrx_word' id='word_1_16' title='bbox 1422 277 1551 331; x_wconf 83' lang='grc' dir='ltr'><strong><em>περᾶ-</em></strong></span> 
     </span>
     <span class='ocr_line' id='line_1_3' title="bbox 103 339 1554 405; baseline -0.009 -9"><span class='ocrx_word' id='word_1_17' title='bbox 103 370 192 396; x_wconf 79' lang='grc' dir='ltr'><strong><em>σαι.</em></strong></span> <span class='ocrx_word' id='word_1_18' title='bbox 233 350 272 392; x_wconf 67' lang='lat'><strong>‘3</strong></span> <span class='ocrx_word' id='word_1_19' title='bbox 302 346 376 392; x_wconf 76' lang='grc' dir='ltr'><strong>οὖν</strong></span> <span class='ocrx_word' id='word_1_20' title='bbox 399 349 653 405; x_wconf 81' lang='grc' dir='ltr'><strong><em>προρρηθείς</em></strong></span> <span class='ocrx_word' id='word_1_21' title='bbox 681 344 862 400; x_wconf 76' lang='grc' dir='ltr'><strong><em>Μιχαήλ</em></strong></span> <span class='ocrx_word' id='word_1_22' title='bbox 886 342 909 385; x_wconf 81' lang='grc' dir='ltr'>ὅ</span> <span class='ocrx_word' id='word_1_23' title='bbox 927 345 1153 397; x_wconf 80' lang='grc' dir='ltr'><strong><em>Βαρκαλᾶς</em></strong></span> <span class='ocrx_word' id='word_1_24' title='bbox 1179 341 1287 395; x_wconf 75' lang='grc' dir='ltr'><strong><em>μετὰ</em></strong></span> <span class='ocrx_word' id='word_1_25' title='bbox 1319 343 1391 386; x_wconf 80' lang='grc' dir='ltr'><strong><em>καί</em></strong></span> <span class='ocrx_word' id='word_1_26' title='bbox 1417 339 1554 384; x_wconf 70' lang='grc' dir='ltr'><strong><em>ἄλλων</em></strong></span> 
     </span>
     <span class='ocr_line' id='line_1_4' title="bbox 107 407 1555 469; baseline -0.008 -8"><span class='ocrx_word' id='word_1_27' title='bbox 107 419 185 461; x_wconf 75' lang='grc' dir='ltr'><strong><em>δύο</em></strong></span> <span class='ocrx_word' id='word_1_28' title='bbox 215 418 412 469; x_wconf 62' lang='grc' dir='ltr'><strong><em>πλωῖζιιων</em></strong></span> <span class='ocrx_word' id='word_1_29' title='bbox 440 411 746 468; x_wconf 73' lang='grc' dir='ltr'><strong><em>ἀναλαβόμενοι</em></strong></span> <span class='ocrx_word' id='word_1_30' title='bbox 772 410 822 453; x_wconf 80' lang='grc' dir='ltr'><strong>τὰ</strong></span> <span class='ocrx_word' id='word_1_31' title='bbox 851 407 1076 464; x_wconf 75' lang='grc' dir='ltr'><strong><em>σκουτάρια</em></strong></span> <span class='ocrx_word' id='word_1_32' title='bbox 1106 408 1179 450; x_wconf 85' lang='grc' dir='ltr'><em>καί</em></span> <span class='ocrx_word' id='word_1_33' title='bbox 1205 411 1370 450; x_wconf 63' lang='lat' dir='ltr'><strong>ona-91¹1:</strong></span> <span class='ocrx_word' id='word_1_34' title='bbox 1400 409 1555 462; x_wconf 70' lang='grc' dir='ltr'><strong><em>αὐτῶν,</em></strong></span> 
     </span>
    </p>
   </div>
   <div class='ocr_carea' id='block_1_3' title="bbox 108 472 1676 541">
    <p class='ocr_par' dir='ltr' id='par_1_3' title="bbox 108 472 1676 541">
     <span class='ocr_line' id='line_1_5' title="bbox 108 472 1676 541; baseline -0.007 -15"><span class='ocrx_word' id='word_1_35' title='bbox 108 486 284 541; x_wconf 67' lang='grc' dir='ltr'><strong><em>ἀνδρεήρ</em></strong></span> <span class='ocrx_word' id='word_1_36' title='bbox 326 484 398 524; x_wconf 83' lang='grc' dir='ltr'>καί</span> <span class='ocrx_word' id='word_1_37' title='bbox 430 481 630 538; x_wconf 80' lang='grc' dir='ltr'><em>ῥωμαλέῳ</em></span> <span class='ocrx_word' id='word_1_38' title='bbox 660 477 873 532; x_wconf 75' lang='grc' dir='ltr'><strong><em>ὁρμήματι</em></strong></span> <span class='ocrx_word' id='word_1_39' title='bbox 898 472 1202 530; x_wconf 63' lang='grc' dir='ltr'><strong>ἐκπηδήσαντες</strong></span> <span class='ocrx_word' id='word_1_40' title='bbox 1229 477 1306 516; x_wconf 83' lang='grc' dir='ltr'><strong><em>τοῦ</em></strong></span> <span class='ocrx_word' id='word_1_41' title='bbox 1334 476 1676 529; x_wconf 74' lang='grc' dir='ltr'><strong><em>χελανδιόυΡ1-12</em></strong></span> 
     </span>
    </p>
   </div>
   <div class='ocr_carea' id='block_1_4' title="bbox 61 536 1581 1862">
    <p class='ocr_par' dir='ltr' id='par_1_4' title="bbox 75 536 1567 865">
     <span class='ocr_line' id='line_1_6' title="bbox 75 536 1562 603; baseline -0.01 -12"><span class='ocrx_word' id='word_1_42' title='bbox 75 551 345 603; x_wconf 82' lang='grc' dir='ltr'><strong><em>5κατέκοψαν</em></strong></span> <span class='ocrx_word' id='word_1_43' title='bbox 371 548 442 597; x_wconf 81' lang='grc' dir='ltr'><strong>τὰς</strong></span> <span class='ocrx_word' id='word_1_44' title='bbox 475 549 598 594; x_wconf 86' lang='grc' dir='ltr'><strong><em>λε’σας</em></strong></span> <span class='ocrx_word' id='word_1_45' title='bbox 625 541 715 599; x_wconf 79' lang='grc' dir='ltr'><strong><em>ἤτοι</em></strong></span> <span class='ocrx_word' id='word_1_46' title='bbox 743 542 838 592; x_wconf 83' lang='grc' dir='ltr'><strong>τούς</strong></span> <span class='ocrx_word' id='word_1_47' title='bbox 865 540 1054 594; x_wconf 82' lang='grc' dir='ltr'><strong><em>πλοκούς,</em></strong></span> <span class='ocrx_word' id='word_1_48' title='bbox 1082 540 1154 581; x_wconf 84' lang='grc' dir='ltr'><em>καί</em></span> <span class='ocrx_word' id='word_1_49' title='bbox 1179 536 1348 594; x_wconf 77' lang='grc' dir='ltr'><em>ἤνοιξαν</em></span> <span class='ocrx_word' id='word_1_50' title='bbox 1385 541 1460 582; x_wconf 89' lang='grc' dir='ltr'><strong><em>τὸν</em></strong></span> <span class='ocrx_word' id='word_1_51' title='bbox 1486 538 1562 580; x_wconf 86' lang='grc' dir='ltr'><strong><em>πό..</em></strong></span> 
     </span>
     <span class='ocr_line' id='line_1_7' title="bbox 109 605 1551 669; baseline -0.008 -12"><span class='ocrx_word' id='word_1_52' title='bbox 109 631 182 669; x_wconf 84' lang='grc' dir='ltr'><strong>ρον</strong></span> <span class='ocrx_word' id='word_1_53' title='bbox 206 613 420 668; x_wconf 80' lang='grc' dir='ltr'><strong><em>Τούρκοις.</em></strong></span> <span class='ocrx_word' id='word_1_54' title='bbox 476 613 621 654; x_wconf 70' lang='grc' dir='ltr'><strong><em>τοῦτον</em></strong></span> <span class='ocrx_word' id='word_1_55' title='bbox 649 605 723 651; x_wconf 76' lang='grc' dir='ltr'><strong>οὖν</strong></span> <span class='ocrx_word' id='word_1_56' title='bbox 751 607 825 650; x_wconf 87' lang='grc' dir='ltr'><strong><em>τὸν</em></strong></span> <span class='ocrx_word' id='word_1_57' title='bbox 856 607 1083 660; x_wconf 82' lang='grc' dir='ltr'><strong><em>Βαρκαλᾶν</em></strong></span> <span class='ocrx_word' id='word_1_58' title='bbox 1113 605 1151 648; x_wconf 84' lang='grc' dir='ltr'><strong><em>οἱ</em></strong></span> <span class='ocrx_word' id='word_1_59' title='bbox 1188 608 1366 659; x_wconf 82' lang='grc' dir='ltr'><strong><em>Τοῦρκοι</em></strong></span> <span class='ocrx_word' id='word_1_60' title='bbox 1395 605 1551 654; x_wconf 79' lang='grc' dir='ltr'><strong><em>ἰδόντες</em></strong></span> 
     </span>
     <span class='ocr_line' id='line_1_8' title="bbox 111 667 1565 734; baseline -0.008 -10"><span class='ocrx_word' id='word_1_61' title='bbox 111 683 183 724; x_wconf 76' lang='grc' dir='ltr'><em>καί</em></span> <span class='ocrx_word' id='word_1_62' title='bbox 209 679 253 723; x_wconf 79' lang='grc' dir='ltr'><strong>τὸ</strong></span> <span class='ocrx_word' id='word_1_63' title='bbox 281 680 474 734; x_wconf 72' lang='grc' dir='ltr'><strong><em>ἀνδρεῖον</em></strong></span> <span class='ocrx_word' id='word_1_64' title='bbox 514 678 648 718; x_wconf 76' lang='grc' dir='ltr'><strong>αιῖτοῦ</strong></span> <span class='ocrx_word' id='word_1_65' title='bbox 679 670 1107 728; x_wconf 77' lang='grc' dir='ltr'><strong><em>ὖπερθαυμάσαντες,</em></strong></span> <span class='ocrx_word' id='word_1_66' title='bbox 1136 667 1200 714; x_wconf 85' lang='grc' dir='ltr'><strong>ὅτι</strong></span> <span class='ocrx_word' id='word_1_67' title='bbox 1229 669 1352 724; x_wconf 81' lang='grc' dir='ltr'><strong><em>μόνος</em></strong></span> <span class='ocrx_word' id='word_1_68' title='bbox 1381 674 1462 713; x_wconf 76' lang='grc' dir='ltr'><strong><em>ταῖν</em></strong></span> <span class='ocrx_word' id='word_1_69' title='bbox 1490 672 1565 713; x_wconf 81' lang='grc' dir='ltr'><strong><em>δύο</em></strong></span> 
     </span>
     <span class='ocr_line' id='line_1_9' title="bbox 114 737 1567 802; baseline -0.007 -14"><span class='ocrx_word' id='word_1_70' title='bbox 114 745 476 802; x_wconf 82' lang='grc' dir='ltr'><strong><em>προπορευόμενος</em></strong></span> <span class='ocrx_word' id='word_1_71' title='bbox 505 743 701 795; x_wconf 80' lang='grc' dir='ltr'><strong><em>πλωΐμων</em></strong></span> <span class='ocrx_word' id='word_1_72' title='bbox 729 741 889 795; x_wconf 79' lang='grc' dir='ltr'><strong><em>πρῶτος</em></strong></span> <span class='ocrx_word' id='word_1_73' title='bbox 918 740 1123 790; x_wconf 80' lang='grc' dir='ltr'><strong><em>κατέκοψε</em></strong></span> <span class='ocrx_word' id='word_1_74' title='bbox 1162 737 1234 780; x_wconf 81' lang='grc' dir='ltr'><strong><em>τὸν</em></strong></span> <span class='ocrx_word' id='word_1_75' title='bbox 1263 737 1424 794; x_wconf 72' lang='grc' dir='ltr'><strong><em>πλοκάν,</em></strong></span> <span class='ocrx_word' id='word_1_76' title='bbox 1453 741 1567 779; x_wconf 81' lang='grc' dir='ltr'><strong><em>θαυ-</em></strong></span> 
     </span>
     <span class='ocr_line' id='line_1_10' title="bbox 115 803 1567 865; baseline -0.007 -11"><span class='ocrx_word' id='word_1_77' title='bbox 115 812 321 865; x_wconf 78' lang='grc' dir='ltr'><strong><em>μάσαντες</em></strong></span> <span class='ocrx_word' id='word_1_78' title='bbox 365 806 479 851; x_wconf 78' lang='grc' dir='ltr'><strong><em>εἶπον</em></strong></span> <span class='ocrx_word' id='word_1_79' title='bbox 518 804 578 849; x_wconf 78' lang='grc' dir='ltr'><strong>ὅτι</strong></span> <span class='ocrx_word' id='word_1_80' title='bbox 625 809 774 848; x_wconf 77' lang='grc' dir='ltr'><strong><em>τοῦτον</em></strong></span> <span class='ocrx_word' id='word_1_81' title='bbox 813 803 988 859; x_wconf 78' lang='grc' dir='ltr'><strong><em>ἔπρεπεν</em></strong></span> <span class='ocrx_word' id='word_1_82' title='bbox 1033 803 1313 857; x_wconf 75' lang='grc' dir='ltr'><strong><em>ὀνομάζεσθαι</em></strong></span> <span class='ocrx_word' id='word_1_83' title='bbox 1350 805 1567 857; x_wconf 76' lang='grc' dir='ltr'><strong><em>πατρίκιον</em></strong></span> 
     </span>
    </p>

    <p class='ocr_par' dir='ltr' id='par_1_5' title="bbox 61 865 1573 1193">
     <span class='ocr_line' id='line_1_11' title="bbox 61 865 1567 931; baseline -0.009 -11"><span class='ocrx_word' id='word_1_84' title='bbox 61 885 105 920; x_wconf 83' lang='grc'><strong>10</strong></span> <span class='ocrx_word' id='word_1_85' title='bbox 118 880 191 920; x_wconf 73' lang='grc' dir='ltr'><strong>καὶ</strong></span> <span class='ocrx_word' id='word_1_86' title='bbox 221 873 330 919; x_wconf 78' lang='grc' dir='ltr'><strong><em>εἶναι</em></strong></span> <span class='ocrx_word' id='word_1_87' title='bbox 355 872 542 931; x_wconf 77' lang='grc' dir='ltr'><strong><em>κεφαλήν</em></strong></span> <span class='ocrx_word' id='word_1_88' title='bbox 575 875 652 915; x_wconf 84' lang='grc' dir='ltr'><strong><em>τοῦ</em></strong></span> <span class='ocrx_word' id='word_1_89' title='bbox 681 873 885 923; x_wconf 77' lang='grc' dir='ltr'><strong><em>πλωΐμου.</em></strong></span> <span class='ocrx_word' id='word_1_90' title='bbox 922 868 996 923; x_wconf 68' lang='grc' dir='ltr'><strong><em>την</em></strong></span> <span class='ocrx_word' id='word_1_91' title='bbox 1026 865 1100 910; x_wconf 76' lang='grc' dir='ltr'><strong>οὖν</strong></span> <span class='ocrx_word' id='word_1_92' title='bbox 1129 870 1203 910; x_wconf 81' lang='grc' dir='ltr'><strong><em>τοῦ</em></strong></span> <span class='ocrx_word' id='word_1_93' title='bbox 1236 871 1463 924; x_wconf 82' lang='grc' dir='ltr'><strong><em>Βαρκαλοῦ</em></strong></span> <span class='ocrx_word' id='word_1_94' title='bbox 1491 867 1567 910; x_wconf 84' lang='grc' dir='ltr'><strong><em>οἷν-</em></strong></span> 
     </span>
     <span class='ocr_line' id='line_1_12' title="bbox 119 932 1569 998; baseline -0.008 -12"><span class='ocrx_word' id='word_1_95' title='bbox 119 942 335 998; x_wconf 79' lang='grc' dir='ltr'><strong><em>δρειότητα</em></strong></span> <span class='ocrx_word' id='word_1_96' title='bbox 363 937 547 988; x_wconf 76' lang='grc' dir='ltr'><strong><em>ἀκούσας</em></strong></span> <span class='ocrx_word' id='word_1_97' title='bbox 587 937 607 980; x_wconf 84' lang='grc' dir='ltr'>ὁ</span> <span class='ocrx_word' id='word_1_98' title='bbox 635 936 834 992; x_wconf 75' lang='grc' dir='ltr'><strong><em>βασιλεὺς</em></strong></span> <span class='ocrx_word' id='word_1_99' title='bbox 868 938 1059 990; x_wconf 65' lang='grc' dir='ltr'><strong><em>ἐποίησεν</em></strong></span> <span class='ocrx_word' id='word_1_100' title='bbox 1090 933 1220 976; x_wconf 70' lang='grc' dir='ltr'><strong><em>αὐτὸν</em></strong></span> <span class='ocrx_word' id='word_1_101' title='bbox 1247 932 1569 988; x_wconf 77' lang='grc' dir='ltr'><strong><em>δευτεροελᾰτην</em></strong></span> 
     </span>
     <span class='ocr_line' id='line_1_13' title="bbox 117 998 1573 1061; baseline -0.005 -11"><span class='ocrx_word' id='word_1_102' title='bbox 117 1009 175 1057; x_wconf 79' lang='grc' dir='ltr'><strong>εἰς</strong></span> <span class='ocrx_word' id='word_1_103' title='bbox 203 1006 249 1050; x_wconf 81' lang='grc' dir='ltr'><strong>τὸ</strong></span> <span class='ocrx_word' id='word_1_104' title='bbox 289 1004 519 1061; x_wconf 75' lang='grc' dir='ltr'><strong><em>δρομαὶνιον</em></strong></span> <span class='ocrx_word' id='word_1_105' title='bbox 551 1001 782 1056; x_wconf 85' lang='grc' dir='ltr'><strong><em>βασιλικόν.</em></strong></span> <span class='ocrx_word' id='word_1_106' title='bbox 839 998 921 1043; x_wconf 80' lang='grc' dir='ltr'><strong><em>εἶθ’</em></strong></span> <span class='ocrx_word' id='word_1_107' title='bbox 950 998 1083 1048; x_wconf 60' lang='grc' dir='ltr'><strong><em>οὕτως</em></strong></span> <span class='ocrx_word' id='word_1_108' title='bbox 1109 1001 1184 1042; x_wconf 80' lang='grc' dir='ltr'><strong><em>τοῦ</em></strong></span> <span class='ocrx_word' id='word_1_109' title='bbox 1214 998 1473 1054; x_wconf 79' lang='grc' dir='ltr'><strong><em>Ποδᾰρωνος</em></strong></span> <span class='ocrx_word' id='word_1_110' title='bbox 1501 1003 1573 1042; x_wconf 77' lang='grc' dir='ltr'><strong>καί</strong></span> 
     </span>
     <span class='ocr_line' id='line_1_14' title="bbox 116 1064 1572 1124; baseline -0.007 -8"><span class='ocrx_word' id='word_1_111' title='bbox 116 1075 193 1116; x_wconf 74' lang='grc' dir='ltr'><strong><em>τοῦ</em></strong></span> <span class='ocrx_word' id='word_1_112' title='bbox 224 1075 406 1120; x_wconf 82' lang='grc' dir='ltr'><strong><em>Λέοντος</em></strong></span> <span class='ocrx_word' id='word_1_113' title='bbox 447 1071 677 1124; x_wconf 76' lang='grc' dir='ltr'><strong><em>γενομένων</em></strong></span> <span class='ocrx_word' id='word_1_114' title='bbox 716 1070 1006 1122; x_wconf 82' lang='grc' dir='ltr'><strong><em>τοποτηρητῶν</em></strong></span> <span class='ocrx_word' id='word_1_115' title='bbox 1050 1067 1291 1121; x_wconf 75' lang='grc' dir='ltr'><strong><em>προεβλήθη</em></strong></span> <span class='ocrx_word' id='word_1_116' title='bbox 1336 1065 1357 1107; x_wconf 82' lang='grc' dir='ltr'>ὅ</span> <span class='ocrx_word' id='word_1_117' title='bbox 1389 1064 1572 1119; x_wconf 68' lang='grc' dir='ltr'><strong><em>,Μιχαὴλ</em></strong></span> 
     </span>
     <span class='ocr_line' id='line_1_15' title="bbox 119 1131 1569 1193; baseline -0.005 -15"><span class='ocrx_word' id='word_1_118' title='bbox 119 1135 304 1193; x_wconf 61' lang='grc' dir='ltr'><strong><em>τῖ’γέρων</em></strong></span> <span class='ocrx_word' id='word_1_119' title='bbox 331 1135 403 1177; x_wconf 83' lang='grc' dir='ltr'><em>καί</em></span> <span class='ocrx_word' id='word_1_120' title='bbox 433 1131 589 1185; x_wconf 75' lang='grc' dir='ltr'><strong><em>οὗτοςό</em></strong></span> <span class='ocrx_word' id='word_1_121' title='bbox 610 1136 831 1188; x_wconf 81' lang='grc' dir='ltr'><strong><em>Βαρκαλᾶς</em></strong></span> <span class='ocrx_word' id='word_1_122' title='bbox 861 1133 1180 1186; x_wconf 78' lang='grc' dir='ltr'><strong><em>πρωτοκάραβοι</em></strong></span> <span class='ocrx_word' id='word_1_123' title='bbox 1210 1134 1287 1173; x_wconf 80' lang='grc' dir='ltr'><strong><em>τοῦ</em></strong></span> <span class='ocrx_word' id='word_1_124' title='bbox 1318 1133 1569 1187; x_wconf 61' lang='grc' dir='ltr'><strong><em>δρωμονιου.</em></strong></span> 
     </span>
    </p>

    <p class='ocr_par' dir='ltr' id='par_1_6' title="bbox 66 1193 1578 1524">
     <span class='ocr_line' id='line_1_16' title="bbox 66 1193 1571 1256; baseline -0.006 -11"><span class='ocrx_word' id='word_1_125' title='bbox 66 1218 110 1254; x_wconf 77' lang='lat'><strong>15</strong></span> <span class='ocrx_word' id='word_1_126' title='bbox 220 1199 313 1245; x_wconf 80' lang='lat' dir='ltr'><strong>‘&#39;Ou</strong></span> <span class='ocrx_word' id='word_1_127' title='bbox 343 1200 365 1243; x_wconf 80' lang='grc' dir='ltr'><strong><em>ὅ</em></strong></span> <span class='ocrx_word' id='word_1_128' title='bbox 397 1202 647 1256; x_wconf 78' lang='grc' dir='ltr'><strong><em>προρρηθείς</em></strong></span> <span class='ocrx_word' id='word_1_129' title='bbox 683 1201 811 1242; x_wconf 87' lang='grc' dir='ltr'><strong><em>Λέων</em></strong></span> <span class='ocrx_word' id='word_1_130' title='bbox 840 1195 860 1238; x_wconf 83' lang='grc' dir='ltr'><em>ὃ</em></span> <span class='ocrx_word' id='word_1_131' title='bbox 892 1199 1106 1252; x_wconf 80' lang='grc' dir='ltr'><strong><em>Ἁρμένης,</em></strong></span> <span class='ocrx_word' id='word_1_132' title='bbox 1137 1193 1158 1238; x_wconf 79' lang='grc' dir='ltr'>ὅ</span> <span class='ocrx_word' id='word_1_133' title='bbox 1187 1197 1320 1251; x_wconf 79' lang='grc' dir='ltr'><strong><em>πατήρ</em></strong></span> <span class='ocrx_word' id='word_1_134' title='bbox 1352 1198 1428 1239; x_wconf 76' lang='grc' dir='ltr'><strong><em>τοῦ</em></strong></span> <span class='ocrx_word' id='word_1_135' title='bbox 1457 1214 1571 1252; x_wconf 77' lang='grc' dir='ltr'><strong><em>πρω-</em></strong></span> 
     </span>
     <span class='ocr_line' id='line_1_17' title="bbox 122 1263 1574 1322; baseline -0.005 -12"><span class='ocrx_word' id='word_1_136' title='bbox 122 1269 410 1322; x_wconf 79' lang='grc' dir='ltr'><strong><em>τοσπαθαριόυ</em></strong></span> <span class='ocrx_word' id='word_1_137' title='bbox 450 1267 669 1320; x_wconf 85' lang='grc' dir='ltr'><strong><em>Ἀρσενιόυ</em></strong></span> <span class='ocrx_word' id='word_1_138' title='bbox 713 1265 787 1306; x_wconf 82' lang='grc' dir='ltr'>καί</span> <span class='ocrx_word' id='word_1_139' title='bbox 825 1267 1109 1317; x_wconf 78' lang='grc' dir='ltr'><strong><em>μαγγλαβίτου</em></strong></span> <span class='ocrx_word' id='word_1_140' title='bbox 1139 1265 1216 1305; x_wconf 79' lang='grc' dir='ltr'><strong><em>τοῦ</em></strong></span> <span class='ocrx_word' id='word_1_141' title='bbox 1242 1263 1574 1318; x_wconf 71' lang='grc' dir='ltr'><strong><em>τελευτησαντος,</em></strong></span> 
     </span>
     <span class='ocr_line' id='line_1_18' title="bbox 123 1326 1575 1391; baseline -0.003 -15"><span class='ocrx_word' id='word_1_142' title='bbox 123 1337 293 1391; x_wconf 71' lang='grc' dir='ltr'><strong><em>τελευτᾷ</em></strong></span> <span class='ocrx_word' id='word_1_143' title='bbox 335 1331 619 1387; x_wconf 78' lang='grc' dir='ltr'><strong><em>τοποτηρητης</em></strong></span> <span class='ocrx_word' id='word_1_144' title='bbox 660 1326 718 1372; x_wconf 66' lang='grc' dir='ltr'><strong><em>ὢν</em></strong></span> <span class='ocrx_word' id='word_1_145' title='bbox 757 1331 817 1378; x_wconf 84' lang='grc' dir='ltr'><strong>εἷς</strong></span> <span class='ocrx_word' id='word_1_146' title='bbox 855 1328 898 1371; x_wconf 82' lang='grc' dir='ltr'><strong>τὸ</strong></span> <span class='ocrx_word' id='word_1_147' title='bbox 926 1327 1138 1381; x_wconf 79' lang='grc' dir='ltr'><strong><em>πλώϊμον·</em></strong></span> <span class='ocrx_word' id='word_1_148' title='bbox 1195 1328 1292 1372; x_wconf 81' lang='grc' dir='ltr'><strong>ὅδὲ</strong></span> <span class='ocrx_word' id='word_1_149' title='bbox 1325 1345 1575 1382; x_wconf 73' lang='grc' dir='ltr'><strong><em>πρωτοσπα·</em></strong></span> 
     </span>
     <span class='ocr_line' id='line_1_19' title="bbox 123 1395 1578 1454; baseline -0.004 -12"><span class='ocrx_word' id='word_1_150' title='bbox 123 1399 273 1454; x_wconf 78' lang='grc' dir='ltr'><strong><em>θᾰριος</em></strong></span> <span class='ocrx_word' id='word_1_151' title='bbox 304 1397 324 1440; x_wconf 83' lang='grc' dir='ltr'><em>ὃ</em></span> <span class='ocrx_word' id='word_1_152' title='bbox 357 1398 570 1452; x_wconf 81' lang='grc' dir='ltr'><strong><em>Ποδάρων</em></strong></span> <span class='ocrx_word' id='word_1_153' title='bbox 596 1395 701 1449; x_wconf 80' lang='grc' dir='ltr'><strong><em>μετά</em></strong></span> <span class='ocrx_word' id='word_1_154' title='bbox 731 1411 848 1445; x_wconf 86' lang='grc' dir='ltr'><strong><em>τινας</em></strong></span> <span class='ocrx_word' id='word_1_155' title='bbox 875 1395 1055 1450; x_wconf 82' lang='grc' dir='ltr'><strong><em>χρόνους</em></strong></span> <span class='ocrx_word' id='word_1_156' title='bbox 1085 1396 1325 1452; x_wconf 73' lang='grc' dir='ltr'><strong><em>προεβλήθη</em></strong></span> <span class='ocrx_word' id='word_1_157' title='bbox 1351 1395 1578 1451; x_wconf 82' lang='grc' dir='ltr'><strong><em>στρατηγὸς</em></strong></span> 
     </span>
     <span class='ocr_line' id='line_1_20' title="bbox 125 1464 920 1524; baseline -0.006 -16"><span class='ocrx_word' id='word_1_158' title='bbox 125 1469 170 1508; x_wconf 82' lang='grc' dir='ltr'><strong><em>ὲν</em></strong></span> <span class='ocrx_word' id='word_1_159' title='bbox 190 1468 246 1524; x_wconf 70' lang='grc' dir='ltr'><strong>τῷ</strong></span> <span class='ocrx_word' id='word_1_160' title='bbox 274 1467 429 1517; x_wconf 83' lang='grc' dir='ltr'><strong><em>θέματι</em></strong></span> <span class='ocrx_word' id='word_1_161' title='bbox 465 1465 548 1505; x_wconf 75' lang='grc' dir='ltr'><strong><em>τῶν</em></strong></span> <span class='ocrx_word' id='word_1_162' title='bbox 573 1464 920 1517; x_wconf 84' lang='grc' dir='ltr'><strong><em>Κιβυρραιωτῶν.</em></strong></span> 
     </span>
    </p>

    <p class='ocr_par' dir='ltr' id='par_1_7' title="bbox 69 1525 1576 1583">
     <span class='ocr_line' id='line_1_21' title="bbox 69 1525 1576 1583; baseline -0.003 -10"><span class='ocrx_word' id='word_1_163' title='bbox 69 1544 115 1582; x_wconf 78' lang='lat'><strong>20</strong></span> <span class='ocrx_word' id='word_1_164' title='bbox 227 1528 316 1573; x_wconf 85' lang='grc' dir='ltr'><strong>Ὅτι</strong></span> <span class='ocrx_word' id='word_1_165' title='bbox 358 1531 432 1572; x_wconf 76' lang='grc' dir='ltr'><strong><em>τοῦ</em></strong></span> <span class='ocrx_word' id='word_1_166' title='bbox 467 1528 728 1583; x_wconf 80' lang='grc' dir='ltr'><strong><em>Ποδάρωνος</em></strong></span> <span class='ocrx_word' id='word_1_167' title='bbox 767 1525 981 1582; x_wconf 79' lang='grc' dir='ltr'><strong><em>γεγονότος</em></strong></span> <span class='ocrx_word' id='word_1_168' title='bbox 1021 1527 1302 1582; x_wconf 81' lang='grc' dir='ltr'><strong><em>τοποτηρητοῦ</em></strong></span> <span class='ocrx_word' id='word_1_169' title='bbox 1335 1527 1576 1583; x_wconf 73' lang='grc' dir='ltr'><strong><em>προεβλήθη</em></strong></span> 
     </span>
    </p>

    <p class='ocr_par' dir='ltr' id='par_1_8' title="bbox 67 1591 1581 1782">
     <span class='ocr_line' id='line_1_22' title="bbox 67 1591 1576 1652; baseline -0.003 -13"><span class='ocrx_word' id='word_1_170' title='bbox 67 1595 69 1597; x_wconf 47' lang='grc'><strong>’</strong></span> <span class='ocrx_word' id='word_1_171' title='bbox 126 1595 506 1652; x_wconf 75' lang='grc' dir='ltr'><strong><em>πρωτοσπαθάριος</em></strong></span> <span class='ocrx_word' id='word_1_172' title='bbox 535 1593 608 1648; x_wconf 78' lang='grc' dir='ltr'><strong>της</strong></span> <span class='ocrx_word' id='word_1_173' title='bbox 637 1592 791 1650; x_wconf 77' lang='grc' dir='ltr'><strong><em>φιάλης</em></strong></span> <span class='ocrx_word' id='word_1_174' title='bbox 822 1592 845 1635; x_wconf 83' lang='lat' dir='ltr'><strong>o‘</strong></span> <span class='ocrx_word' id='word_1_175' title='bbox 874 1591 1253 1649; x_wconf 81' lang='grc' dir='ltr'><strong><em>πρωτοσπαθάριος</em></strong></span> <span class='ocrx_word' id='word_1_176' title='bbox 1280 1594 1576 1649; x_wconf 80' lang='grc' dir='ltr'><strong><em>Θεοφύλακτος</em></strong></span> 
     </span>
     <span class='ocr_line' id='line_1_23' title="bbox 128 1657 1578 1717; baseline -0.002 -13"><span class='ocrx_word' id='word_1_177' title='bbox 128 1662 149 1704; x_wconf 81' lang='grc' dir='ltr'>ὅ</span> <span class='ocrx_word' id='word_1_178' title='bbox 178 1663 453 1717; x_wconf 80' lang='grc' dir='ltr'><strong><em>Βιμβιλίδης,</em></strong></span> <span class='ocrx_word' id='word_1_179' title='bbox 482 1659 654 1714; x_wconf 82' lang='grc' dir='ltr'><strong><em>α’νεψιὸς</em></strong></span> <span class='ocrx_word' id='word_1_180' title='bbox 682 1657 901 1714; x_wconf 80' lang='grc' dir='ltr'><strong><em>τυγχάνων</em></strong></span> <span class='ocrx_word' id='word_1_181' title='bbox 927 1660 999 1701; x_wconf 82' lang='grc' dir='ltr'><strong><em>τοῦ</em></strong></span> <span class='ocrx_word' id='word_1_182' title='bbox 1027 1662 1414 1716; x_wconf 85' lang='grc' dir='ltr'><strong><em>πρωτοσπαθαριόυ</em></strong></span> <span class='ocrx_word' id='word_1_183' title='bbox 1439 1659 1578 1703; x_wconf 80' lang='grc' dir='ltr'><strong><em>Ἰωάν-</em></strong></span> 
     </span>
     <span class='ocr_line' id='line_1_24' title="bbox 131 1722 1581 1782; baseline -0.002 -11"><span class='ocrx_word' id='word_1_184' title='bbox 131 1745 218 1782; x_wconf 86' lang='grc' dir='ltr'><strong><em>νου,</em></strong></span> <span class='ocrx_word' id='word_1_185' title='bbox 245 1722 296 1770; x_wconf 69' lang='grc' dir='ltr'><strong><em>οὗ</em></strong></span> <span class='ocrx_word' id='word_1_186' title='bbox 323 1725 370 1769; x_wconf 81' lang='grc' dir='ltr'><strong>τὸ</strong></span> <span class='ocrx_word' id='word_1_187' title='bbox 402 1726 571 1780; x_wconf 76' lang='grc' dir='ltr'><strong><em>ἐπίκλην</em></strong></span> <span class='ocrx_word' id='word_1_188' title='bbox 601 1724 857 1780; x_wconf 81' lang='grc' dir='ltr'><strong><em>Θαλάσσων,</em></strong></span> <span class='ocrx_word' id='word_1_189' title='bbox 905 1727 978 1767; x_wconf 77' lang='grc' dir='ltr'><em>καί</em></span> <span class='ocrx_word' id='word_1_190' title='bbox 1016 1726 1229 1780; x_wconf 68' lang='grc' dir='ltr'><strong><em>διήρκεσεν</em></strong></span> <span class='ocrx_word' id='word_1_191' title='bbox 1267 1726 1314 1768; x_wconf 79' lang='grc' dir='ltr'><strong><em>ἐν</em></strong></span> <span class='ocrx_word' id='word_1_192' title='bbox 1353 1723 1471 1768; x_wconf 76' lang='grc' dir='ltr'><strong><em>ἔτεσί</em></strong></span> <span class='ocrx_word' id='word_1_193' title='bbox 1497 1741 1581 1769; x_wconf 80' lang='grc' dir='ltr'><strong><em>τισι</em></strong></span> 
     </span>
    </p>

    <p class='ocr_par' dir='ltr' id='par_1_9' title="bbox 228 1813 567 1862">
     <span class='ocr_line' id='line_1_25' title="bbox 228 1813 567 1862; baseline -0.006 -11"><span class='ocrx_word' id='word_1_194' title='bbox 228 1818 270 1851; x_wconf 81' lang='lat'><strong>12</strong></span> <span class='ocrx_word' id='word_1_195' title='bbox 294 1813 336 1852; x_wconf 85' lang='grc' dir='ltr'><strong>τὸ</strong></span> <span class='ocrx_word' id='word_1_196' title='bbox 361 1816 415 1862; x_wconf 81' lang='grc' dir='ltr'><strong>δρ.</strong></span> <span class='ocrx_word' id='word_1_197' title='bbox 442 1813 481 1850; x_wconf 81' lang='grc' dir='ltr'><strong>τὸ</strong></span> <span class='ocrx_word' id='word_1_198' title='bbox 507 1815 567 1861; x_wconf 68' lang='grc' dir='ltr'><strong>β.ῗ</strong></span> 
     </span>
    </p>
   </div>
   <div class='ocr_carea' id='block_1_5' title="bbox 135 1894 1632 2789">
    <p class='ocr_par' dir='ltr' id='par_1_10' title="bbox 135 1894 1632 2456">
     <span class='ocr_line' id='line_1_26' title="bbox 135 1894 1581 1944; baseline 0 -14"><span class='ocrx_word' id='word_1_199' title='bbox 135 1897 276 1944; x_wconf 74' lang='lat' dir='ltr'><strong>pediu-et</strong></span> <span class='ocrx_word' id='word_1_200' title='bbox 302 1908 372 1942; x_wconf 91' lang='lat' dir='ltr'><strong>quo</strong></span> <span class='ocrx_word' id='word_1_201' title='bbox 404 1895 521 1928; x_wconf 88' lang='lat' dir='ltr'><strong>minus</strong></span> <span class='ocrx_word' id='word_1_202' title='bbox 558 1894 595 1927; x_wconf 88' lang='lat' dir='ltr'><strong>in</strong></span> <span class='ocrx_word' id='word_1_203' title='bbox 631 1895 835 1927; x_wconf 79' lang='lat' dir='ltr'>ulteriorem</span> <span class='ocrx_word' id='word_1_204' title='bbox 863 1895 972 1939; x_wconf 84' lang='lat' dir='ltr'>ripam</span> <span class='ocrx_word' id='word_1_205' title='bbox 1001 1895 1140 1928; x_wconf 79' lang='lat' dir='ltr'><strong>Turcae</strong></span> <span class='ocrx_word' id='word_1_206' title='bbox 1166 1895 1381 1929; x_wconf 81' lang='lat' dir='ltr'><strong>exscendere</strong></span> <span class='ocrx_word' id='word_1_207' title='bbox 1416 1903 1581 1941; x_wconf 76' lang='lat' dir='ltr'><strong>possent3</strong></span> 
     </span>
     <span class='ocr_line' id='line_1_27' title="bbox 135 1941 1585 1990; baseline 0 -13"><span class='ocrx_word' id='word_1_208' title='bbox 135 1951 244 1990; x_wconf 85' lang='lat' dir='ltr'><strong>atque</strong></span> <span class='ocrx_word' id='word_1_209' title='bbox 270 1945 321 1976; x_wconf 82' lang='lat' dir='ltr'><strong>ita</strong></span> <span class='ocrx_word' id='word_1_210' title='bbox 358 1943 508 1986; x_wconf 84' lang='lat' dir='ltr'><strong>primum</strong></span> <span class='ocrx_word' id='word_1_211' title='bbox 534 1942 672 1974; x_wconf 79' lang='lat' dir='ltr'><strong>Turcae.</strong></span> <span class='ocrx_word' id='word_1_212' title='bbox 701 1952 868 1975; x_wconf 80' lang='lat' dir='ltr'><strong>exscensu</strong></span> <span class='ocrx_word' id='word_1_213' title='bbox 904 1941 1052 1974; x_wconf 89' lang='lat' dir='ltr'><strong>cohibiti</strong></span> <span class='ocrx_word' id='word_1_214' title='bbox 1081 1947 1176 1978; x_wconf 73' lang='lat' dir='ltr'><strong>sunt.</strong></span> <span class='ocrx_word' id='word_1_215' title='bbox 1225 1942 1324 1987; x_wconf 85' lang='lat' dir='ltr'><strong>quod</strong></span> <span class='ocrx_word' id='word_1_216' title='bbox 1347 1954 1426 1976; x_wconf 85' lang='lat' dir='ltr'><strong>cum</strong></span> <span class='ocrx_word' id='word_1_217' title='bbox 1450 1944 1501 1977; x_wconf 85' lang='lat' dir='ltr'><strong>ita</strong></span> <span class='ocrx_word' id='word_1_218' title='bbox 1526 1956 1585 1978; x_wconf 93' lang='lat' dir='ltr'><strong>es-</strong></span> 
     </span>
     <span class='ocr_line' id='line_1_28' title="bbox 135 1987 1632 2033; baseline 0 -9"><span class='ocrx_word' id='word_1_219' title='bbox 135 1997 201 2031; x_wconf 79' lang='lat' dir='ltr'><strong>set,</strong></span> <span class='ocrx_word' id='word_1_220' title='bbox 226 1989 392 2028; x_wconf 83' lang='lat' dir='ltr'><strong>Michael,</strong></span> <span class='ocrx_word' id='word_1_221' title='bbox 417 1999 523 2033; x_wconf 86' lang='lat' dir='ltr'><strong>quem</strong></span> <span class='ocrx_word' id='word_1_222' title='bbox 549 1988 637 2027; x_wconf 81' lang='lat' dir='ltr'><strong>dixi,</strong></span> <span class='ocrx_word' id='word_1_223' title='bbox 665 1989 835 2028; x_wconf 85' lang='lat' dir='ltr'><strong>Barcalas,</strong></span> <span class='ocrx_word' id='word_1_224' title='bbox 863 1994 900 2022; x_wconf 86' lang='lat' dir='ltr'><strong>et</strong></span> <span class='ocrx_word' id='word_1_225' title='bbox 924 1999 1003 2021; x_wconf 88' lang='lat' dir='ltr'><strong>cum</strong></span> <span class='ocrx_word' id='word_1_226' title='bbox 1029 1999 1073 2021; x_wconf 84' lang='lat' dir='ltr'><strong>eo</strong></span> <span class='ocrx_word' id='word_1_227' title='bbox 1097 1987 1168 2022; x_wconf 89' lang='lat' dir='ltr'><strong>duo</strong></span> <span class='ocrx_word' id='word_1_228' title='bbox 1195 1989 1258 2021; x_wconf 83' lang='lat' dir='ltr'><strong>alii</strong></span> <span class='ocrx_word' id='word_1_229' title='bbox 1281 1995 1414 2023; x_wconf 84' lang='lat' dir='ltr'><strong>nautae</strong></span> <span class='ocrx_word' id='word_1_230' title='bbox 1438 1991 1583 2024; x_wconf 78' lang='lat' dir='ltr'><strong>classia—</strong></span> <span class='ocrx_word' id='word_1_231' title='bbox 1629 2023 1632 2028; x_wconf 88' lang='grc'><strong>,</strong></span> 
     </span>
     <span class='ocr_line' id='line_1_29' title="bbox 137 2034 1586 2082; baseline 0.001 -11"><span class='ocrx_word' id='word_1_232' title='bbox 137 2038 181 2072; x_wconf 87' lang='lat' dir='ltr'><strong>rii</strong></span> <span class='ocrx_word' id='word_1_233' title='bbox 203 2036 394 2082; x_wconf 70' lang='lat' dir='ltr'>assumptis</span> <span class='ocrx_word' id='word_1_234' title='bbox 411 2035 518 2068; x_wconf 84' lang='lat' dir='ltr'><strong>scutis</strong></span> <span class='ocrx_word' id='word_1_235' title='bbox 543 2041 580 2070; x_wconf 83' lang='lat' dir='ltr'><strong>et</strong></span> <span class='ocrx_word' id='word_1_236' title='bbox 605 2035 746 2080; x_wconf 74' lang='lat' dir='ltr'><strong>gladiis,</strong></span> <span class='ocrx_word' id='word_1_237' title='bbox 770 2034 923 2068; x_wconf 80' lang='lat' dir='ltr'><strong>viriiiter</strong></span> <span class='ocrx_word' id='word_1_238' title='bbox 946 2036 1053 2080; x_wconf 87' lang='lat' dir='ltr'><strong>plane</strong></span> <span class='ocrx_word' id='word_1_239' title='bbox 1079 2046 1120 2068; x_wconf 86' lang='lat' dir='ltr'><strong>ac</strong></span> <span class='ocrx_word' id='word_1_240' title='bbox 1141 2037 1284 2070; x_wconf 84' lang='lat' dir='ltr'><strong>fortiter</strong></span> <span class='ocrx_word' id='word_1_241' title='bbox 1308 2036 1498 2071; x_wconf 87' lang='lat' dir='ltr'><strong>chelandio</strong></span> <span class='ocrx_word' id='word_1_242' title='bbox 1525 2049 1586 2072; x_wconf 84' lang='lat' dir='ltr'><strong>ex·</strong></span> 
     </span>
     <span class='ocr_line' id='line_1_30' title="bbox 135 2081 1588 2130; baseline 0 -11"><span class='ocrx_word' id='word_1_243' title='bbox 135 2085 324 2123; x_wconf 70' lang='lat' dir='ltr'><strong>sitientes,</strong></span> <span class='ocrx_word' id='word_1_244' title='bbox 361 2083 464 2116; x_wconf 82' lang='lat' dir='ltr'><strong>funes</strong></span> <span class='ocrx_word' id='word_1_245' title='bbox 491 2082 564 2115; x_wconf 87' lang='lat' dir='ltr'><strong>sive</strong></span> <span class='ocrx_word' id='word_1_246' title='bbox 591 2088 733 2115; x_wconf 86' lang='lat' dir='ltr'><strong>catenas</strong></span> <span class='ocrx_word' id='word_1_247' title='bbox 763 2081 984 2116; x_wconf 80' lang='lat' dir='ltr'><strong>disciderunt</strong></span> <span class='ocrx_word' id='word_1_248' title='bbox 1008 2087 1046 2115; x_wconf 81' lang='lat' dir='ltr'><strong>et</strong></span> <span class='ocrx_word' id='word_1_249' title='bbox 1069 2084 1258 2116; x_wconf 83' lang='lat' dir='ltr'><strong>transitum</strong></span> <span class='ocrx_word' id='word_1_250' title='bbox 1281 2083 1408 2118; x_wconf 88' lang='lat' dir='ltr'><strong>Turcis</strong></span> <span class='ocrx_word' id='word_1_251' title='bbox 1435 2096 1588 2130; x_wconf 81' lang='lat' dir='ltr'><strong>aperue—</strong></span> 
     </span>
     <span class='ocr_line' id='line_1_31' title="bbox 139 2128 1589 2174; baseline 0.001 -9"><span class='ocrx_word' id='word_1_252' title='bbox 139 2137 231 2165; x_wconf 86' lang='lat' dir='ltr'><strong>ruut.</strong></span> <span class='ocrx_word' id='word_1_253' title='bbox 280 2130 418 2163; x_wconf 83' lang='lat' dir='ltr'><strong>Turcae</strong></span> <span class='ocrx_word' id='word_1_254' title='bbox 454 2129 577 2173; x_wconf 85' lang='lat' dir='ltr'><strong>itaque</strong></span> <span class='ocrx_word' id='word_1_255' title='bbox 610 2128 675 2162; x_wconf 87' lang='lat' dir='ltr'><strong>ubi</strong></span> <span class='ocrx_word' id='word_1_256' title='bbox 711 2129 842 2162; x_wconf 82' lang='lat' dir='ltr'><strong>factum</strong></span> <span class='ocrx_word' id='word_1_257' title='bbox 879 2129 948 2162; x_wconf 87' lang='lat' dir='ltr'><strong>hoc</strong></span> <span class='ocrx_word' id='word_1_258' title='bbox 980 2130 1160 2174; x_wconf 83' lang='lat' dir='ltr'><strong>egregium</strong></span> <span class='ocrx_word' id='word_1_259' title='bbox 1195 2130 1361 2165; x_wconf 80' lang='lat' dir='ltr'><strong>Barcalae</strong></span> <span class='ocrx_word' id='word_1_260' title='bbox 1402 2131 1589 2174; x_wconf 86' lang='lat' dir='ltr'><strong>vidissent,</strong></span> 
     </span>
     <span class='ocr_line' id='line_1_32' title="bbox 139 2175 1588 2221; baseline 0.001 -10"><span class='ocrx_word' id='word_1_261' title='bbox 139 2189 222 2211; x_wconf 78' lang='lat' dir='ltr'><strong>eum</strong></span> <span class='ocrx_word' id='word_1_262' title='bbox 246 2177 361 2211; x_wconf 86' lang='lat' dir='ltr'><strong>solum</strong></span> <span class='ocrx_word' id='word_1_263' title='bbox 384 2175 522 2209; x_wconf 87' lang='lat' dir='ltr'><strong>duobus</strong></span> <span class='ocrx_word' id='word_1_264' title='bbox 541 2176 661 2210; x_wconf 85' lang='lat' dir='ltr'><strong>nautis</strong></span> <span class='ocrx_word' id='word_1_265' title='bbox 682 2176 871 2209; x_wconf 80' lang='lat' dir='ltr'><strong>classiariis</strong></span> <span class='ocrx_word' id='word_1_266' title='bbox 890 2182 1123 2221; x_wconf 87' lang='lat' dir='ltr'><strong>praeeuntem</strong></span> <span class='ocrx_word' id='word_1_267' title='bbox 1147 2178 1299 2221; x_wconf 87' lang='lat' dir='ltr'><strong>primum</strong></span> <span class='ocrx_word' id='word_1_268' title='bbox 1315 2184 1457 2212; x_wconf 85' lang='lat' dir='ltr'><strong>catenas</strong></span> <span class='ocrx_word' id='word_1_269' title='bbox 1478 2178 1588 2213; x_wconf 85' lang='lat' dir='ltr'><strong>disci-</strong></span> 
     </span>
     <span class='ocr_line' id='line_1_33' title="bbox 139 2222 1589 2272; baseline 0.001 -15"><span class='ocrx_word' id='word_1_270' title='bbox 139 2225 253 2265; x_wconf 81' lang='lat' dir='ltr'><strong>disse,</strong></span> <span class='ocrx_word' id='word_1_271' title='bbox 285 2235 363 2256; x_wconf 85' lang='lat' dir='ltr'><strong>cum</strong></span> <span class='ocrx_word' id='word_1_272' title='bbox 393 2234 526 2256; x_wconf 83' lang='lat' dir='ltr'><strong>summa</strong></span> <span class='ocrx_word' id='word_1_273' title='bbox 550 2223 785 2256; x_wconf 78' lang='lat' dir='ltr'><strong>admiratione</strong></span> <span class='ocrx_word' id='word_1_274' title='bbox 811 2222 980 2256; x_wconf 87' lang='lat' dir='ltr'><strong>dixerunt</strong></span> <span class='ocrx_word' id='word_1_275' title='bbox 1005 2223 1102 2256; x_wconf 87' lang='lat' dir='ltr'><strong>hunc</strong></span> <span class='ocrx_word' id='word_1_276' title='bbox 1126 2223 1267 2269; x_wconf 86' lang='lat' dir='ltr'><strong>dignum</strong></span> <span class='ocrx_word' id='word_1_277' title='bbox 1292 2237 1368 2258; x_wconf 78' lang='lat' dir='ltr'><strong>esse</strong></span> <span class='ocrx_word' id='word_1_278' title='bbox 1391 2226 1452 2272; x_wconf 88' lang='lat' dir='ltr'><strong>qui</strong></span> <span class='ocrx_word' id='word_1_279' title='bbox 1478 2227 1589 2270; x_wconf 80' lang='lat' dir='ltr'><strong>patri-</strong></span> 
     </span>
     <span class='ocr_line' id='line_1_34' title="bbox 141 2270 1589 2318; baseline 0.002 -15"><span class='ocrx_word' id='word_1_280' title='bbox 141 2272 216 2304; x_wconf 86' lang='lat' dir='ltr'><strong>cius</strong></span> <span class='ocrx_word' id='word_1_281' title='bbox 251 2270 354 2303; x_wconf 74' lang='lat' dir='ltr'><strong>fieret</strong></span> <span class='ocrx_word' id='word_1_282' title='bbox 379 2275 417 2303; x_wconf 86' lang='lat' dir='ltr'><strong>et</strong></span> <span class='ocrx_word' id='word_1_283' title='bbox 440 2270 490 2303; x_wconf 82' lang='lat' dir='ltr'><strong>rei</strong></span> <span class='ocrx_word' id='word_1_284' title='bbox 518 2271 637 2304; x_wconf 85' lang='lat' dir='ltr'><strong>navali</strong></span> <span class='ocrx_word' id='word_1_285' title='bbox 674 2271 948 2315; x_wconf 81' lang='lat' dir='ltr'><strong>praeficeretur3</strong></span> <span class='ocrx_word' id='word_1_286' title='bbox 988 2270 1217 2316; x_wconf 82' lang='lat' dir='ltr'><strong>quamobrem</strong></span> <span class='ocrx_word' id='word_1_287' title='bbox 1248 2272 1356 2306; x_wconf 84' lang='lat' dir='ltr'><strong>etiam</strong></span> <span class='ocrx_word' id='word_1_288' title='bbox 1382 2274 1589 2318; x_wconf 76' lang='lat' dir='ltr'><strong>imperator,</strong></span> 
     </span>
     <span class='ocr_line' id='line_1_35' title="bbox 141 2316 1591 2362; baseline 0.003 -12"><span class='ocrx_word' id='word_1_289' title='bbox 141 2318 307 2351; x_wconf 77' lang='lat' dir='ltr'><strong>Barcalae</strong></span> <span class='ocrx_word' id='word_1_290' title='bbox 334 2316 546 2350; x_wconf 82' lang='lat' dir='ltr'><strong>fortitudine</strong></span> <span class='ocrx_word' id='word_1_291' title='bbox 584 2317 631 2350; x_wconf 89' lang='lat' dir='ltr'><strong>ad</strong></span> <span class='ocrx_word' id='word_1_292' title='bbox 670 2318 781 2362; x_wconf 87' lang='lat' dir='ltr'><strong>ipsius</strong></span> <span class='ocrx_word' id='word_1_293' title='bbox 812 2328 913 2350; x_wconf 85' lang='lat' dir='ltr'><strong>aures</strong></span> <span class='ocrx_word' id='word_1_294' title='bbox 940 2317 1084 2358; x_wconf 80' lang='lat' dir='ltr'><strong>delata,</strong></span> <span class='ocrx_word' id='word_1_295' title='bbox 1111 2318 1290 2352; x_wconf 83' lang='lat' dir='ltr'><strong>dromonii</strong></span> <span class='ocrx_word' id='word_1_296' title='bbox 1313 2320 1366 2352; x_wconf 85' lang='lat' dir='ltr'><strong>sui</strong></span> <span class='ocrx_word' id='word_1_297' title='bbox 1397 2320 1591 2354; x_wconf 61' lang='lat' dir='ltr'><strong>deutero&amp;-</strong></span> 
     </span>
     <span class='ocr_line' id='line_1_36' title="bbox 144 2364 1592 2408; baseline 0.003 -11"><span class='ocrx_word' id='word_1_298' title='bbox 144 2366 250 2398; x_wconf 76' lang='lat' dir='ltr'><strong>tatem</strong></span> <span class='ocrx_word' id='word_1_299' title='bbox 275 2364 418 2397; x_wconf 86' lang='lat' dir='ltr'><strong>creavit.</strong></span> <span class='ocrx_word' id='word_1_300' title='bbox 466 2374 548 2397; x_wconf 85' lang='lat' dir='ltr'><strong>mox</strong></span> <span class='ocrx_word' id='word_1_301' title='bbox 573 2376 655 2397; x_wconf 86' lang='lat' dir='ltr'><strong>vero</strong></span> <span class='ocrx_word' id='word_1_302' title='bbox 682 2365 866 2398; x_wconf 79' lang='lat' dir='ltr'><strong>Podarone</strong></span> <span class='ocrx_word' id='word_1_303' title='bbox 891 2369 927 2398; x_wconf 90' lang='lat' dir='ltr'><strong>et</strong></span> <span class='ocrx_word' id='word_1_304' title='bbox 952 2364 1071 2397; x_wconf 85' lang='lat' dir='ltr'><strong>Leone</strong></span> <span class='ocrx_word' id='word_1_305' title='bbox 1099 2366 1238 2399; x_wconf 85' lang='lat' dir='ltr'><strong>vicariis</strong></span> <span class='ocrx_word' id='word_1_306' title='bbox 1261 2367 1468 2402; x_wconf 86' lang='lat' dir='ltr'><strong>constitutis</strong></span> <span class='ocrx_word' id='word_1_307' title='bbox 1486 2393 1495 2408; x_wconf 90' lang='lat'><strong>‚</strong></span> <span class='ocrx_word' id='word_1_308' title='bbox 1521 2368 1592 2401; x_wconf 91' lang='lat' dir='ltr'><strong>Mi-</strong></span> 
     </span>
     <span class='ocr_line' id='line_1_37' title="bbox 144 2411 1498 2456; baseline 0.003 -12"><span class='ocrx_word' id='word_1_309' title='bbox 144 2411 246 2445; x_wconf 81' lang='lat' dir='ltr'><strong>chael</strong></span> <span class='ocrx_word' id='word_1_310' title='bbox 274 2411 338 2444; x_wconf 80' lang='lat' dir='ltr'><strong>ine</strong></span> <span class='ocrx_word' id='word_1_311' title='bbox 363 2421 472 2444; x_wconf 82' lang='lat' dir='ltr'><strong>senex</strong></span> <span class='ocrx_word' id='word_1_312' title='bbox 497 2416 534 2444; x_wconf 86' lang='lat' dir='ltr'><strong>et</strong></span> <span class='ocrx_word' id='word_1_313' title='bbox 557 2411 616 2445; x_wconf 89' lang='lat' dir='ltr'><strong>hic</strong></span> <span class='ocrx_word' id='word_1_314' title='bbox 646 2412 804 2445; x_wconf 84' lang='lat' dir='ltr'><strong>Barcalas</strong></span> <span class='ocrx_word' id='word_1_315' title='bbox 828 2411 1054 2456; x_wconf 84' lang='lat' dir='ltr'><strong>protocarabi</strong></span> <span class='ocrx_word' id='word_1_316' title='bbox 1081 2411 1258 2446; x_wconf 87' lang='lat' dir='ltr'><strong>dromonii</strong></span> <span class='ocrx_word' id='word_1_317' title='bbox 1288 2413 1373 2448; x_wconf 88' lang='lat' dir='ltr'><strong>facti</strong></span> <span class='ocrx_word' id='word_1_318' title='bbox 1402 2420 1498 2448; x_wconf 81' lang='lat' dir='ltr'><strong>sunt.</strong></span> 
     </span>
    </p>

    <p class='ocr_par' dir='ltr' id='par_1_11' title="bbox 145 2457 1597 2642">
     <span class='ocr_line' id='line_1_38' title="bbox 235 2457 1594 2505; baseline 0.003 -14"><span class='ocrx_word' id='word_1_319' title='bbox 235 2458 281 2491; x_wconf 85' lang='lat' dir='ltr'><strong>Et</strong></span> <span class='ocrx_word' id='word_1_320' title='bbox 303 2457 508 2502; x_wconf 81' lang='lat' dir='ltr'><strong>praedictus</strong></span> <span class='ocrx_word' id='word_1_321' title='bbox 534 2458 679 2502; x_wconf 85' lang='lat' dir='ltr'><strong>quidem</strong></span> <span class='ocrx_word' id='word_1_322' title='bbox 707 2459 780 2492; x_wconf 89' lang='lat' dir='ltr'><strong>Leo</strong></span> <span class='ocrx_word' id='word_1_323' title='bbox 805 2458 992 2492; x_wconf 85' lang='lat' dir='ltr'><strong>Armenius</strong></span> <span class='ocrx_word' id='word_1_324' title='bbox 1012 2483 1022 2498; x_wconf 89' lang='lat'>,</span> <span class='ocrx_word' id='word_1_325' title='bbox 1058 2459 1338 2505; x_wconf 81' lang='lat' dir='ltr'><strong>protospatharii</strong></span> <span class='ocrx_word' id='word_1_326' title='bbox 1364 2467 1402 2495; x_wconf 91' lang='lat' dir='ltr'><strong>et</strong></span> <span class='ocrx_word' id='word_1_327' title='bbox 1436 2464 1594 2496; x_wconf 80' lang='lat' dir='ltr'><strong>maneta-</strong></span> 
     </span>
     <span class='ocr_line' id='line_1_39' title="bbox 145 2504 1592 2550; baseline 0.003 -12"><span class='ocrx_word' id='word_1_328' title='bbox 145 2506 242 2539; x_wconf 76' lang='lat' dir='ltr'><strong>bitae</strong></span> <span class='ocrx_word' id='word_1_329' title='bbox 257 2505 395 2538; x_wconf 77' lang='lat' dir='ltr'><strong>Arsenii</strong></span> <span class='ocrx_word' id='word_1_330' title='bbox 419 2504 582 2539; x_wconf 82' lang='lat' dir='ltr'><strong>defuncti</strong></span> <span class='ocrx_word' id='word_1_331' title='bbox 607 2512 721 2550; x_wconf 80' lang='lat' dir='ltr'><strong>pater,</strong></span> <span class='ocrx_word' id='word_1_332' title='bbox 744 2504 839 2539; x_wconf 90' lang='lat' dir='ltr'><strong>‹liem</strong></span> <span class='ocrx_word' id='word_1_333' title='bbox 858 2505 950 2539; x_wconf 88' lang='lat' dir='ltr'><strong>obiit</strong></span> <span class='ocrx_word' id='word_1_334' title='bbox 974 2517 1053 2538; x_wconf 87' lang='lat' dir='ltr'><strong>cum</strong></span> <span class='ocrx_word' id='word_1_335' title='bbox 1079 2507 1128 2540; x_wconf 87' lang='lat' dir='ltr'><strong>rei</strong></span> <span class='ocrx_word' id='word_1_336' title='bbox 1154 2507 1288 2541; x_wconf 82' lang='lat' dir='ltr'><strong>navalis</strong></span> <span class='ocrx_word' id='word_1_337' title='bbox 1307 2508 1457 2542; x_wconf 84' lang='lat' dir='ltr'><strong>vicarius</strong></span> <span class='ocrx_word' id='word_1_338' title='bbox 1482 2516 1592 2543; x_wconf 86' lang='lat' dir='ltr'><strong>esset:</strong></span> 
     </span>
     <span class='ocr_line' id='line_1_40' title="bbox 147 2551 1597 2600; baseline 0.003 -16"><span class='ocrx_word' id='word_1_339' title='bbox 147 2551 309 2585; x_wconf 80' lang='lat' dir='ltr'><strong>Podaron</strong></span> <span class='ocrx_word' id='word_1_340' title='bbox 336 2562 418 2584; x_wconf 84' lang='lat' dir='ltr'><strong>vero</strong></span> <span class='ocrx_word' id='word_1_341' title='bbox 443 2553 751 2597; x_wconf 78' lang='lat' dir='ltr'><strong>protospatharius</strong></span> <span class='ocrx_word' id='word_1_342' title='bbox 777 2552 932 2598; x_wconf 86' lang='lat' dir='ltr'><strong>quodam</strong></span> <span class='ocrx_word' id='word_1_343' title='bbox 959 2553 1082 2599; x_wconf 87' lang='lat' dir='ltr'><strong>elapso</strong></span> <span class='ocrx_word' id='word_1_344' title='bbox 1106 2559 1264 2600; x_wconf 84' lang='lat' dir='ltr'><strong>tempore</strong></span> <span class='ocrx_word' id='word_1_345' title='bbox 1288 2561 1435 2600; x_wconf 86' lang='lat' dir='ltr'><strong>praetor</strong></span> <span class='ocrx_word' id='word_1_346' title='bbox 1458 2562 1597 2590; x_wconf 79' lang='lat' dir='ltr'><strong>creatus</strong></span> 
     </span>
     <span class='ocr_line' id='line_1_41' title="bbox 146 2598 758 2642; baseline 0.002 -10"><span class='ocrx_word' id='word_1_347' title='bbox 146 2605 204 2633; x_wconf 81' lang='lat' dir='ltr'><strong>est</strong></span> <span class='ocrx_word' id='word_1_348' title='bbox 220 2598 388 2632; x_wconf 80' lang='lat' dir='ltr'><strong>thematis</strong></span> <span class='ocrx_word' id='word_1_349' title='bbox 413 2598 758 2642; x_wconf 81' lang='lat' dir='ltr'><strong>Cibyrrhaeotarum.</strong></span> 
     </span>
    </p>

    <p class='ocr_par' dir='ltr' id='par_1_12' title="bbox 150 2644 1602 2789">
     <span class='ocr_line' id='line_1_42' title="bbox 238 2644 1601 2693; baseline 0.004 -16"><span class='ocrx_word' id='word_1_350' title='bbox 238 2644 312 2690; x_wconf 85' lang='lat' dir='ltr'><strong>Qui</strong></span> <span class='ocrx_word' id='word_1_351' title='bbox 338 2656 418 2678; x_wconf 88' lang='lat' dir='ltr'><strong>cum</strong></span> <span class='ocrx_word' id='word_1_352' title='bbox 445 2646 594 2679; x_wconf 80' lang='lat' dir='ltr'><strong>vicarius</strong></span> <span class='ocrx_word' id='word_1_353' title='bbox 624 2647 736 2680; x_wconf 85' lang='lat' dir='ltr'><strong>factus</strong></span> <span class='ocrx_word' id='word_1_354' title='bbox 763 2652 866 2685; x_wconf 84' lang='lat' dir='ltr'><strong>esset,</strong></span> <span class='ocrx_word' id='word_1_355' title='bbox 883 2645 1026 2680; x_wconf 82' lang='lat' dir='ltr'><strong>Phialae</strong></span> <span class='ocrx_word' id='word_1_356' title='bbox 1052 2647 1362 2693; x_wconf 79' lang='lat' dir='ltr'><strong>protospatharius</strong></span> <span class='ocrx_word' id='word_1_357' title='bbox 1388 2655 1525 2683; x_wconf 87' lang='lat' dir='ltr'><strong>creatus</strong></span> <span class='ocrx_word' id='word_1_358' title='bbox 1547 2655 1601 2683; x_wconf 85' lang='lat' dir='ltr'><strong>est</strong></span> 
     </span>
     <span class='ocr_line' id='line_1_43' title="bbox 151 2691 1602 2742; baseline 0.002 -16"><span class='ocrx_word' id='word_1_359' title='bbox 151 2691 458 2737; x_wconf 80' lang='lat' dir='ltr'><strong>protospatharius</strong></span> <span class='ocrx_word' id='word_1_360' title='bbox 483 2691 779 2738; x_wconf 82' lang='lat' dir='ltr'><strong>Theophylaetus</strong></span> <span class='ocrx_word' id='word_1_361' title='bbox 804 2693 1034 2734; x_wconf 80' lang='lat' dir='ltr'><strong>Bimbilides‚</strong></span> <span class='ocrx_word' id='word_1_362' title='bbox 1058 2694 1293 2728; x_wconf 79' lang='lat' dir='ltr'><strong>consobrinus</strong></span> <span class='ocrx_word' id='word_1_363' title='bbox 1321 2696 1602 2742; x_wconf 80' lang='lat' dir='ltr'><strong>protospatharii</strong></span> 
     </span>
     <span class='ocr_line' id='line_1_44' title="bbox 150 2738 1600 2789; baseline 0.005 -18"><span class='ocrx_word' id='word_1_364' title='bbox 150 2739 291 2772; x_wconf 83' lang='lat' dir='ltr'><strong>Ioannis</strong></span> <span class='ocrx_word' id='word_1_365' title='bbox 315 2738 546 2773; x_wconf 76' lang='lat' dir='ltr'><strong>Thalassonis</strong></span> <span class='ocrx_word' id='word_1_366' title='bbox 572 2741 825 2784; x_wconf 67' lang='lat' dir='ltr'><strong>cognominati‚</strong></span> <span class='ocrx_word' id='word_1_367' title='bbox 846 2742 1152 2787; x_wconf 82' lang='lat' dir='ltr'><strong>perseveravitque</strong></span> <span class='ocrx_word' id='word_1_368' title='bbox 1179 2743 1320 2789; x_wconf 81' lang='lat' dir='ltr'><strong>aliquot</strong></span> <span class='ocrx_word' id='word_1_369' title='bbox 1343 2744 1444 2776; x_wconf 81' lang='lat' dir='ltr'><strong>annis</strong></span> <span class='ocrx_word' id='word_1_370' title='bbox 1466 2744 1600 2778; x_wconf 83' lang='lat' dir='ltr'><strong>ineun-</strong></span> 
     </span>
    </p>
   </div>
  </div>
 </body>
</html>
