1780 3132
239 136 301 178 22
503 137 869 179 CONSTANTINI
907 137 1397 181 PORPHYROGENITI

238 249 302 287 καὶ
320 246 507 299 βασιλεὺς
528 245 547 288 ὃ
571 246 750 299 ἀοίὸιιιιος
768 245 788 287 ὃ
807 247 869 287 ἐπὶ
887 249 1076 289 Λικινίου
1094 248 1353 304 μαρτυρήσας
1374 249 1470 305 ὖπὲρ
1495 254 1564 303 τῆς
1587 255 1665 292 τῶν

237 316 490 368 λ’ριστιανιῦν
510 315 694 363 πίστεως,
742 314 807 354 καὶ
834 315 1071 364 Βασιλίσκος
1093 314 1112 356 ὃ
1134 315 1333 370 Κομάνων
1353 317 1664 372 ἀρχιεπίσκοπος,

239 379 284 428 ὃς
301 381 365 420 καὶ
385 380 503 429 αὐτὸς
520 381 724 436 μαρτυρίῳ
747 378 970 434 ἐτελειώθη,
1003 383 1104 434 μεθ’
1131 378 1179 424 οἷ)
1199 383 1392 436 κατετέθη
1414 383 1459 424 τὸ
1477 385 1665 443 λείψανον

233 445 414 487 Ἰωάννου
445 450 516 487 τοῦ
534 444 850 501 λ’ρυσοστόμου,
885 446 1094 497 Βασίλειός
1125 466 1165 490 τε
1196 447 1216 489 ὃ
1240 447 1400 504 με’γαςὸ
1423 451 1665 506 Καισαρείας

237 513 443 560 ἐπίσκοπος
453 544 465 561 ,
500 514 564 552 καὶ
586 510 606 553 ὃ
626 512 817 567 θεολόγος
835 515 874 553 Γ
871 512 1053 569 ρηγόριος
1074 513 1095 555 ὅ
1115 518 1340 567 Ναζιανζοῦ
1359 516 1430 569 τὴν
1451 517 1696 570 ἕπισκοπὴνό

236 577 552 634 κληρωσάιιιενος,
574 581 657 620 νυνὶ
679 580 722 621 δὲ
741 581 782 620 ἐν
797 585 854 636 τῷ
871 585 949 622 τῶν
969 580 1199 623 ἀποστόλων
1215 587 1297 639 ναῷ
1317 585 1547 632 κατατεθεὶς
1565 583 1667 636 μετὰ

234 648 313 686 τῶν
335 650 589 700 πατριαρχεῦν
617 645 763 699 ταύτης
791 652 861 699 τῆς
891 645 1041 696 πόλεως
1061 646 1138 690 ὑπὸ
1159 654 1229 690 τοῦ
1251 650 1438 702 εὐσεβοῦς
1463 651 1528 691 καὶ
1550 654 1666 705 φιλο-

231 712 396 765 χρίστου
417 712 612 762 βασιλέως
636 714 949 764 Κωνσταντίνου,
985 715 1024 755 οἵ
1043 732 1083 756 τε
1107 716 1272 772 ἀδελφοὶ
1295 720 1366 757 τοῦ
1383 714 1556 771 μεγάλου
1577 719 1666 757 Βα-

236 779 381 818 σιλείου
391 809 404 828 ,
438 779 595 833 Πέτρος
615 796 655 820 τε
673 781 736 820 καὶ
756 781 794 819 Γ
792 778 974 835 ρηγόριος
993 783 1056 821 καὶ
1075 781 1351 839 Ναυκράτιος,
1386 781 1609 839 Καισάριός
1624 800 1665 826 τε.

237 842 257 883 ὃ
285 844 406 899 ἀδελᾳ
416 845 459 893 ὸς
480 846 519 884 Γ
517 846 699 901 ρηγοριόυ
721 850 793 886 τοῦ
816 846 1023 900 θεολόγου.
1676 851 1719 886 10

370 913 451 951 Καὶ
475 916 600 952 ταῦτα
622 913 694 964 μὲν
713 913 762 953 τὰ
780 917 850 965 τῆς
871 914 1160 964 Καππαδοκίας
1179 913 1232 964 ὥς
1253 917 1293 958 ἐν
1314 917 1490 972 ἐπιτομῇ.

624 990 727 1035 Θέμοι
747 993 871 1036 τρίτον
894 992 936 1028 τὰ
960 995 1034 1029 τῶν
1058 996 1280 1041 Θρᾳκησίων.

369 1042 428 1082 Τὸ
453 1043 495 1082 δὲ
517 1047 586 1083 νῦν
605 1042 847 1097 καλούμενον
873 1045 1109 1104 Θρακησίων
1127 1048 1237 1100 θὲμα
1257 1048 1378 1090 πάλαι
1394 1050 1468 1102 μὲν
1488 1053 1553 1091 καὶ
1571 1048 1660 1090 κατ’

236 1108 360 1162 ἀρχὰς
385 1108 496 1150 Ἀσία
526 1111 651 1165 μικρὰ
675 1109 895 1162 ὠνομάζετο
906 1143 919 1161 ,
964 1114 1030 1153 καὶ
1053 1111 1073 1154 ὃ
1095 1112 1241 1167 ταύτης
1260 1119 1415 1171 κρατῶν
1436 1114 1666 1164 ἀνθύπατος

229 1173 439 1229 Ἀσιάρχης
457 1176 618 1229 ἐλέγετο.
686 1179 751 1217 καὶ
772 1178 839 1219 ἵνα
862 1178 919 1230 μὴ
941 1180 1038 1232 λε’γω
1059 1180 1150 1228 τοὺς
1173 1180 1345 1229 ἔξωθεν,
1381 1180 1500 1229 αὐτὸς
1520 1178 1540 1221 ὃ
1558 1179 1663 1232 μάρ-
1677 1185 1720 1219 15
1741 1193 1743 1196 ·

138 1252 167 1285 P
191 1253 212 1286 8
236 1259 303 1290 τυς
331 1246 401 1293 τῆς
430 1241 620 1294 ἀληθείας
640 1245 811 1292 Λουκᾶς
839 1242 859 1283 ὃ
885 1245 1155 1298 εὖαγγελιστὴς
1182 1247 1248 1286 καὶ
1279 1244 1498 1296 ἀπόστολος
1517 1246 1558 1287 ἓν
1579 1253 1667 1295 ταῖς

234 1307 399 1364 πράξεσι
431 1312 509 1348 τῶν
542 1308 771 1351 ἀποστόλων
798 1309 843 1351 τὸ
868 1310 963 1351 αὐτὸ
990 1311 1088 1364 λέγει
1097 1342 1110 1361 ,
1143 1313 1388 1364 μεμνημένος
1407 1311 1664 1367 Ἀλεξάνδρου

235 1380 305 1415 τοῦ
328 1373 416 1416 τότε
439 1374 707 1430 πρωτεύοντος
727 1379 805 1417 τῶν
821 1376 1025 1432 Ἐφεσίων,
1061 1377 1272 1432 Ἀσιάρχην
1298 1378 1419 1420 αὐτὸν
1443 1379 1666 1421 ἀποκαλῶν.

239 1439 459 1498 Θρςικιὲσιοι
492 1442 535 1483 δὲ
565 1439 840 1496 ἔπεκλήθησαν
866 1443 942 1484 ἀπὸ
975 1449 1047 1497 τῆς
1077 1444 1261 1498 τοιαύτης
1289 1447 1428 1495 αἰτίας.
1495 1447 1556 1488 ἐπὶ
1587 1450 1667 1487 τῶν

235 1507 392 1561 ἡμερῶν
419 1506 632 1549 Ἀλυάττου
662 1513 734 1550 τοῦ
759 1513 838 1551 τῶν
858 1512 1013 1552 Λυὸιῦν
1041 1512 1237 1563 βασιλέως
1265 1511 1364 1566 ἀνήρ
1386 1530 1446 1561 τις
1471 1513 1573 1566 μετὰ
1593 1517 1666 1567 τῆς
1677 1518 1720 1551 20

235 1574 416 1628 γυναικὸς
435 1577 499 1615 καὶ
519 1579 597 1616 τῶν
616 1576 738 1617 αὐτοῦ
757 1578 900 1619 τέκνων
918 1579 960 1618 ἐκ
980 1579 1148 1627 Μυσίας
1164 1583 1234 1631 τῆς
1250 1583 1328 1620 τῶν
1345 1579 1517 1636 Θρακῶν
1528 1578 1667 1636 χώρας

237 1639 465 1696 ὁρμώμενος
475 1673 487 1691 ,
522 1636 569 1695 ἧς
587 1644 652 1683 καὶ
668 1642 846 1699 “Όμηρος
864 1643 1095 1697 μνημονεύει
1114 1645 1235 1699 λέγων
1251 1645 1397 1695 οὕτως,

328 1736 346 1768 1
371 1734 445 1766 τῶν
469 1746 521 1767 om
544 1735 574 1768 C
709 1736 732 1769 Ξ
755 1735 816 1769 καὶ
839 1734 858 1770 ὁ
883 1736 1087 1781 βασιλίσκος
1109 1736 1171 1770 AV
1290 1738 1311 1771 5
1336 1734 1613 1781 ἀρχιεπίσκοπος
1636 1740 1668 1770 V

327 1779 348 1812 6
371 1775 408 1811 ἐν
432 1780 498 1812 add
520 1780 550 1813 A
707 1782 729 1815 8
752 1781 1031 1814 Κωνσταντίνου
1063 1793 1115 1815 om
1148 1782 1178 1815 C
1333 1784 1356 1816 9
1384 1782 1605 1826 παγκράτιος
1635 1784 1667 1816 V

325 1823 386 1856 καὶ
402 1822 591 1867 καισάριός
605 1835 643 1858 τε
660 1826 701 1867 V,
725 1824 787 1858 καὶ
803 1824 990 1867 καισοὶριος
1007 1823 1045 1859 δὲ
1062 1826 1089 1859 A
1182 1827 1222 1860 11
1239 1823 1289 1866 ὥς
1303 1838 1356 1861 om
1371 1828 1400 1861 C
1489 1828 1535 1862 20
1548 1826 1666 1863 ἀλυώ-

324 1879 391 1901 του
417 1868 445 1900 C
579 1870 647 1912 τῆς
669 1881 722 1903 om
747 1871 776 1903 V
909 1871 952 1905 21
977 1868 1110 1907 ἑαυτοῦ
1133 1871 1166 1904 V

237 1944 293 1978 nio
325 1945 522 1988 martyrium
550 1957 613 1991 pro
644 1946 712 1980 fide
745 1946 943 1981 Christiana
974 1947 1098 1990 subiit,
1132 1952 1166 1982 et
1194 1947 1378 1982 Basiliscus
1409 1949 1669 1985 Comanensium

237 1989 526 2034 archiepiscopus,
563 1991 621 2035 qui
644 1992 745 2025 etiam
770 1992 845 2036 ipse
870 1992 1035 2037 martyrio
1060 1992 1146 2026 obiit
1169 1998 1204 2028 et
1227 2003 1299 2026 cum
1322 2004 1389 2038 quo
1412 1995 1570 2029 conditae
1591 1997 1669 2030 fue-

235 2039 316 2066 runt
343 2034 509 2078 reliquiae
537 2035 674 2070 Ioannis
699 2037 952 2080 Chrysostomi;
990 2042 1170 2082 praeterea
1201 2037 1345 2071 Basilius
1374 2049 1512 2082 magnus
1540 2041 1669 2075 Caesa-

236 2078 360 2111 riensis
384 2080 578 2123 episcopm,
617 2087 651 2114 et
675 2082 865 2125 Gregorius
887 2082 1078 2126 theologus,
1101 2083 1160 2126 qui
1183 2083 1248 2116 fuit
1271 2082 1451 2128 episcopus
1476 2085 1669 2120 Nazianze-

238 2134 302 2156 nus
327 2129 361 2156 et
385 2135 472 2156 nunc
495 2124 529 2157 in
554 2126 637 2158 aede
660 2126 888 2169 apostolorum
915 2139 981 2160 una
1005 2138 1077 2161 cum
1100 2126 1304 2171 patriarchis
1327 2127 1424 2161 huius
1448 2130 1541 2164 urbis
1565 2142 1587 2164 a
1610 2131 1668 2175 pio

238 2173 275 2200 et
296 2168 511 2201 Christianae
534 2170 613 2202 fidei
636 2171 883 2205 studiosissimo
917 2173 1122 2215 imperatore
1145 2171 1369 2205 Constantino
1402 2174 1534 2217 positus
1565 2175 1668 2209 iacet.

238 2213 381 2256 insuper
406 2214 528 2246 fratres
556 2215 673 2247 Basilii
696 2217 826 2259 magni,
849 2217 1011 2250 videlicet
1034 2217 1155 2250 Petrus
1180 2216 1368 2260 Gregorius
1393 2222 1429 2251 et
1448 2219 1670 2263 Naum-atius,

239 2267 303 2291 nec
326 2269 392 2290 non
417 2258 598 2292 Caesarius
622 2261 784 2304 Gregorii
806 2262 957 2305 theologi
977 2263 1098 2295 frater.

326 2302 439 2347 Atque
464 2303 548 2336 haec
571 2303 704 2347 quidem
727 2306 770 2339 de
792 2306 1011 2351 Cappadocia
1031 2305 1140 2339 veluti
1160 2305 1357 2350 compendio
1381 2305 1475 2340 dicta
1492 2306 1573 2343 sint.

578 2370 709 2404 Thema
734 2374 876 2406 tertiam
898 2373 1029 2407 dictum
1057 2372 1331 2407 Tkracesiorum.

330 2412 431 2452 Quod
455 2425 535 2447 vero
560 2427 649 2449 nunc
669 2417 931 2452 Thracesiorum
952 2419 1065 2452 thema
1085 2417 1284 2462 appellatur,
1309 2417 1386 2451 olim
1411 2416 1545 2461 quidem
1569 2423 1603 2452 et
1625 2421 1668 2453 ab

239 2457 338 2490 initio
367 2458 450 2491 Asia
472 2459 580 2492 minor
601 2461 799 2504 dicebatur,
835 2469 869 2496 et
898 2463 957 2507 qui
986 2463 1065 2496 huic
1088 2465 1246 2506 praeerat
1267 2462 1448 2506 proconsul
1474 2463 1669 2505 praefectus

239 2501 344 2535 Asiae
375 2506 647 2546 nuncupabatur.
704 2512 740 2540 et
762 2518 806 2540 ne
827 2512 987 2541 externos
1010 2509 1167 2549 afferam,
1201 2507 1276 2550 ipse
1305 2507 1404 2540 testis
1436 2511 1489 2540 est
1513 2507 1669 2541 veritatis

237 2547 350 2580 Lucas
374 2548 584 2591 evangelista
606 2557 642 2583 et
663 2551 857 2595 apostolus,
893 2553 951 2596 qui
983 2553 1019 2586 in
1041 2552 1136 2586 Actis
1167 2551 1393 2595 apostolorum
1423 2551 1511 2585 idem
1534 2552 1669 2596 asserit,

236 2592 296 2625 ubi
318 2592 520 2626 mentionem
543 2595 673 2628 faciens
697 2595 896 2640 Alexandri,
937 2597 995 2641 qui
1017 2602 1086 2630 tum
1104 2595 1266 2639 temporis
1288 2596 1379 2639 apud
1401 2595 1572 2640 Ephesios
1597 2597 1669 2640 pri-

235 2642 357 2669 matum
381 2636 572 2682 obtinebat,
609 2650 684 2673 eum
711 2641 861 2685 appellat
891 2643 1100 2686 praefectum
1131 2641 1246 2673 Asiae.
1292 2640 1556 2674 Thracesiorum
1585 2652 1670 2674 vero

235 2681 418 2723 appellatio
443 2682 529 2715 hanc
552 2683 717 2728 originem
740 2685 854 2719 habet.
900 2687 1109 2731 temporibus
1132 2684 1263 2727 Alyatti
1280 2685 1452 2727 Lydorum
1474 2685 1585 2729 regis,
1616 2685 1671 2718 vir

234 2724 369 2769 quidam
392 2737 466 2761 cum
489 2738 595 2762 uxore
616 2734 650 2762 et
671 2729 789 2764 liberis
814 2732 987 2776 profectus
1012 2743 1054 2766 ex
1074 2729 1188 2775 Mysia
1204 2730 1377 2764 Thraciae
1400 2730 1551 2774 regione,
1575 2730 1672 2764 euius
