1780 3132
276 218 331 258 ΙΝ
345 214 705 257 CONSTANTlNl
740 215 938 256 PORPH.
964 215 1036 255 DE
1053 215 1215 253 THEM.
1259 214 1305 253 L.
1334 216 1365 253 1.
1449 213 1541 255 277

107 330 211 385 perii
241 330 462 370 Orientalis
499 329 671 369 habetur
714 328 874 370 cohors
902 330 1037 368 tertia
1069 325 1247 369 Valeria
1276 324 1543 369 Marmarae.

108 390 150 426 et
176 385 235 425 sic
261 386 452 424 fortassis
489 384 665 436 scriptor
699 390 838 423 noster
879 383 1087 422 confundit
1120 383 1322 436 legionem
1365 395 1451 423 cum
1480 397 1547 423 co-

109 441 241 491 horte,
273 452 375 492 quae
403 440 635 479 Marmarae
662 439 851 491 degebat.

219 498 284 545 12,
314 498 378 534 16.
450 495 530 534 Tot
561 494 716 546 imperii
754 492 1053 533 calamitatibus
1091 493 1290 544 originem
1321 493 1550 534 Heraclium

110 549 271 590 dedisse
297 554 521 602 provocata
540 549 581 588 in
599 561 643 588 se
661 548 830 588 numinis
859 547 935 595 ira,
964 547 1054 586 dum
1072 547 1426 588 monothelitarum
1455 549 1553 589 hae-

108 605 228 645 resim
272 609 422 644 temere
470 608 694 655 susceptam
733 602 979 655 pertinacius
1007 606 1165 651 tuetur,
1205 615 1321 642 nemo
1362 603 1553 655 ignorat;

109 659 256 713 quippe
285 659 336 700 ab
367 659 545 698 Heraclii
588 658 832 710 temporibus
861 657 1058 697 Saraceni
1088 658 1315 697 Maometbe
1354 658 1453 697 duce
1482 671 1554 699 ca-

109 719 181 766 put
205 715 388 754 extulere
431 717 471 752 et
499 713 719 753 Romanum
759 712 968 764 imperinm
1010 713 1087 752 iam
1117 716 1198 751 tum
1229 713 1379 764 alioqui
1407 714 1554 754 Persa-

108 781 195 809 rum
226 769 348 809 armis
377 780 613 807 concussum
654 768 814 820 magnis
842 767 1022 807 cladibus
1051 768 1292 817 affecerunt,
1323 767 1554 809 Palaestina

108 823 236 874 Syria
265 827 386 876 atque
416 823 604 875 Aegypto
637 822 725 874 ipso
754 822 943 861 Heraclio
972 826 1172 875 regnante
1199 822 1388 862 subactis.

221 881 286 929 13,
305 882 344 919 3.
374 877 552 930 Longini
581 877 892 929 appellationem
913 889 986 929 pro
1018 889 1064 916 eo
1093 877 1161 930 qui
1178 877 1288 917 mille
1309 877 1409 916 viris
1437 888 1555 928 prae-

109 936 218 973 esset
236 945 317 973 non
347 945 556 985 agnosco:
586 944 679 972 nam
709 932 773 985 qui
797 932 907 971 mille
925 932 1115 972 militibus
1140 936 1342 984 praeerat,
1365 932 1556 972 Romanis

107 988 304 1038 tribunus,
322 987 491 1028 Graecis
517 986 739 1036 χιλίαρχος
761 987 984 1038 dicebatur,
1016 987 1343 1039 quemadmodum
1374 987 1555 1027 centurio

109 1047 151 1083 et
176 1036 470 1092 ἑκατόνταρχος
514 1042 580 1095 qui
611 1046 766 1081 centum
794 1041 894 1081 viris
936 1045 1138 1094 praeerat.
1196 1043 1377 1091 λογγῑνος
1409 1047 1556 1093 autem,

108 1101 154 1138 ut
181 1097 241 1137 ait
268 1097 521 1149 Ducangius,
554 1096 659 1137 idem
688 1096 755 1149 qui
785 1091 1029 1147 λογγάρχης,
1062 1097 1245 1136 nimirum
1275 1098 1456 1148 aymim’s
1484 1110 1555 1137 seu

111 1147 235 1201 λόγου
265 1151 432 1192 ductor.
498 1152 689 1200 Polybius
732 1152 942 1203 episcopus
977 1152 1019 1190 in
1051 1152 1137 1191 vita
1162 1151 1400 1202 Epiphanii:
1432 1152 1554 1189 πλοῖα

109 1201 220 1256 ἔχων
250 1202 292 1253 ἓξ
322 1202 410 1245 ἴδια
458 1202 724 1254 ἐμισθώσατο
753 1205 823 1244 καί
853 1202 959 1244 ἄλλα
989 1204 1130 1255 πέντε,
1162 1202 1232 1242 κατ’
1261 1202 1389 1251 δόσας
1418 1206 1556 1256 7-072‘1'-

106 1273 188 1298 νων
214 1259 270 1314 τῷ
303 1258 535 1314 πιστοτάτῳ
563 1259 640 1298 τοῦ
668 1257 781 1298 οἴκου
813 1261 944 1300 αὐτοῦ
975 1258 1174 1310 χρήματα
1207 1258 1417 1298 ἀπέστειλε
1449 1260 1554 1311 πρὸς

107 1309 154 1353 τὸ
186 1313 393 1366 πρίασθαι
419 1317 544 1353 σῖτον.
575 1319 689 1355 extat
718 1315 759 1355 in
787 1315 1034 1367 Anthologia
1066 1316 1092 1355 l.
1109 1319 1136 1354 6
1165 1315 1414 1367 epigramma
1440 1316 1555 1367 Κορ-

105 1366 250 1420 νηλίου
279 1368 500 1419 Λογγῖνον.
557 1370 699 1410 laudat
729 1370 821 1411 item
843 1370 1075 1421 Ducangius
1103 1382 1173 1409 seu
1202 1370 1334 1421 potius
1353 1371 1554 1411 Meursius

106 1423 213 1463 hunc
249 1424 590 1477 Porpliyrogeniti
625 1426 782 1474 locum;
827 1428 899 1467 sed
943 1426 1000 1466 ibi
1039 1423 1327 1465 Constantinus
1369 1427 1552 1475 λογγῖνον

104 1490 191 1519 cum
220 1478 432 1532 χιλιάρχῳ
465 1480 684 1521 confundit.

214 1536 280 1584 14,
307 1537 348 1574 6.
405 1535 451 1574 ln
488 1535 643 1575 Notitia
676 1535 918 1587 dignitatum
953 1534 1113 1587 imperii
1157 1534 1334 1575 Orientis
1384 1534 1553 1586 Φρυγία

103 1584 389 1639 Σαλουτάριςε
429 1594 468 1629 et
514 1591 671 1643 quidem
712 1591 755 1630 in
800 1591 940 1630 eadem
981 1591 1137 1631 Notitia
1179 1590 1337 1642 imperii
1379 1590 1555 1630 occurrit

102 1643 253 1683 mentio
302 1643 481 1684 cohortis
528 1645 683 1698 primae
715 1645 950 1686 Salutariae
992 1645 1099 1685 inter
1134 1646 1293 1686 Aeliam
1335 1650 1375 1685 et
1418 1646 1554 1686 Hieri-

103 1697 278 1747 chunta,
307 1701 348 1738 et
387 1700 480 1739 alae
522 1700 675 1751 primae
718 1702 1005 1753 Iuthungorum
1041 1700 1287 1741 Salutariae.
1358 1701 1430 1741 sed
1459 1701 1554 1741 vide

105 1752 228 1793 Guidi
254 1753 460 1793 Panciroli
491 1754 822 1795 Commentarios.
886 1755 981 1794 vide
1007 1759 1046 1794 et
1078 1756 1285 1796 ortelium.

212 1805 323 1848 Ibid.
351 1811 391 1848 9.
451 1806 705 1861 Ἀτταλειάς]
739 1810 844 1850 hanc
882 1810 1021 1850 urbem
1052 1811 1303 1863 expugnavit
1331 1812 1551 1851 Iconiensis

107 1859 306 1902 Sultanus
338 1874 376 1903 a.
408 1866 540 1914 1212,
567 1868 612 1904 ut
648 1869 709 1904 est
744 1865 787 1904 in
827 1863 1027 1904 Chronico
1057 1866 1270 1904 Altissiod.
1311 1866 1553 1906 describitur

103 1929 203 1957 vero
234 1929 260 1957 a
288 1917 416 1966 Tyrio
447 1922 502 1958 16
529 1923 596 1959 26.
655 1919 749 1958 vide
778 1919 1063 1959 Leunclavium
1092 1921 1217 1960 Pand.
1246 1933 1280 1960 c.
1310 1924 1405 1961 180.

213 1969 324 2012 lbid.
347 1976 413 2013 10.
473 1969 717 2026 Ἀκροϊνοῦ]
759 1974 938 2013 Ortelius
974 1986 1026 2014 ex
1055 1975 1158 2015 nist.
1198 1974 1310 2016 misc.
1342 1980 1393 2015 21
1423 1977 1551 2015 refert

99 2021 337 2067 Aeronium
363 2028 495 2068 locum
525 2029 583 2068 sic
613 2029 763 2068 dictum
789 2029 899 2068 circa
930 2029 1165 2082 Phrygiam.

210 2079 320 2122 Ibid.
353 2085 418 2122 11.
489 2079 778 2135 Καπατιανή]
819 2084 862 2123 in
901 2084 1057 2124 Notitia
1108 2085 1351 2136 dignitatum
1394 2085 1551 2138 imperii

101 2136 281 2176 Orientis
310 2136 459 2177 dicitur
487 2135 673 2192 Phryyia
701 2136 958 2179 Pacatiana.
998 2138 1064 2178 ubi
1093 2151 1131 2179 ν.
1163 2140 1410 2180 Pancirolus.
1442 2141 1552 2181 unde

101 2192 306 2231 crederem
335 2191 402 2232 hic
431 2193 550 2233 etiam
583 2206 657 2245 pro
686 2193 934 2245 Capatianes
958 2193 1172 2244 legendum
1201 2195 1435 2236 Pacatiana.

211 2247 276 2295 15,
308 2249 375 2287 14.
431 2244 677 2296 μινσούρια]
708 2249 927 2288 Vulcanius
958 2246 1158 2289 tabellae.
1231 2254 1275 2290 at
1302 2245 1547 2300 ,ιιινσούριον

99 2312 180 2340 non
217 2298 422 2342 tabellam
466 2303 535 2342 sed
576 2302 745 2344 lancem
783 2304 999 2356 significat.
1058 2315 1097 2344 v.
1137 2304 1340 2357 Ducangii
1374 2306 1443 2347 Gl.
1471 2306 1546 2347 Gr.

102 2355 282 2406 Ovidius,
309 2355 484 2397 caelata
514 2357 635 2398 lanx.

210 2414 274 2461 16,
303 2414 370 2452 21,
430 2413 534 2460 Quid
567 2408 835 2462 σκρινιοίριος,
867 2425 906 2452 v.
936 2413 1136 2467 Ducangii
1166 2414 1232 2454 Gl.
1263 2414 1336 2455 Gr.

209 2469 275 2514 1⁷,
307 2469 373 2506 16.
432 2465 717 2518 δεξιολάβους]
757 2467 858 2507 haec
898 2480 979 2508 vox
1007 2470 1188 2510 occurrit.
1214 2469 1256 2509 in
1285 2470 1401 2510 Actis
1430 2468 1544 2522 Apo-

97 2519 291 2560 stolorum
319 2533 352 2575 c.
382 2524 448 2570 23,
476 2521 544 2561 ubi
571 2523 742 2574 vulgata
773 2523 908 2562 versio
937 2523 1058 2563 habet
1097 2523 1361 2566 lancearios.
1436 2525 1546 2565 Era-

97 2586 205 2614 smus
233 2587 281 2624 eo
311 2576 403 2615 loco
433 2576 538 2615 idem
568 2578 704 2616 facere
732 2577 892 2617 videtur
920 2573 1187 2628 δεξιολάβους
1217 2581 1323 2633 quod
1356 2575 1546 2628 δεξιοβό-

98 2627 218 2680 long,
246 2629 273 2670 i.
305 2642 338 2669 e.
370 2629 557 2672 dextros
597 2635 641 2671 et
682 2634 850 2683 peritos
884 2629 1133 2682 funditores
1162 2640 1235 2675 aut
1259 2634 1546 2676 iaculatores.

98 2681 227 2725 Vuae.
258 2682 408 2725 Suidas
441 2690 481 2725 et
501 2692 642 2725 auctor
658 2686 928 2740 Etymologici
955 2687 1245 2741 παραφύλακα
1272 2690 1548 2742 interpretan-

97 2740 173 2778 tur.
239 2740 567 2794 Theophylactus
600 2740 824 2783 simocatta
870 2741 971 2784 nist.
1001 2745 1051 2784 4:
1092 2741 1336 2796 προστάττει
1383 2744 1429 2782 da:
1474 2743 1546 2783 καί
