1780 3132
232 145 287 185 ΙΝ
324 139 679 183 CONSTANTlNI
706 141 1025 182 PORPH..LlB.
1051 143 1121 181 DE
1146 141 1277 182 ΑΒΜ.
1300 141 1409 181 lMP.
1449 135 1543 181 305

212 259 279 306 72,
294 258 332 294 1.
387 252 585 304 πράνὸια]
615 254 809 309 prandea
838 259 878 295 et
896 253 1087 296 brandea
1115 255 1304 307 scriptum
1330 254 1546 306 reperitur.

109 311 328 353 brandeum
366 310 578 361 multiplic-i
616 310 912 363 significatione
955 311 1060 363 apud
1102 311 1320 363 scriptores
1346 309 1546 350 occurrit:

106 366 327 418 aliquando
344 364 447 404 enim
467 365 659 417 accipitur
678 377 752 417 pro
773 366 886 417 palla
910 367 1042 406 serica
1062 367 1128 406 vel
1152 366 1291 416 lintea,
1322 375 1403 417 qua
1432 364 1548 403 divo-

109 433 197 462 rum
221 419 417 471 reliquiae
439 420 504 458 vel
524 432 696 471 corpora
713 420 868 460 involvi
897 433 922 459 a
940 419 1180 460 Christianis
1207 420 1405 460 solebant.
1450 419 1549 458 Hin-

107 487 267 515 emarus
286 475 327 514 in
344 474 495 514 VitaS.
516 475 713 526 Remigii:
745 476 885 539 ipsam
900 486 1062 539 corpus
1082 477 1414 526 sanctissimum,
1432 474 1549 515 sicut

106 531 153 570 in
184 530 394 569 anteriori
411 528 707 580 translatione,
734 528 789 569 ab
809 531 1030 582 episcopis
1042 527 1270 570 Remorum
1295 529 1548 570 dioeceseos

104 586 314 638 inteyrum
342 585 553 623 inventum
580 588 648 625 est
678 586 721 624 et
750 582 939 624 brandeo
967 583 1098 626 rubro
1127 585 1371 626 involutam.
1417 595 1549 637 pran-

107 639 231 680 deum
257 651 328 678 seu
348 637 578 678 brandeum
605 639 800 691 accipitur
818 639 937 679 etiam
958 652 1032 692 pro
1052 653 1172 692 zona,
1199 640 1340 689 fascia,
1372 639 1548 692 cingulo.

106 694 213 746 apud
242 694 436 734 Isidorum
474 694 516 733 in
546 694 705 733 Glossis
741 693 976 746 prandeum
999 706 1146 747 penus
1187 706 1392 735 zonarum
1427 694 1551 734 fuisse

105 749 274 798 dicitur;
319 748 389 788 ubi
426 748 588 811 quidam
615 752 766 788 temere
806 747 1038 790 brandeum
1065 754 1283 803 reponunt,
1314 750 1552 802 ignorantes

105 803 212 856 quod
250 803 471 855 prandeum
511 803 701 855 scriptum
741 804 969 856 reperiatur
1009 805 1118 867 apud
1155 806 1292 858 plures
1332 804 1552 856 scriptores

104 858 273 898 Latinos
308 857 446 898 eadem
486 871 510 909 p
515 857 640 898 ariter
676 858 843 898 notione
879 871 958 911 qua
988 855 1187 924 πράνδιον
1223 859 1330 921 apud
1357 858 1550 899 Graecos.

104 912 374 978 Theophanes
405 924 442 952 a.
473 913 684 953 Iustiniani
711 917 764 953 31
795 914 846 953 de
874 914 1101 954 Avaribus.
1131 906 1244 964 εἶχον
1271 910 1350 964 γὰρ
1380 909 1454 959 τὰς
1481 911 1553 951 κό-

103 980 188 1016 μας
221 965 396 1006 οπισθεν
431 963 595 1015 μακοὰς
636 963 769 1015 πάνυ,
806 966 1026 1016 δεδεμένας
1063 967 1279 1019 πρανὸιόις
1306 965 1378 1006 καί
1405 969 1555 1006 nenas-

107 1021 274 1072 γμὲνᾳς.
331 1020 618 1062 Constantinus
641 1021 838 1075 prandea
868 1023 1007 1063 eadem
1036 1023 1331 1075 significatione
1359 1022 1425 1062 hic
1446 1022 1552 1064 acci-

105 1077 190 1129 pit,
219 1075 375 1116 scilicet
415 1088 489 1128 pro
529 1089 655 1128 zona,
694 1077 824 1118 fascia
872 1089 944 1117 seu
979 1077 1154 1130 cingulo.
1223 1078 1316 1118 vide
1353 1078 1554 1131 Ducangii

111 1135 325 1226 utrumgie
355 1131 490 1172 Gloss.
517 1143 674 1172 necnon
703 1136 822 1172 notas
857 1132 910 1172 ad
941 1132 1228 1185 Theophanem
1255 1146 1295 1185 p.
1326 1135 1421 1173 59⁷.

278 1185 383 1226 (1.2.
424 1185 639 1247 χαρὲρια]
696 1186 756 1227 ita
785 1199 867 1227 mss
896 1199 1046 1227 omneS.
1076 1191 1119 1227 at
1147 1188 1347 1227 Mem-sius
1373 1188 1417 1227 in
1446 1187 1554 1228 notis

106 1241 293 1281 emendat
325 1236 519 1291 χεράρια,
548 1245 593 1280 ut
620 1241 703 1281 sint
728 1241 944 1282 armillae.
1001 1253 1141 1282 verum
1162 1243 1348 1282 Zosimus
1369 1243 1554 1295 Panopo-

106 1294 182 1335 lita
208 1307 268 1335 ms
298 1295 348 1334 de
379 1296 645 1335 rotundandis
671 1296 909 1359 margaritis
939 1295 1056 1336 docet
1086 1309 1176 1336 esse
1183 1309 1388 1359 pannum
1413 1300 1554 1338 rario-

104 1361 220 1390 rem:
249 1344 356 1388 ἔιπω
374 1347 420 1387 δὲ
451 1346 477 1400 ἦ
507 1348 668 1401 τοιούτη
684 1348 759 1402 0'nr)
785 1349 1072 1403 ἐσκεπασμένη
1087 1348 1191 1401 μετά
1221 1351 1369 1390 πανίου
1398 1349 1557 1404 ἄραιοῦ·

106 1402 403 1454 ἑπιλεγομένου
432 1417 651 1456 χαρεριου.

217 1466 326 1510 [bid.
384 1465 591 1519 Σήμεντον
617 1483 706 1510 esse
733 1482 875 1523 purum
903 1474 1041 1524 putum
1069 1471 1257 1512 Latinum
1295 1475 1554 1525 segmentum

106 1523 248 1564 scribit
275 1525 476 1564 Meursius
502 1524 544 1565 in
573 1526 691 1574 notis,
720 1538 794 1565 nec
814 1526 1030 1567 dissentio:
1062 1526 1133 1567 sed
1155 1527 1250 1579 quid
1280 1526 1344 1566 hic
1368 1540 1554 1580 segmen-

107 1583 192 1619 tum
222 1579 423 1633 significet
442 1592 523 1619 non
541 1581 685 1632 aperit,
715 1585 962 1633 segmentum
983 1582 1178 1634 siquidem
1207 1582 1418 1634 multiplici
1447 1583 1554 1634 apud

106 1633 276 1674 Latinos
304 1634 600 1687 significatione
627 1636 791 1688 gaudet.
856 1636 1023 1676 Ovidius
1066 1637 1116 1675 de
1145 1640 1234 1676 arte
1277 1637 1439 1677 amandi
1471 1642 1555 1677 ter-

107 1689 188 1729 tia:
215 1688 316 1742 quid
353 1688 406 1729 de
444 1692 565 1729 veste
595 1668 781 1744 looqaar?
844 1702 925 1730 nec
951 1692 1060 1730 enim
1092 1694 1311 1743 seymenta
1351 1692 1552 1745 requiro,

106 1754 190 1783 nec
219 1755 328 1797 quae
357 1743 410 1784 de
444 1742 577 1797 Tyrio
618 1746 781 1784 murice
809 1743 912 1784 lana
949 1744 1086 1786 rubet.
1159 1745 1236 1785 hoc
1277 1746 1434 1798 quidem
1463 1747 1553 1786 loco

107 1802 320 1850 segmenta
349 1803 399 1838 et
418 1810 661 1850 purpuream
688 1803 840 1838 vestem
860 1800 998 1839 eodem
1026 1812 1147 1839 sensu
1177 1801 1343 1840 Ovidius
1371 1805 1554 1864 usurpat,

105 1864 184 1905 qno
214 1852 362 1895 Graeci
388 1858 574 1892 auctores
601 1849 762 1904 χρυσὸν
791 1852 864 1890 καί
901 1849 1127 1904 πορφύραν
1155 1855 1343 1894 mulieres
1373 1855 1414 1895 in
1443 1857 1554 1895 luctu

105 1907 339 1959 deposuisse
364 1908 555 1948 scribunt.
612 1908 671 1947 ita
700 1908 819 1948 etiam
837 1908 1091 1960 accipiendus
1119 1909 1322 1948 Iuvenalis
1361 1910 1389 1950 l.
1415 1914 1437 1949 1
1473 1915 1550 1951 sat.

104 1965 132 2000 2
157 1963 208 2001 de
235 1966 349 2002 veste
381 1961 580 2002 Gracchi:
623 1966 841 2014 seymenta
889 1966 932 2002 et
963 1962 1112 2015 lonyos
1159 1962 1331 2004 habitus
1363 1967 1407 2005 et
1432 1962 1552 2016 llam-

105 2027 200 2056 mea
229 2019 370 2058 sumit.
404 2017 548 2070 quibus
573 2018 709 2057 verbis
725 2018 957 2057 muliebrem
990 2023 1142 2057 vestem
1160 2018 1403 2071 designavit,
1434 2032 1553 2072 quam

105 2071 314 2112 Gracchus
341 2072 550 2122 induerat,
583 2076 623 2111 et
651 2083 754 2124 quae
779 2072 999 2124 segmentis
1038 2072 1092 2112 ad
1120 2077 1261 2124 guttur
1286 2078 1432 2114 ornata
1461 2075 1551 2125 fuit,

105 2126 183 2166 hoc
210 2131 272 2166 cst
301 2127 436 2167 aureis
465 2126 616 2166 fasciis.
673 2130 933 2179 seymentum
962 2138 1060 2166 vero
1089 2128 1197 2178 apud
1230 2129 1436 2169 Valerium
1456 2129 1550 2170 Ma-

107 2181 257 2222 ximum
287 2187 350 2222 est
379 2186 655 2222 ornamentum
683 2182 778 2221 colli
807 2183 912 2234 quod
943 2182 1093 2221 monile
1122 2187 1303 2233 vocatur,
1332 2184 1359 2222 l.
1388 2185 1416 2223 5
1445 2197 1478 2224 c.
1510 2188 1549 2233 2,

105 2235 148 2275 in
190 2235 399 2277 Coriolani
433 2236 646 2276 mentione.
715 2237 855 2276 eadem
891 2237 1054 2276 notione
1102 2238 1315 2289 usurpavit
1354 2238 1549 2279 Servius:

105 2289 304 2344 colloque
331 2289 487 2332 monile
518 2295 810 2331 ornamentum
833 2293 1050 2344 panaris,
1081 2290 1193 2353 quod
1219 2296 1263 2333 et
1290 2297 1549 2346 seymentum

105 2344 265 2385 dicunt.
332 2346 436 2386 idem
478 2346 601 2385 habet
636 2346 828 2386 Isidorus.
897 2352 936 2385 et
974 2346 1050 2386 hac
1094 2346 1215 2386 etiam
1253 2348 1548 2399 significatione

104 2400 343 2452 segmenta·
332 2413 372 2439 in
394 2400 714 2452 praesentiarum
745 2401 1018 2452 accipiendum
1048 2413 1135 2440 esse
1162 2406 1282 2453 puto:
1290 2380 1419 2442 ΒΙιί5οθ
1449 2415 1547 2456 quo-

105 2466 181 2506 que
218 2455 464 2507 temporibus
502 2455 664 2494 illarum
712 2455 918 2507 regionum
964 2456 1136 2495 feminae
1177 2458 1322 2496 collum
1362 2459 1547 2510 pluribus

103 2509 318 2549 monilibus
351 2513 575 2559 exornant,
615 2486 783 2561 (ἰὶξζίῐοξ
810 2510 970 2550 annulis
1007 2511 1218 2562 complent.
1277 2517 1452 2552 ceterum
1481 2525 1546 2552 re-

104 2564 304 2603 centiores
343 2564 494 2605 Graeci
522 2567 740 2617 seymenta
770 2560 973 2616 σήμεντα,
1012 2570 1056 2605 ut
1094 2567 1309 2618 piamenta
1347 2563 1545 2618 ηὴμεντα

51 2634 54 2639 >
105 2618 306 2660 dixerunt.

215 2672 324 2714 Ibid.
383 2669 583 2725 ἀληθινὸς
600 2685 846 2727 purpureus
860 2673 1041 2715 Graecis.
1099 2688 1383 2728 nonnunquam
1412 2681 1545 2718 tamen

179 2759 299 2793 Con-st.
327 2760 457 2805 Porplz.
1293 2762 1336 2794 20
