1780 3132
326 186 397 226 DE
431 179 878 225 ADMINJSTRANDO
921 175 1142 220 lMPEmO
1186 173 1303 217 CAP.
1333 173 1399 215 45.
1503 167 1598 212 203

162 289 235 330 καί
261 282 386 333 αὕτός
415 282 486 325 καὶ
514 283 554 324 οἱ
580 283 656 324 τοῦ
694 283 837 335 γένους
877 279 1012 319 αὐτοῦ
1054 281 1096 319 ἐν
1131 278 1181 333 τῇ
1211 273 1361 317 τούτου
1392 269 1504 327 ἀρχῇ
1531 270 1604 309 καί

162 350 350 407 ἐξουσίᾳ,
385 349 458 390 καὶ
492 349 543 390 ου’
569 347 816 401 μεταστήσει
843 342 895 386 τά
923 341 1021 397 ὅρια
1048 346 1130 384 τῶν
1168 338 1298 382 τόπων
1329 338 1460 380 αὐτοῦ
1491 333 1599 376 ema·

162 416 266 458 κατὰ
309 417 390 457 τῶν
430 413 570 469 πρώην
610 413 817 466 βασιλέων
847 409 896 452 τοὶ
929 408 1140 464 σύμφωνα
1169 409 1325 460 στέρξει
1358 402 1431 444 καί
1453 417 1601 455 περαι-

162 486 270 535 τέρω
299 479 356 534 μή
385 478 682 533 ὑπερβήσεται,
709 479 780 518 καί
809 473 875 517 ὅτι
905 475 1003 516 οὐδὲ
1034 471 1211 515 κωλύσει
1231 470 1359 512 αιῖτὸν
1377 467 1602 520 καταστρέ-

131 553 247 600 5ψαι
283 544 356 601 τήν
398 542 745 587 Θεοδοσιούπολιν
778 542 850 583 καί
876 539 926 582 τὰ
967 537 1090 580 λοιποὶ
1122 537 1282 591 κάστρα
1310 537 1391 577 ταῖν
1422 532 1604 587 ἐχθρῶν,

164 607 242 654 κᾶν
274 627 318 653 τε
347 609 418 653 διὰ
449 611 565 667 [τοῦ]
598 611 727 650 αὐτοῦ’
767 608 898 660 μόνου
939 606 1338 659 πολιορκηθήσονται
1374 595 1450 640 κᾶν
1478 613 1520 640 τε
1550 598 1606 637 δι’

164 678 299 720 αὐτοῦ
329 679 402 718 τοῦ
431 677 717 729 στρατοπέδου
745 672 874 727 ἡμῶν.
931 674 1066 713 ταῦτα
1103 673 1180 721 μὲν
1211 666 1259 709 τιὶ
1294 664 1506 722 κεφάλαια
1534 677 1606 703 πε-

165 746 356 797 ριέχουσι
382 741 433 783 τὰ
456 738 782 796 χρυσοβούλλια,
804 740 846 787 ἐξ
870 731 927 778 ὧν
956 735 1158 788 οὐδεμίαν
1175 731 1375 787 βοήθειαν
1405 730 1426 771 ὅ
1459 742 1606 782 κουρο-

163 807 352 863 παλὰτης
375 806 484 860 ἔχει·
511 805 557 848 τὸ
571 807 648 859 μὲν
664 804 741 858 γάρ
759 805 837 845 τοῦ
860 802 1068 854 πενθεροῦ
1090 800 1207 854 ἡμῶν
1223 797 1458 853 διαγορεύει
1478 791 1540 836 ὅτι
1557 794 1612 834 ου’

111 889 154 924 10
167 871 512 926 παρασαλειῖομεν
540 870 668 913 αὕτὸν
689 872 733 912 ἐκ
755 872 838 911 τῶν
859 870 1048 909 παλαιῶν
1067 866 1190 921 ὁρίων
1211 868 1284 919 τῆς
1301 864 1444 917 χώρας
1464 861 1609 914 αὕτοῧ,

164 939 239 981 καί
264 937 340 994 ὅτι,
369 938 443 980 ἐὰν
472 939 646 994 δυνηθῇ,
677 935 760 977 εἴτε
789 933 861 976 καὶ
872 933 996 986 μόνος
1012 932 1091 975 εἴτε
1110 931 1182 973 καί
1194 929 1298 984 μετὰ
1325 932 1403 971 τοῦ
1430 941 1609 979 στρατο-

165 1006 293 1047 πέδου
323 1002 463 1059 ἧμιόν,
493 1001 759 1056 πολιορκήσει
788 1000 860 1042 καί
888 1001 1164 1053 καταστρέψει
1192 995 1267 1051 τὴν
1298 991 1610 1038 Θεοδοσιούπο-

154 1074 231 1120 ,λιν
266 1073 339 1111 καί
379 1067 430 1111 τοὶ
458 1067 582 1111 λοιπὰ
625 1069 786 1120 azioma
820 1069 903 1109 τῶν
932 1067 1124 1119 ἐχθρῶν,
1163 1064 1262 1116 ου’χί
1305 1064 1351 1103 δὲ
1385 1064 1611 1111 κατασχεῖν

166 1133 278 1177 αὐτὰ
305 1136 364 1183 εἷς
394 1136 553 1177 τελείαν
582 1136 828 1175 δεσποτείαν
852 1134 924 1174 καί
951 1128 1194 1185 κυριότητα·
1251 1128 1294 1169 τὸ
1316 1129 1362 1169 δὲ
1387 1129 1461 1180 τῆς
1488 1128 1609 1178 βασι-

114 1212 157 1245 15
170 1201 283 1248 λείας
310 1201 430 1254 ἡμῶν
460 1201 642 1254 περιέχει
673 1200 754 1251 ἵνα,
783 1197 905 1245 ὅσους
932 1193 984 1238 ἂν
1013 1194 1163 1244 τόπους
1193 1195 1352 1249 δυνηθῇ
1379 1192 1451 1233 καί
1477 1189 1607 1238 αὐτὸς

167 1267 238 1306 καί
263 1263 286 1305 ὅ
324 1263 498 1316 ἀνεψιὸς
531 1263 661 1305 αὐτοῦ
686 1260 706 1304 ὃ
740 1260 969 1316 μάγιστρος
992 1259 1230 1314 Ἀδρανασὴ
1266 1261 1311 1308 ἐξ
1351 1259 1503 1306 οἰκείας
1533 1259 1611 1297 δυ-

166 1330 330 1382 νάμεως
356 1327 646 1378 καθυποτάξαι
686 1329 766 1369 τῶν
791 1327 1033 1381 Ἀγαρηνῶν
1069 1320 1096 1380 ἢ
1133 1325 1215 1366 οἷπὸ
1257 1327 1334 1367 τοῦ
1373 1327 1447 1366 νῦν
1475 1326 1612 1364 καθυ-

168 1395 358 1449 nauigat,
401 1396 552 1450 κατέχῃ
583 1393 653 1434 ἐπὶ
681 1394 898 1448 δεσποτεία
928 1391 999 1433 καί
1023 1390 1246 1447 κυριότητι.
1303 1393 1374 1432 καί
1402 1388 1495 1432 ἐπεῖ
1520 1385 1614 1430 οὔτε

169 1462 214 1512 ἐξ
240 1462 392 1508 οἰκείας
422 1458 635 1511 δυνάμεως
675 1457 751 1512 τὴν
777 1456 1123 1501 Θεοδοσιούπολιν
1162 1459 1476 1511 κατεστρέψατο
1520 1451 1614 1496 οὔτε

113 1525 214 1578 2016
241 1522 433 1579 Ἀβνίκον
476 1520 575 1566 οὔτε
615 1523 660 1565 τὸ
693 1524 940 1574 Μαστὰτον,
973 1523 1047 1564 οὐκ
1077 1522 1235 1579 ὀφείλει
1265 1526 1399 1565 ταῦτα
1429 1525 1618 1575 κατέχειν

170 1591 228 1639 ὥς
270 1587 370 1632 ὄντα
411 1589 531 1633 ἔνθεν
569 1592 644 1632 τοῦ
669 1585 797 1643 ’Ἐραξ
825 1592 1018 1643 ποταμοῦ
1046 1585 1139 1644 ἦτοι
1169 1593 1244 1631 τοῦ
1277 1589 1483 1643 Φάσιδος,
1515 1587 1618 1629 διότι

171 1657 217 1698 ‘td
248 1658 327 1710 μὲν
356 1658 533 1711 κὰστρον
570 1658 646 1697 τοῦ
683 1657 874 1709 Ἀβνίκου
911 1658 1040 1710 μέχρι
1069 1658 1143 1698 τοῦ
1170 1659 1243 1697 νῦν
1270 1650 1320 1710 ἦν
1352 1654 1618 1705 αιῗτεξούσιον

173 1721 244 1763 καί
269 1716 596 1775 αὕτοδέσποτον,
637 1720 734 1775 ἔχον
772 1721 881 1763 ἴδιον
916 1723 1111 1776 α’μηρᾶν,
1147 1721 1220 1763 καί
1244 1720 1440 1768 πολλάκις
1467 1720 1488 1760 ὁ
1517 1718 1618 1768 λαός

172 1789 247 1843 τῆς
274 1789 490 1842 βασιλείας
527 1786 644 1841 ἡμῶν
672 1788 944 1841 ἐπραίδευσεν
980 1784 1083 1830 αὖτό
1103 1804 1113 1815 ·
1169 1785 1278 1829 α’λλοὶ
1304 1786 1375 1828 καὶ
1406 1783 1426 1828 ὅ
1456 1801 1617 1840 πρωτο-

264 1919 312 1955 24
334 1920 396 1964 τῆς
414 1922 602 1965 βασιλείας
626 1920 696 1954 add
721 1921 747 1953 B

174 2044 292 2080 neque
315 2045 357 2067 ea
381 2031 671 2078 transgrediatur,
690 2038 751 2067 aut
766 2033 1099 2079 Theodosiopoleos
1117 2033 1335 2066 eversionem
1359 2032 1533 2077 impediat
1557 2027 1620 2066 aut

175 2082 325 2114 aliarum
350 2081 490 2114 urbium
516 2080 714 2120 hostilium,
742 2081 814 2114 sive
840 2080 884 2112 ab
915 2081 993 2124 ipso
1022 2081 1098 2112 solo
1126 2091 1189 2112 eae
1220 2079 1453 2112 obsideantur
1475 2079 1549 2113 sive
1574 2080 1618 2112 ab

175 2129 332 2163 exercitu
359 2133 493 2161 nostro.
541 2134 650 2174 atque
676 2127 763 2161 haee
791 2127 936 2172 quidem
964 2138 1146 2159 aurearum
1171 2127 1349 2159 bullarum
1366 2138 1500 2160 summa
1519 2133 1621 2160 erant

176 2175 314 2220 cnpita;
338 2186 430 2220 quae
467 2175 693 2219 curopalatae
732 2174 902 2219 prodesse
938 2173 1033 2206 nihil
1056 2179 1226 2218 possunt:
1259 2185 1339 2206 nam
1379 2185 1470 2219 quae
1506 2174 1618 2206 soceri

175 2222 289 2255 nostri
318 2227 383 2262 est,
409 2232 450 2254 ea
479 2222 617 2259 sancit,
642 2233 686 2253 ne
714 2221 871 2266 antiquis
909 2220 1062 2253 dicionis
1099 2232 1181 2253 suae
1207 2221 1365 2253 terminis
1395 2232 1474 2253 eum
1503 2220 1620 2254 dimo-

176 2279 342 2311 veamus;
381 2267 549 2314 quodque
575 2268 895 2313 Theodosiopolim
923 2273 959 2300 et
987 2268 1140 2312 reliquas
1166 2267 1322 2300 hostium
1347 2267 1452 2300 urbes
1477 2268 1535 2300 vel
1561 2280 1621 2301 so-

177 2315 245 2355 lus,
269 2315 298 2347 si
323 2316 460 2360 possit,
483 2316 541 2347 vel
566 2327 643 2347 cum
666 2316 798 2348 nostris
822 2314 1000 2347 militibus
1025 2314 1207 2347 obsidebit
1233 2315 1530 2360 subiugabitque‚
1558 2314 1621 2348 sed

178 2361 375 2395 dominium
399 2373 438 2394 ac
462 2363 715 2406 proprietatem
743 2374 817 2395 non
847 2361 1027 2394 retinebit.
1075 2367 1217 2394 nostrae
1253 2368 1370 2396 autem
1396 2373 1530 2395 summa
1556 2368 1621 2402 est,

177 2413 219 2441 ut
247 2409 486 2452 Agarenorum
511 2419 744 2453 quaecunque
784 2409 861 2441 loca
895 2410 951 2442 vel
976 2409 1052 2453 ipse
1088 2409 1145 2441 vel
1184 2407 1295 2441 affinis
1317 2409 1430 2453 ipsius
1457 2410 1623 2452 magister

176 2454 357 2488 Adranase
382 2455 453 2488 suis
477 2456 587 2500 copiis
614 2456 786 2488 subiicere
812 2456 879 2488 sibi
907 2456 1041 2500 poterit
1066 2455 1124 2488 vel
1149 2455 1192 2488 ab
1218 2455 1286 2488 hoc
1311 2467 1426 2501 usque
1452 2456 1510 2488 die
1535 2456 1622 2488 sub-

176 2502 312 2541 iecerit,
340 2512 461 2534 eorum
489 2507 526 2535 et
549 2501 745 2535 dominium
772 2508 807 2535 et
831 2503 1086 2547 proprietatem
1127 2501 1271 2536 habeat.
1323 2508 1358 2535 et
1394 2503 1623 2547 quandoqui-

178 2548 259 2581 dem
291 2559 410 2593 neque
444 2549 515 2581 suis
551 2551 662 2594 copiis
701 2548 1023 2594 Theodosiopolim
1063 2550 1278 2593 expugnavit
1303 2560 1421 2595 neque
1448 2549 1622 2582 Abnicum

178 2605 296 2640 neque
319 2595 521 2635 Mastatum‚
545 2606 620 2628 non
645 2595 775 2629 debeat
800 2606 839 2628 ea
867 2594 1060 2641 possidere,
1090 2601 1215 2640 utpote
1242 2607 1332 2642 quae
1358 2597 1406 2629 cis
1435 2597 1528 2629 Erax
1556 2596 1623 2628 ssu-

178 2653 261 2675 men
285 2642 357 2675 sint
380 2643 451 2675 sive
477 2641 681 2684 Pliasidem3
708 2649 782 2676 tum
807 2643 915 2675 etiam
938 2644 1022 2687 quia
1049 2642 1220 2675 Abnicum
1251 2643 1296 2675 ad
1319 2642 1535 2676 hodiernum
1561 2655 1622 2675 us-

178 2699 249 2733 que
277 2688 372 2721 diem
396 2689 451 2721 sni
474 2689 561 2722 iuris
588 2690 707 2730 fuerit,
735 2690 953 2735 proprioque
979 2690 1124 2722 domino
1149 2701 1276 2734 parens
1306 2695 1342 2723 et
1365 2701 1516 2722 amoram
1540 2701 1623 2734 pro-

178 2735 294 2780 prium
319 2735 466 2776 habens,
495 2737 624 2770 nostris
650 2747 906 2782 saepenumero
933 2736 1026 2770 iilud
1052 2737 1322 2783 populantibus.
1372 2748 1492 2771 verum
1513 2739 1620 2770 etiam
