1780 3132
362 131 416 171 lN
456 129 822 172 SYNECDEMUM
861 126 1304 171 COMMENTARHJS.
1454 119 1550 170 475

144 245 145 249 ’
223 244 319 293 395,
353 247 417 285 16.
476 240 842 297 Παστοληρισσὸς]
873 245 909 285 si
930 256 1012 285 mss
1042 243 1287 294 addicerent,
1310 240 1552 294 Πεὸνηλισ-

113 295 188 339 σὸν
216 299 433 340 Ptolemaei
461 305 502 339 et
533 300 790 341 conciliorum
819 301 1080 353 praeferrem.

226 363 339 406 Ibid.
359 369 424 405 17.
459 363 612 418 Σὲλπη]
640 364 769 416 Σέλγη
787 366 893 406 haud
918 365 1037 406 dubie
1067 368 1141 415 est,
1170 363 1276 417 quod
1303 367 1345 404 et
1372 362 1553 404 animad-

111 432 271 461 versum
302 434 328 461 a
357 419 623 461 Ch.Cellario
655 420 705 460 G.
727 420 775 461 A.
806 424 834 462 3
860 424 887 462 4
916 434 955 473 Ρ.
974 423 1055 462 198
1084 420 1252 460 videbis,
1309 419 1434 460 monti
1463 423 1553 459 erat

102 471 311 528 imposita.
367 475 541 526 πολίχνη
570 474 610 514 δ’
627 469 737 526 αὕτη
754 474 1020 529 Παμφυλίας
1048 473 1175 528 ἐστίν,
1208 470 1280 514 ἐπὶ
1305 469 1440 526 λόφου
1468 486 1553 512 κει-

109 529 214 582 μένη
244 530 394 571 Zosim.
421 532 451 570 5
475 532 541 572 15.

222 584 332 628 lbid.
401 582 696 635 Τριμούπολις]
746 597 856 626 verov
893 585 1052 626 nomine
1101 580 1399 635 Πριμούπολις
1445 587 1548 625 erat.

108 640 203 681 hinc
230 640 465 682 Timotheus
491 638 828 689 Πριμουπόλεως
855 639 929 693 τῆς
951 640 1218 692 Παμφυλίας
1245 640 1288 680 ὶη
1304 639 1550 681 Chalcedon.

107 708 148 749 p.
166 700 245 736 12⁷
276 700 316 736 et
343 709 382 748 p.
398 698 480 735 240
509 695 615 735 male
645 692 969 745 Πριαμούπολις
996 697 1039 738 in
1067 695 1270 749 Ephesino
1302 709 1342 748 p.
1359 698 1454 736 528.
1510 695 1553 735 id

109 751 314 792 enimvero
341 750 500 803 negligi
529 763 610 790 non
632 756 806 803 oportet,
824 751 1115 792 Tribonianum
1130 751 1406 803 Primupoleos
1433 763 1552 804 prae-

107 806 248 857 sulem,
278 806 344 860 qui
373 806 577 858 Ephesino
606 806 777 846 concilio
805 806 1019 847 scribendo
1046 807 1176 847 adfuit
1202 819 1241 858 p.
1259 809 1353 857 438,
1380 804 1552 845 Ἀσπέν-

98 858 182 900 δου
209 861 285 913 τῆς
314 858 581 913 Παμφυλίας
607 860 706 912 dici,
736 874 811 901 nec
838 874 1007 915 usquam
1022 862 1298 914 Primupoleos
1325 860 1552 914 episcopum

103 915 159 958 ab
190 928 238 956 eo
265 915 486 970 distingui3
514 920 731 969 praeterea
747 917 788 956 in
817 917 1022 958 veteribus
1031 918 1198 958 Notitiis
1222 916 1402 969 Aspendi
1430 929 1551 969 prae-

103 971 232 1012 sulem
261 983 385 1024 saepe
423 970 663 1022 memorari,
705 975 745 1011 et
771 972 1049 1025 Primupoleos
1077 973 1230 1013 nullam
1267 984 1356 1013 esse
1381 971 1551 1012 mentio-

102 1039 208 1068 nem.
251 1038 355 1080 quae
381 1026 478 1067 mihi
506 1039 574 1067 res
593 1032 832 1080 argumento
861 1033 922 1067 est
937 1027 1167 1081 Aspendum
1194 1028 1296 1068 nihil
1327 1040 1495 1080 prorsus
1524 1040 1550 1067 a

99 1082 326 1180 grigiupoli
365 1082 639 1135 discrepasse,
682 1088 803 1136 atque
843 1083 946 1124 adeo
974 1096 1187 1136 perperam
1216 1083 1258 1125 in
1286 1082 1552 1136 Geographia

135 1168 146 1180 .
203 1137 296 1178 istin
355 1137 380 1179 i.

211 1150 353 1234 Ιῠὶιίἕ.ιι
380 1189 514 1245 Edax]
542 1192 638 1245 lege
666 1190 783 1243 Σίδη,
814 1205 918 1246 quae
947 1193 1136 1245 deinceps
1164 1193 1400 1246 metropolis
1427 1193 1549 1233 Pam-

100 1247 266 1300 phyliae
304 1248 459 1301 primae
499 1247 586 1287 fuit.
655 1247 823 1299 Ρνίιιηιηι
854 1260 903 1288 ea
941 1248 1143 1301 dignitate
1172 1249 1212 1289 in
1242 1249 1412 1289 concilio
1443 1248 1549 1289 Con-

98 1303 320 1356 stantinop.
351 1303 526 1344 secundo
560 1316 599 1356 p.
617 1305 699 1342 240
727 1302 932 1344 illustrata
959 1304 1216 1355 conspicitur,
1247 1304 1322 1344 etsi
1353 1305 1394 1344 in
1423 1303 1546 1344 Chal-

98 1359 316 1399 cedonensi
345 1372 383 1412 p.
402 1361 482 1400 43⁷
514 1356 814 1411 Amphilochius
848 1358 933 1398 eius
968 1359 1177 1412 episcopus
1208 1360 1315 1399 inter
1339 1363 1543 1411 metropo-

95 1413 270 1468 litanos,
300 1426 399 1468 quos
427 1417 600 1464 vocant,
631 1425 775 1453 nomen
814 1413 1088 1466 adscripserit.
1153 1427 1315 1454 numum
1355 1413 1545 1466 Σιδητῶν

93 1466 243 1519 πρῶτα
270 1466 531 1521 Παμφύλων
559 1472 599 1508 et
623 1469 796 1509 alterum
824 1467 1014 1519 Σιὸητῶν
1057 1466 1350 1521 λαμπροτάτης
1377 1466 1543 1517 ἐνδόξου

93 1523 289 1577 explicuit
330 1523 598 1577 Spanhemius
637 1523 798 1564 dissert.
838 1527 866 1563 6
902 1523 952 1563 de
987 1524 1036 1564 V.
1080 1529 1120 1564 et
1149 1525 1191 1564 P.
1234 1526 1349 1565 Num.
1381 1538 1423 1578 p.
1445 1526 1540 1564 591.

204 1577 314 1622 Ibid.
388 1578 542 1630 Σέρνα]
571 1579 775 1619 assentior
802 1579 1027 1619 Holsteinio
1060 1579 1307 1620 Sennensem
1338 1579 1379 1620 in
1409 1579 1542 1619 conci-

91 1634 150 1674 lio
162 1634 368 1687 Ephesino
389 1634 617 1687 episcopum
636 1634 728 1674 huic
755 1634 844 1674 urbi
871 1634 1112 1687 imponenti:
1145 1635 1305 1675 tametsi
1330 1635 1435 1675 enim
1462 1635 1542 1675 Ne-

92 1689 247 1730 ctarius
278 1688 445 1728 Συνὲων
470 1702 508 1742 p.
524 1692 606 1730 439
634 1689 849 1740 scribatur,
877 1689 976 1731 alibi
995 1689 1067 1742 τῆς
1087 1688 1132 1728 ἐν
1160 1689 1289 1744 Σενέᾳ
1317 1689 1543 1741 καθολικῆς

89 1742 310 1795 ἐκκλησίας
336 1744 582 1785 nominatur.
640 1744 733 1784 vide
773 1758 812 1796 p.
833 1746 927 1785 529.

203 1803 376 1862 Λύβρη]
405 1810 464 1850 sic
505 1814 546 1850 et
571 1810 787 1860 Dionysius
814 1811 1017 1863 Perieges.
1042 1813 1126 1852 859
1154 1811 1196 1851 in
1225 1811 1401 1852 editione
1432 1811 1540 1852 Guil.

87 1864 200 1916 nini,
226 1864 332 1918 quod
357 1865 544 1918 sphalma
569 1865 817 1918 typographi
842 1866 1130 1907 Ch.Cellarius
1146 1867 1196 1907 G.
1216 1867 1265 1907 A.
1292 1871 1320 1908 3
1351 1870 1377 1908 4
1404 1881 1444 1920 p.
1459 1871 1542 1907 199

87 1924 277 1973 putaret,
314 1920 394 1960 nisi
435 1920 478 1960 in
506 1920 706 1962 Hieroclis
749 1922 894 1962 notitia
932 1921 1195 1974 Pamphyliae
1232 1923 1352 1963 etiam
1381 1919 1541 1974 Λύβρη

86 1975 280 2029 scriptum
318 1975 581 2017 inveniretur.
653 1989 732 2029 ego
777 1981 920 2018 contra
958 1977 1104 2018 sentio.
1162 1978 1347 2028 Dionysii
1379 1979 1539 2031 plerae-
1621 1989 1624 1992 ⁴

87 2041 164 2083 que
206 2043 344 2072 omnes
385 2031 583 2072 editiones
627 2028 832 2084 Λύρβην,
871 2033 990 2073 etiam
1026 2033 1303 2074 Ferraricnsis
1343 2047 1381 2074 a.
1417 2035 1537 2083 1512,

85 2098 188 2138 prae
215 2099 261 2127 se
287 2088 450 2128 ferunt:
480 2092 661 2128 nostrum
678 2100 775 2127 vero
807 2101 833 2128 a
859 2088 1031 2129 librario
1053 2101 1194 2141 parum
1225 2089 1423 2142 diligente
1452 2094 1536 2129 est:

83 2153 180 2183 nam
208 2142 335 2182 ceteri
362 2143 583 2195 scriptores
614 2142 869 2183 consentiunt
893 2143 1146 2193 Λυρβειτῶν
1169 2144 1312 2184 numis.

193 2206 304 2250 [bid.
371 2203 548 2259 Κάσσιε]
588 2222 670 2249 non
713 2209 796 2250 alia
839 2213 900 2249 est
941 2222 990 2250 ac
1017 2210 1239 2251 Ptolemaei
1268 2204 1429 2262 Κάσαι,
1458 2222 1534 2263 pro

85 2273 164 2316 quo
194 2263 347 2306 Cassae
372 2269 491 2306 vetus
524 2265 608 2305 eius
636 2265 851 2317 interpres.

193 2328 304 2371 Ibid.
335 2335 403 2372 18.
464 2325 654 2379 Κότανα]
698 2331 733 2371 si
761 2331 867 2371 Acta
895 2331 1090 2384 Ephesini
1130 2332 1289 2373 concilii
1316 2332 1425 2372 haud
1453 2332 1535 2372 fal-

82 2383 183 2435 lunt,
197 2381 366 2424 Κότενα
394 2386 692 2439 praestiterint:
722 2386 938 2428 subscribit
956 2388 1059 2428 enim
1084 2400 1122 2440 p.
1138 2389 1221 2428 549
1247 2388 1422 2428 Aeacius
1438 2387 1533 2426 Ko-

82 2436 206 2477 τὲνων
232 2437 307 2491 τῆς
321 2440 604 2493 Παμφυλίας,
635 2446 727 2494 etp.
745 2445 843 2494 529,
873 2443 1060 2496 quamvis
1087 2455 1169 2484 non
1197 2443 1283 2484 sine
1313 2444 1396 2484 levi
1422 2455 1532 2484 men-

80 2492 146 2546 do,
173 2492 244 2545 τῆς
274 2494 319 2534 ἐν
345 2494 552 2541 Κοπένοις
581 2494 813 2547 ἐκκλησίας.

187 2558 299 2602 Ιῠὶιί.
343 2555 553 2613 Ὄρυμνα]
581 2562 658 2602 hoc
684 2575 766 2603 mss
793 2564 1035 2617 approbant.
1091 2564 1184 2606 huic
1211 2565 1422 2619 episcopus
1451 2565 1531 2605 fuit

81 2613 247 2656 Paullus
275 2617 544 2667 Orymnorum
557 2618 750 2671 Ephesin.
774 2619 918 2660 concil.
936 2633 974 2672 p.
992 2623 1087 2671 674,
1116 2622 1184 2674 qui
1213 2621 1359 2662 vitiose
1385 2620 1458 2673 τῆς
1484 2619 1529 2659 ἑν

82 2666 297 2722 Θρύμνοις
325 2669 545 2726 ἐκκλησίας
572 2686 612 2727 p.
627 2675 726 2716 535.
758 2675 851 2716 vide
878 2675 1043 2718 Nicaea.
1074 2688 1154 2719 sec.
1185 2690 1224 2729 p.
1239 2679 1334 2718 598.
