1780 3132
308 130 384 172 DE
417 129 882 174 ADMINISTRANDO
915 130 1154 176 IMPERIO
1190 133 1299 177 CAP.
1333 136 1369 178 1.
1395 137 1433 178 2.
1537 132 1600 177 69

617 244 664 285 Κ
681 260 698 286 ε
718 259 749 300 φ
768 240 795 285 ά
813 248 837 285 λ
857 263 884 287 α
905 264 917 286 ι
936 262 957 288 ο
975 263 996 288 ν
1063 243 1119 300 β’.

469 313 554 359 περὶ
575 315 652 350 τῶν
675 316 954 358 Πατζινακιτιόν
975 316 1038 353 καὶ
1060 318 1137 353 τῶν
1156 314 1264 358 Ῥοῦς.

264 387 354 430 ’Ότι
381 390 447 431 καὶ
474 396 558 439 τοῖς
574 388 673 439 Ῥῶς
692 391 730 432 οἶ
748 393 1038 443 Πατζινακΐται
1058 393 1225 448 γείτονες
1243 392 1310 433 καὶ
1329 389 1470 448 ὅμοροι
1488 395 1597 433 καθ-

138 454 347 511 εστήκασι,
393 459 460 499 καὶ
502 456 715 510 πολλάκις,
759 457 855 502 ὅταν
885 460 943 514 μὴ
977 460 1078 517 πρὸς
1108 459 1308 514 ἀλλήλους
1336 458 1594 516 εἰρηνεύουσι,

99 523 395 581 5πραιὸεύουσι
432 525 505 581 τὴν
529 524 698 570 Ῥωσίαν
730 529 797 569 καὶ
828 528 974 578 ἱκανῶς
1004 528 1129 583 αὐτὴν
1159 526 1496 586 παραβλάπτουσι
1527 529 1594 569 καὶ

131 595 404 648 λυμαίνονται.

143 712 145 714 q
266 659 328 704 ὅτι
349 663 418 704 καὶ
441 662 479 704 οἶ
494 658 594 712 Ῥῶς
617 661 686 704 διὰ
708 664 889 718 σπουδῆς
908 661 1067 717 ἒβςουσιν
1087 661 1245 720 εἰρήνην
1270 662 1372 717 ἔχειν
1391 662 1493 718 μετὰ
1515 668 1594 706 τῶν

127 730 456 781 Πατζινακιτῶν·
494 727 735 785 ἀγοράζουσι
766 731 844 788 γὰρ
880 733 922 782 ἐξ
954 732 1087 774 αὐτῶν
1117 730 1222 786 βόας
1253 733 1319 774 καὶ
1345 732 1496 782 ἵππους
1527 733 1594 774 καὶ

127 795 337 855 πρόβατα,
371 800 437 841 καὶ
456 799 499 840 ἐκ
516 796 668 841 τούτων
688 799 979 856 εὐμαρέστερον
998 802 1164 853 διαζῶσι
1185 802 1253 842 καὶ
1274 799 1590 857 τρυφερώτερον,
1614 806 1643 840 Ρ
1669 807 1715 840 56

0 920 7 929 ³
74 866 213 910 1oae‘nei
242 868 369 922 μηδὲν
396 871 476 910 τῶν
504 868 803 924 προειρημένων
840 866 950 926 ζῴων
986 870 1027 911 ἓν
1068 873 1119 926 τῇ
1150 867 1295 928 Ῥωσία
1330 868 1592 923 καθέστηκεν.

6 931 25 947 ³⁴
127 933 220 976 ἀλλ’
254 936 348 978 οὐδὲ
375 935 477 992 πρὸς
504 933 743 992 ὑπερορίους
773 937 974 991 πολέμους
1000 938 1251 995 ἀπέρχεσθαι
1276 935 1465 979 δύνανται
1488 936 1594 988 ὅλως

125 1002 165 1044 οἳ
180 1001 280 1054 Ῥῶς
303 1006 336 1046 εἲ
356 1003 414 1058 μὴ
437 1003 540 1057 μετὰ
559 1008 639 1046 τῶν
659 1006 964 1057 Πατζινακιτίῦν
987 1004 1252 1062 εἰρηνεύοντες
1261 1037 1273 1055 ,
1310 1004 1412 1047 διότι
1442 1004 1590 1047 δύναν-

123 1088 191 1113 ται
219 1072 260 1114 ἓν
278 1076 347 1130 ,τῷ
373 1073 544 1122 ἐκείνους
569 1077 649 1114 τῶν
679 1074 831 1123 οἰκείων
857 1071 1081 1131 ὑποχωρεῖν
1111 1074 1225 1116 αὐτοὶ
1253 1071 1509 1128 ἐπερχόμενοι
1538 1075 1587 1116 τὰ

104 1139 280 1183 ’ἐκείνων
310 1141 514 1198 ἀφανίζειν
543 1157 584 1182 τε
615 1143 681 1183 καὶ
710 1143 994 1195 λυμαίνεσθαι.
1064 1141 1125 1184 διὸ
1153 1145 1308 1196 μᾶλλον
1329 1141 1388 1183 ἀεὶ
1410 1142 1590 1196 σπουδὴν

69 1216 112 1252 15
125 1207 164 1251 οἱ
187 1206 287 1259 Ῥῶς
314 1210 517 1260 τίθενται,
549 1206 617 1251 διά
638 1227 680 1252 τε
700 1210 746 1252 τὸ
769 1209 827 1264 μὴ
849 1208 1220 1265 παραβλάπτεσθαι
1241 1209 1343 1266 παρ’
1369 1210 1502 1252 αὐτῶν
1522 1212 1589 1252 καὶ

122 1276 192 1318 διὰ
214 1276 260 1319 τὸ
290 1277 455 1333 ἰσχυρὸν
484 1275 582 1318 εἶναι
611 1277 656 1319 τὸ
683 1283 865 1320 τοιοῦτον
895 1277 1040 1329 ἔθνος,
1076 1279 1311 1332 συμμαχίαν
1331 1279 1432 1334 παρ’
1455 1277 1588 1320 αὐτῶν

119 1343 341 1400 λαμβάνειν
372 1346 439 1387 καὶ
469 1343 572 1399 ἔχειν
604 1345 752 1396 αὐτοὺς
774 1348 829 1396 εἷς
846 1344 1069 1400 βοήθειαν,
1102 1344 1156 1396 ὥς
1179 1345 1229 1388 ἂν
1250 1347 1318 1386 καὶ
1339 1350 1412 1400 τῆς
1434 1345 1588 1403 ἔχθρας

120 1414 254 1458 αὐτῶν
276 1411 608 1456 ἀπαλλάττωνται
629 1415 695 1456 καὶ
719 1418 791 1469 τῆς
809 1411 1007 1469 βοηθείας
1027 1412 1358 1457 καταπολαύοιεν.

254 1481 316 1525 ὅτι
340 1481 434 1525 οὐδὲ
455 1482 557 1539 πρὸς
575 1481 648 1537 τὴν
664 1482 963 1536 βασιλεύουσαν
981 1481 1132 1538 ταύτην
1149 1487 1229 1526 τῶν
1241 1482 1450 1536 Ῥωμαίων
1469 1479 1585 1523 πόλιν

62 1549 264 1602 ΞθοῖῬῶς
277 1552 574 1608 παραγίνεσθαι
591 1550 781 1594 δύνανται
802 1554 836 1594 εἴ
850 1551 908 1606 μὴ
927 1552 1030 1606 μετὰ
1050 1556 1130 1594 τῶν
1149 1553 1455 1604 Πατζινακιτῶν
1475 1552 1583 1606 εἰρη-

114 1618 315 1672 νεύοντες,
352 1618 443 1662 οὕτε
475 1620 652 1674 πολέμου
682 1618 805 1677 χάριν
838 1620 928 1663 οὔτε
963 1622 1260 1678 πραγματείας,
1295 1619 1431 1673 ἐπειδὴ
1460 1619 1500 1660 ἓν
1527 1622 1585 1676 τῷ

113 1688 218 1743 μετὰ
248 1693 329 1732 τῶν
361 1689 512 1731 πλοίων
541 1690 596 1739 εἷς
624 1689 720 1739 τοὺς
748 1689 963 1746 φραγμοὺς
983 1693 1057 1732 τοῦ
1077 1693 1263 1744 ποταμοῦ
1284 1690 1468 1743 γίνεσθαι
1490 1687 1585 1737 τοὺς

109 1756 209 1808 Ῥῶς
229 1758 296 1799 καὶ
314 1756 372 1811 μὴ
393 1755 596 1799 δύνασθαι
620 1758 819 1809 διελθεῖν,
858 1760 892 1800 εἷ
913 1758 972 1813 μὴ
994 1756 1218 1813 ε”ξαγάγωσι
1236 1761 1308 1799 τοῦ
1327 1760 1511 1810 ποταμοῦ
1531 1755 1582 1797 τὰ

112 1830 235 1868 πλοῖα
266 1826 399 1867 αὐτῶν
429 1827 496 1866 καὶ
526 1826 590 1867 ἐπὶ
613 1829 692 1868 τῶν
714 1825 836 1879 ὤμων
856 1824 1126 1879 βαστάζοντες
1148 1824 1421 1880 ὃιαβήσωσιν,
1458 1824 1580 1865 ἐπιτί-

205 1943 229 1979 4
252 1941 348 1989 πρὸς
371 1940 550 1988 ἀλλήλους
572 1944 640 1979 add
663 1944 692 1978 B

538 2047 573 2080 2.
623 2047 668 2080 de
692 2044 926 2079 Patzz'nacz'tis
950 2050 983 2079 et
1008 2045 1149 2080 Russis.

202 2100 327 2136 Russis
348 2100 590 2137 Patzinacitae
611 2102 721 2136 vicini
744 2107 824 2136 sunt
847 2108 884 2136 et
906 2101 1130 2142 contermini3
1154 2112 1262 2145 quare
1284 2101 1353 2135 nisi
1377 2111 1495 2145 pacem
1519 2100 1575 2134 in-

110 2149 223 2184 vicem
247 2147 380 2192 colant,
401 2148 564 2182 Russiam
585 2160 692 2193 saepe
713 2148 971 2194 depraedantur
993 2147 1196 2192 ingentique
1219 2148 1343 2181 damno
1367 2145 1538 2180 afficiunt.

200 2194 281 2227 ideo
314 2193 421 2228 Russi
453 2206 593 2240 operam
626 2195 710 2229 dant
742 2200 780 2229 ut
808 2205 928 2239 pacem
960 2205 1036 2228 cum
1066 2192 1292 2227 Patzinacitis
1317 2193 1480 2228 habeant.
1529 2192 1573 2225 ab

107 2239 196 2286 ipsis
230 2239 321 2273 enim
352 2241 462 2274 boves
493 2252 602 2285 equos
626 2247 662 2275 et
686 2252 770 2274 oves
795 2245 1016 2285 comparant,
1055 2245 1162 2284 atque
1188 2238 1308 2273 horum
1339 2250 1407 2282 ope
1434 2237 1572 2271 facilius

106 2285 321 2330 suaviusque
341 2285 448 2320 vitam
473 2291 597 2331 agunt:
625 2285 751 2320 nullum
779 2285 911 2331 quippe
934 2285 1053 2319 horum
1077 2284 1272 2319 animalium
1294 2284 1330 2318 in
1354 2283 1483 2318 Russia
1508 2294 1570 2316 na-

106 2332 230 2367 scitur.
277 2331 338 2365 sed
371 2343 484 2376 neque
510 2333 553 2366 ad
578 2332 668 2366 bella
692 2343 781 2375 quae
804 2337 903 2365 extra
925 2331 1014 2365 fines
1035 2335 1204 2376 geruntur
1224 2331 1278 2365 ire
1302 2330 1440 2364 omnino
1464 2328 1572 2362 Russi

105 2380 275 2423 possunt,
310 2376 379 2410 nisi
411 2389 486 2412 cum
514 2378 742 2412 Patzinacitis
765 2389 884 2422 pacem
907 2383 1071 2420 servent,
1106 2376 1265 2421 quoniam
1289 2377 1368 2410 dum
1392 2375 1444 2408 illi
1469 2381 1570 2408 extra

105 2423 194 2458 fines
228 2422 438 2466 abscedunt,
476 2423 546 2468 ipsi
574 2423 806 2469 irrumpentes
830 2428 976 2468 possunt
997 2428 1124 2457 terram
1148 2434 1263 2456 eorum
1289 2421 1510 2467 pessumdare
1533 2426 1570 2454 et

105 2469 305 2504 devastare.
327 2468 478 2514 ideoque
501 2469 608 2504 Russi
629 2481 846 2514 summopere
870 2473 1034 2512 satagunt
1055 2480 1100 2503 ne
1121 2468 1279 2502 damnum
1304 2469 1347 2502 ab
1371 2467 1441 2501 ista
1463 2472 1570 2511 gente

105 2514 175 2550 sibi
198 2514 426 2559 importetur3
450 2520 486 2550 et
507 2516 589 2559 quia
613 2521 756 2550 strenua
778 2515 838 2548 illa
861 2519 896 2548 et
919 2515 1100 2549 admodum
1123 2514 1288 2548 bellicosa
1311 2519 1377 2557 est,
1402 2524 1477 2546 eam
1499 2512 1567 2546 sibi

105 2561 151 2595 ad
173 2559 255 2594 belli
278 2561 487 2595 consortium
512 2568 548 2595 et
569 2561 733 2595 auxilium
755 2560 920 2606 pellicere
940 2564 1081 2604 curant,
1117 2561 1169 2595 uti
1201 2559 1302 2594 simul
1332 2564 1369 2593 et
1395 2559 1470 2592 eius
1498 2556 1568 2592 ini·

105 2605 271 2641 micitiam
296 2605 457 2641 devitent
479 2612 515 2641 et
537 2607 668 2641 auxilio
690 2608 864 2641 fruantur.

194 2661 308 2695 neque
328 2657 492 2706 *possunt
526 2652 610 2687 item
641 2653 747 2687 Russi
777 2650 1030 2696 imperatricem
1062 2650 1152 2686 hanc
1186 2653 1418 2686 Romanorum
1449 2651 1569 2683 urbem

105 2695 183 2731 sive
203 2696 287 2731 belli
309 2709 387 2732 slve
409 2699 606 2733 commercii
627 2711 733 2733 causa
757 2705 890 2744 petere,
916 2697 983 2731 uisi
1009 2707 1128 2741 pacem
1154 2709 1228 2732 cum
1251 2695 1480 2731 Patzinacitis
1506 2707 1568 2728 co-

104 2742 198 2777 lant:
222 2754 298 2776 nam
322 2743 384 2778 ubi
409 2756 484 2778 cum
508 2745 658 2780 navibus
682 2745 787 2779 Russi
810 2744 854 2778 ad
874 2743 950 2778 loca
969 2743 1121 2778 fluminis
1142 2749 1332 2789 praerupta
1348 2741 1568 2784 devenerint,

59 2813 69 2839 ·.
104 2799 178 2822 cum
211 2800 280 2823 non
312 2789 404 2824 ultra
434 2791 627 2836 procedere
657 2796 805 2837 queant,
840 2789 910 2824 nisi
938 2788 1115 2824 naviculas
1146 2802 1227 2825 suas
1256 2789 1398 2824 flumine
1424 2787 1567 2822 eductas
