1780 3132
228 167 292 213 66
493 170 858 215 CONSTANTINI
891 171 1382 215 PORPHYROGENITI

225 278 274 321 τὰ
293 277 518 336 πράγματα.
587 280 673 321 ἰδοὺ
694 281 881 335 ἓκτίθημί
894 297 957 324 σοι
975 282 1234 324 διδασκαλίαν
1255 280 1354 324 ὥστε
1374 286 1424 339 τῇ
1444 283 1485 324 ἔκ
1505 280 1650 336 ταύτης

223 346 336 405 πείρα
358 349 422 388 καὶ
443 345 580 401 γνώσει
601 348 876 390 συνετισθὲντα
896 351 982 405 περὶ
1001 349 1072 398 τὰς
1090 349 1296 401 βελτίστας
1309 349 1459 401 βουλὰς
1475 352 1541 391 καὶ
1563 351 1647 406 [affl

225 413 269 455 τὸ
289 419 397 470 κοινῇ
417 414 618 469 συμφέρον
637 413 693 466 μὴ
714 414 1001 470 διαμαρτάνειν.
1045 420 1182 471 πρῶτα
1198 417 1270 468 μὲν
1286 422 1398 457 ποῖον
1415 415 1530 465 ἴθνος
1547 415 1649 457 κατὰ

222 482 263 523 τί
278 481 348 533 μὲν
368 481 570 535 ὠφελῆσαι
590 478 754 522 δύναται
766 479 983 535 Ῥωμαίους
1000 482 1101 523 κατὰ
1120 483 1159 523 τί
1174 483 1217 523 δὲ
1231 480 1404 535 βλάψαι,
1427 483 1506 534 [καὶ
1521 484 1650 534 ποῖον]

222 549 288 589 καὶ
310 552 392 596 πῶς
409 548 571 588 ἕκαστον
587 545 757 598 τούτων,
788 550 852 589 καὶ
874 549 983 605 παρὰ
1005 550 1118 590 ποιόυ
1140 547 1303 590 δύναται
1323 548 1464 598 ἔθνους
1482 550 1547 590 καὶ
1566 565 1641 590 πο-
1655 557 1677 595 5

224 618 431 667 λεμεῖσθαι
453 615 518 655 καὶ
539 611 834 657 ὑποτάσσεσθαι
843 647 856 666 ,
891 615 1020 657 ἔπειτα
1043 617 1130 671 περὶ
1155 621 1225 668 τῆς
1246 612 1447 669 ἀπλήστου
1467 618 1534 656 καὶ
1554 615 1650 657 ἄκο-

225 680 363 736 ρέστου
383 680 513 722 αὐτῶν
533 679 690 735 γνώμης
698 712 711 731 ,
745 683 810 723 καὶ
831 676 885 724 ὧν
906 681 1139 738 παραλόγως
1158 683 1400 732 ἐξαιτοῦνται
1421 680 1649 735 λαμβάνειν,

225 746 308 789 εἷθ’
330 745 454 796 οὕτως
470 748 535 788 καὶ
554 749 640 803 περὶ
659 749 856 804 διαφορᾶς
875 747 1015 805 ἑτέρων
1031 750 1173 799 ἐθνῶν,
1203 750 1448 804 γενεαλογίας
1463 766 1503 790 τε
1520 749 1650 790 ἐθνῶν

224 816 290 856 καὶ
320 815 410 866 βίου
444 815 660 869 διαγωγῆς,
695 817 759 856 καὶ
787 815 939 865 θέσεως
969 818 1034 857 καὶ
1063 815 1238 870 κράσεως
1257 820 1328 869 τῆς
1349 815 1651 870 κατοικουμένης

222 881 320 934 παρ’
354 881 484 922 αὐτῶν
513 885 585 935 γῆς
614 883 680 922 καὶ
709 880 972 936 περιηγήσεως
1001 881 1142 936 αὐτῆς,
1176 885 1242 924 καὶ
1274 885 1522 936 σταδιασμοῧ
1549 882 1649 938 πρὸς
1662 891 1704 926 10

219 945 394 996 τούτοις,
429 949 494 988 καὶ
524 949 611 1002 περὶ
634 951 712 989 τῶν
735 947 775 990 ἕν
794 966 868 990 τινι
886 954 1011 1005 καιρῷ
1034 949 1180 1001 μεταξὺ
1195 948 1396 1002 Ῥωμαίων
1417 951 1481 990 καὶ
1503 947 1650 1004 διαφό-

221 1030 300 1070 ρων
322 1015 450 1055 ἔθνῶν
472 1013 802 1067 συμβεβηκότων,
837 1016 903 1056 καὶ
923 1015 1023 1068 μετὰ
1041 1020 1167 1057 ταῦτα
1189 1013 1264 1057 ὅσα
1286 1017 1326 1057 ἓν
1346 1021 1395 1072 τῇ
1417 1016 1519 1058 καθ’
1543 1013 1650 1069 ἡμᾶς

219 1081 393 1139 πολιτεία
403 1111 416 1130 ,
451 1079 552 1121 ἀλλὰ
570 1083 635 1122 καὶ
657 1081 697 1122 ἓν
716 1079 823 1136 πάσῃ
840 1086 890 1138 τῇ
903 1081 1107 1135 Ῥωμαίων
1125 1082 1227 1138 ἀρχῇ
1245 1080 1346 1124 κατά
1364 1099 1471 1131 τινας
1480 1079 1651 1138 χρόνους

223 1144 528 1200 ἕκαινοτομήθη.
594 1152 719 1189 ταῦτα
751 1147 998 1205 ε’σοφισάμην
1029 1148 1119 1191 κατ’
1149 1148 1320 1202 ἐμαυτὸν
1346 1150 1410 1190 καὶ
1439 1147 1528 1190 εἶπα
1550 1165 1652 1203 γνω·

224 1212 300 1256 στά
329 1229 392 1256 σοι
419 1218 580 1266 ποιῆσαι
612 1219 667 1271 τῷ
698 1214 933 1272 ἠγαπημένῳ
965 1232 1043 1268 μου
1074 1216 1169 1272 υἱῷ,
1198 1216 1254 1257 ἵν’
1291 1215 1382 1271 Ξβςῃς
1410 1215 1551 1257 εἲδέναι
1577 1215 1649 1269 τὴν
1664 1223 1705 1257 15

225 1279 391 1323 ἑκάστου
415 1278 564 1322 τούτων
587 1279 784 1336 διαφοράν
792 1313 805 1332 ,
840 1284 904 1322 καὶ
927 1287 1010 1331 πῶς
1029 1281 1054 1336 ἢ
1075 1283 1415 1338 μεταχειρίζεσθαι
1436 1286 1563 1323 ταῦτα
1585 1283 1652 1323 καὶ

224 1350 469 1389 οἰκειοῦσθαι
487 1346 513 1400 ἢ
532 1351 712 1399 πολεμεῖν
730 1350 795 1389 καὶ
814 1347 1136 1390 ἀντιτάσσεσθαι.
1203 1346 1497 1402 πτοηθήσονται
1515 1346 1590 1405 γάρ
1607 1364 1652 1390 σε.

223 1412 277 1463 ὧς
306 1418 541 1469 μεγαλοφνῆ
551 1445 563 1464 ,
592 1416 658 1456 καὶ
679 1412 732 1464 ὡς
753 1415 829 1456 ἀπὸ
851 1416 976 1471 πυρὸς
997 1413 1206 1471 φεύξονται
1228 1415 1305 1457 ἀπὸ
1329 1420 1424 1457 σοῦ’
1459 1413 1653 1471 φιμωθή-

223 1497 359 1523 σονται
386 1481 436 1522 τὰ
466 1482 576 1534 χείλη
603 1482 754 1532 αὐτῶν,
783 1484 847 1522 καὶ
869 1480 922 1531 ὥς
941 1480 1017 1523 ὕπὸ
1038 1486 1165 1534 βελῶν
1183 1489 1264 1531 τοῖς
1284 1487 1368 1531 σοΐς
1386 1480 1654 1537 κατατρωθή-

222 1564 357 1590 σονται
378 1545 561 1603 ῥήμασιν.
607 1547 772 1604 ὃφθήσῃ
795 1548 928 1597 αὐτοῖς
947 1547 1132 1604 φοβερός,
1160 1551 1225 1590 καὶ
1246 1549 1323 1591 ἀπὸ
1343 1546 1556 1604 προσώπου
1577 1564 1648 1592 σου
1661 1557 1705 1592 20

221 1612 368 1670 τρόμος
389 1612 559 1667 λήψεται
578 1613 734 1663 αὐτούς.
780 1616 850 1656 καί
869 1631 941 1657 σου
963 1615 983 1656 ὁ
1005 1613 1286 1671 παντοκράτωρ
1305 1613 1557 1670 ὖπερασπιεῖ,
1585 1617 1652 1657 καὶ
1675 1659 1677 1662 ,

221 1686 392 1723 συνετιεῒ
404 1696 446 1723 σε
464 1679 484 1721 ὅ
501 1679 655 1730 πλάσας
675 1695 739 1723 σε·
767 1686 1003 1723 κατευθυνεῖ
1015 1699 1086 1724 σου
1105 1683 1155 1724 τὰ
1176 1680 1420 1736 ὃιαβήματα,
1448 1684 1514 1723 καὶ
1533 1680 1653 1737 ἑδρά-

222 1763 281 1789 σει
304 1764 347 1789 σε
367 1747 429 1788 ἐπὶ
447 1745 566 1799 βάσιν
587 1746 816 1790 ἀσάλευτον.
885 1747 905 1790 ὃ
934 1747 1080 1803 θρόνος
1106 1765 1177 1790 σου
1208 1748 1263 1799 ὥς
1293 1747 1314 1791 ὃ
1344 1747 1454 1802 ἣλιος
1481 1749 1652 1791 ἐναντίον

309 1841 333 1918 Ξ
357 1837 620 1918 δσυέετισθέντι
649 1841 677 1874 Β
716 1841 764 1883 (i.
788 1853 820 1875 e.
849 1841 956 1875 codex
982 1840 1137 1886 Regius)
1176 1852 1250 1876 cum
1281 1843 1330 1876 P:
1371 1853 1449 1876 corr
1479 1842 1652 1877 Meursius

381 1895 396 1917 Ε

221 1961 313 1995 clare
335 1971 391 1994 res
416 1971 553 2004 magnas
577 1961 719 2005 aggredi
742 1961 886 1995 valebis.
934 1973 1013 1995 ecce
1042 1963 1230 1997 doctrinam
1251 1962 1315 1997 tibi
1338 1974 1512 2008 propono,
1546 1966 1585 1997 ut
1609 1975 1653 1998 ex

221 2006 295 2040 eius
318 2016 382 2038 usu
405 2010 440 2039 et
462 2005 584 2039 notitia
607 2007 650 2040 ad
673 2006 800 2050 optima
821 2006 963 2040 consilia
983 2007 1116 2050 peritus
1138 2008 1175 2041 in
1198 2008 1355 2052 publicae
1373 2009 1532 2042 utilitatis
1550 2009 1653 2042 rebus

221 2062 265 2084 ne
294 2051 445 2083 aberres.
494 2051 636 2095 primum
660 2051 794 2094 quidem
816 2052 948 2085 tradam
970 2063 1058 2095 quae
1080 2064 1163 2095 gens
1186 2053 1221 2086 in
1244 2063 1311 2096 qua
1334 2065 1372 2086 rc
1395 2053 1558 2097 prodesse
1581 2054 1654 2087 Ro—

221 2094 328 2128 manis
352 2094 478 2139 possit,
511 2095 546 2127 in
572 2107 638 2138 qua
661 2097 801 2137 obesse3
834 2096 913 2130 item
937 2096 1084 2139 qualiter
1107 2103 1141 2130 et
1164 2098 1330 2141 quomodo
1353 2097 1508 2141 singulae
1529 2109 1568 2131 se
1590 2097 1654 2130 ha-

221 2140 338 2182 beant,
361 2144 396 2172 et
419 2151 439 2171 a
462 2150 528 2182 qua
551 2145 654 2182 gente
678 2141 810 2183 possint
832 2147 868 2174 et
889 2141 978 2174 bello
1002 2141 1121 2186 impeti
1145 2148 1180 2175 et
1202 2142 1390 2186 subiugari.
1422 2142 1546 2176 deinde
1567 2153 1652 2176 vero

222 2185 266 2218 de
289 2183 487 2227 inexplebili
512 2184 766 2229 insatiabilique
789 2196 904 2218 earum
927 2185 1037 2219 animo
1065 2197 1104 2219 ac
1127 2186 1171 2220 de
1191 2186 1317 2230 iniquis
1336 2188 1517 2221 earundem
1535 2190 1653 2230 postu-

223 2228 314 2264 latis,
361 2229 423 2261 sub
449 2229 533 2261 haec
555 2229 598 2261 de
623 2229 763 2263 aliarum
787 2241 924 2275 quoque
947 2230 1096 2273 gentium
1119 2231 1329 2275 discrimine,
1349 2231 1493 2275 origine,
1515 2231 1655 2264 vivendi

223 2273 400 2315 instituto,
425 2272 468 2306 de
492 2274 578 2315 situ,
604 2275 647 2307 de
672 2275 871 2309 condicione
896 2279 1010 2309 terrae
1032 2286 1129 2319 quam
1152 2276 1322 2317 incolunt3
1358 2276 1497 2321 insuper
1519 2277 1562 2309 de
1585 2275 1654 2309 cir-

224 2318 320 2352 cuitu
351 2322 386 2350 et
416 2328 572 2350 mensura
603 2324 738 2361 terrae,
772 2331 812 2353 ac
835 2321 878 2353 de
899 2319 943 2353 iis
966 2329 1053 2363 quae
1076 2320 1173 2354 vario
1196 2325 1348 2365 tempore
1370 2321 1462 2356 inter
1483 2321 1655 2354 Romanos

224 2363 447 2404 diversasque
470 2367 589 2404 gentes
612 2363 820 2406 acciderint3
844 2364 966 2398 deinde
989 2365 1032 2398 de
1057 2364 1100 2398 iis
1124 2376 1210 2409 quae
1233 2377 1338 2409 penes
1363 2377 1443 2410 nos,
1467 2366 1534 2399 imo
1553 2365 1654 2398 etiam

223 2407 262 2441 in
284 2407 443 2440 universo
467 2408 619 2440 Romano
642 2409 784 2452 imperio
809 2410 912 2442 certis
933 2409 1141 2453 temporibus
1163 2410 1327 2444 innovata
1345 2416 1435 2446 sunt.
1481 2410 1564 2443 haee
1582 2420 1656 2443 me-

223 2462 298 2486 cum
330 2462 373 2484 ex
404 2452 595 2496 sapientiae
620 2452 752 2496 legibus
776 2454 991 2487 considerata
1015 2455 1080 2487 tibi
1103 2453 1226 2487 dilecto
1248 2455 1318 2488 filio
1340 2467 1414 2488 meo
1437 2459 1517 2488 nota
1539 2455 1655 2487 facere

224 2495 385 2538 decrevi,
417 2502 454 2529 ut
475 2495 682 2540 singulorum
705 2498 885 2531 discrimen
910 2498 1063 2542 apprime
1084 2504 1218 2539 teneas,
1253 2499 1408 2544 sciasque
1433 2510 1499 2544 qua
1521 2498 1654 2532 ratione

223 2541 313 2575 istae
347 2539 403 2573 vel
435 2542 634 2575 tractandae
666 2542 743 2575 sive
776 2543 1008 2576 conciliandae
1036 2543 1093 2576 vel
1123 2543 1344 2577 debellandae
1372 2555 1412 2577 ac
1439 2543 1655 2587 repellendae

225 2586 307 2619 sint.
352 2589 388 2618 te
411 2586 539 2630 quippe
562 2592 600 2619 ut
621 2587 867 2630 magnanimum
889 2587 1169 2631 reformidabant,
1195 2594 1229 2622 et
1251 2590 1312 2622 abs
1335 2594 1370 2622 te
1393 2588 1488 2622 velut
1509 2589 1552 2621 ab
1575 2587 1655 2632 igne

224 2630 370 2674 fugient.
417 2629 508 2664 labia
530 2642 644 2664 eorum
665 2633 909 2676 frenabantur‚
936 2632 1119 2676 verbisque
1141 2632 1208 2666 tuis
1232 2633 1338 2666 veluti
1359 2632 1436 2666 telis
1456 2632 1655 2666 confodien-

226 2681 294 2708 tnr.
339 2673 425 2719 ipsis
458 2680 599 2719 aspectu
632 2677 795 2710 terribilis
827 2677 915 2720 eris,
953 2682 989 2711 et
1018 2688 1040 2711 a
1069 2683 1253 2721 conspectu
1285 2683 1343 2711 tuo
1366 2682 1495 2712 tremor
1516 2677 1656 2711 invadet

226 2719 323 2762 illos,
347 2721 498 2764 deusque
521 2720 735 2764 omnipotens
757 2726 793 2755 te
815 2727 991 2766 proteget,
1019 2733 1060 2756 ac
1082 2727 1216 2755 creator
1237 2727 1315 2756 tuus
1339 2727 1374 2756 te
1397 2722 1578 2766 prudentia
1598 2722 1654 2755 in-

227 2768 357 2808 struet,
392 2775 532 2809 gressus
553 2770 632 2799 tuos
654 2766 780 2810 diriget
801 2772 906 2811 atque
928 2767 964 2800 in
987 2767 1061 2801 basi
1082 2766 1244 2801 immobili
1267 2766 1464 2804 constituet.
1511 2765 1655 2801 thronus
