1780 3132
261 183 355 230 274
708 191 1200 231 ANJMAnvEustoNizs
1214 223 1218 225 μ

367 299 413 341 Ρ.
439 305 499 344 11.
531 302 663 339 iuscr-
739 298 1015 340 Constantinus
1053 302 1115 340 hic
1140 302 1321 352 pluribus
1353 315 1378 342 a
1403 302 1663 353 scriptoribus

258 354 445 393 laudatur
486 367 510 393 a
540 354 668 391 studio
696 353 920 393 literarum:
955 367 1045 394 nam
1077 359 1116 393 et
1146 356 1317 394 iacentes
1343 356 1529 395 liberales
1554 362 1662 395 artes

259 407 299 446 in
335 408 452 446 decus
491 407 698 457 pristinum
725 408 921 457 restituit,
953 413 992 446 et
1017 409 1101 459 ipse
1138 409 1324 459 imprimis
1354 409 1479 448 literis
1507 410 1662 448 deditus

257 465 356 508 erat,
385 465 427 498 ut
453 464 646 498 testantur
673 459 872 500 Cedrenus
902 462 1084 501 Zonaras
1117 461 1264 510 Glycas
1300 462 1456 514 aliique.
1524 463 1660 514 primis

255 526 375 564 porro
404 513 554 563 imperii
595 514 708 551 alniis
746 526 956 565 oppressus
987 516 1056 554 ille
1093 516 1220 554 soceri
1248 516 1468 563 tyrannide,
1497 528 1566 555 seu
1592 529 1660 555 ne-

255 567 438 605 cessitate
471 571 641 615 coactus,
671 579 739 605 seu
768 568 1015 607 dissimulata
1036 580 1152 620 quam
1179 569 1220 607 in
1249 569 1463 608 Romanum
1494 570 1661 621 gerebat

254 620 470 669 simultate,
502 620 612 658 libris
640 621 818 672 legendis
846 634 894 660 ac
920 622 1135 672 disciplinis
1168 622 1385 661 ediscendis
1411 625 1530 674 atque
1559 623 1658 662 adeo

254 673 457 724 scriptioni
498 677 621 712 totum
652 686 694 712 se
723 675 894 724 dedidit,
919 676 1020 726 quod
1049 688 1146 726 prae
1184 676 1326 714 ceteris
1355 679 1524 716 testatur
1548 677 1658 716 Luit-

253 727 428 776 prandus
455 730 482 765 3
509 730 558 774 9,
587 727 654 766 ubi
682 728 789 766 illius
820 729 1003 778 pietatem
1047 742 1095 768 ac
1124 729 1254 768 studia
1282 729 1526 768 commendat
1552 729 1659 768 hisce

255 780 404 819 verbis:
455 779 733 820 Jonstantinus
763 783 905 834 itaque
944 781 1326 835 Porphyroyenitus
1364 786 1448 822 tum
1475 784 1660 822 orationi

253 836 337 872 tum
381 832 632 874 lectionibus
673 846 832 874 vacans
877 839 1005 875 totum
1043 847 1092 875 se
1132 837 1295 876 domino
1335 835 1656 885 commendabat,

253 897 379 938 opere
418 898 607 926 manuum
652 890 806 928 vietum
843 891 1100 941 quaeritans.
1156 902 1261 930 sane
1289 886 1360 939 τὸν
1396 889 1656 941 ζωγραφίαν,

251 940 296 979 id
326 944 393 979 est
417 943 640 992 picturam,
668 941 819 993 palere
851 942 1093 983 emercebat.
1129 956 1224 983 suae
1252 944 1405 982 demum
1432 945 1559 982 factus
1585 955 1659 996 po-

251 995 419 1042 testatis,
449 1007 636 1045 oppresso
666 1000 836 1043 tyranno
866 998 1041 1036 Romano
1071 1009 1119 1037 ac
1145 998 1227 1036 eius
1251 997 1357 1046 filiis,
1385 997 1658 1049 philosophiae

251 1052 291 1086 et
316 1048 534 1087 rhetorices
572 1053 867 1101 ceterarumque
895 1051 1061 1090 omnium
1094 1054 1133 1090 et
1166 1051 1309 1090 artium
1337 1055 1378 1089 et
1406 1050 1658 1090 scientiarum

251 1101 381 1141 studia
412 1114 511 1153 pene
535 1102 740 1153 deperdita
767 1103 824 1143 ita
852 1105 1090 1144 instauravit
1110 1108 1153 1144 ut
1181 1105 1275 1144 urbs
1302 1105 1418 1156 regia
1446 1104 1542 1143 viris
1569 1116 1659 1143 eru-

249 1155 354 1204 ditis,
386 1167 482 1206 quos
513 1168 563 1195 ex
589 1157 772 1195 universo
800 1158 896 1196 orbe
925 1158 1078 1207 accivit,
1108 1159 1310 1198 abundare
1333 1158 1520 1209 coeperit.
1576 1158 1659 1196 col-

248 1209 362 1263 lectis
394 1209 554 1259 insuper
578 1210 748 1262 undique
784 1212 1015 1262 optimorum
1052 1212 1286 1263 scriptorum
1314 1212 1355 1251 in
1382 1212 1486 1251 omni
1513 1211 1659 1250 doctri-

248 1274 326 1301 nae
353 1274 500 1314 genere
530 1265 825 1314 exemplaribus
854 1265 1075 1304 Palatinam
1115 1266 1392 1305 bibliothecam
1429 1265 1477 1304 iis
1509 1265 1659 1304 instru-

247 1316 333 1362 xit,
363 1328 463 1368 quae
498 1329 576 1355 non
618 1323 698 1356 tam
725 1318 845 1369 ipsius
874 1330 991 1370 quam
1027 1319 1184 1369 publico
1228 1319 1396 1359 omnium
1425 1318 1512 1358 usui
1540 1319 1657 1359 foret.

249 1381 385 1408 verum
408 1383 492 1408 cum
531 1376 681 1410 tantam
720 1377 877 1423 tamque
916 1373 1142 1412 immensam
1187 1373 1377 1412 librorum
1403 1373 1546 1412 molem
1573 1373 1659 1424 ple-

247 1434 391 1474 rosque
421 1424 471 1463 ab
505 1437 637 1463 eorum
667 1426 835 1464 lectione
876 1427 1077 1465 deterrere
1113 1439 1229 1477 posse
1265 1430 1444 1478 putaret,
1480 1426 1589 1477 ipse,
1616 1429 1661 1465 ut

246 1477 462 1528 principem
515 1478 667 1527 decuit,
716 1480 959 1530 singulorum
1006 1480 1168 1519 utilitati
1210 1481 1444 1531 consulens,
1481 1483 1663 1519 auctores

248 1542 380 1569 omnes
413 1531 478 1582 qui
506 1531 608 1570 idem
636 1538 910 1583 argumentum
934 1537 1208 1573 tractaverant
1236 1538 1279 1572 ut
1306 1535 1348 1573 in
1373 1546 1489 1573 unum
1519 1545 1662 1584 corpus

248 1584 593 1636 compingerentur
631 1587 807 1635 curavit,
850 1587 1013 1626 resectis
1054 1587 1284 1638 superfluis,
1327 1599 1375 1627 ac
1412 1587 1568 1626 selectis
1611 1598 1663 1626 ex

247 1650 480 1690 unoquoque
509 1639 703 1689 scriptore
734 1640 832 1678 locis
861 1641 911 1679 iis
942 1651 1042 1691 quae
1071 1641 1233 1692 quisque
1255 1640 1548 1692 elegantissime
1574 1643 1663 1680 tra-

247 1696 440 1731 ctaverat.
512 1693 615 1731 tales
653 1697 745 1732 sunt
785 1692 824 1730 Γ
824 1693 1054 1731 εωπονικῶν
1092 1694 1187 1733 libri
1226 1695 1276 1734 ab
1314 1696 1386 1734 illo
1414 1693 1595 1744 collecti,
1621 1697 1665 1733 ut

246 1744 341 1783 libri
369 1746 507 1784 titulus
537 1750 576 1784 et
619 1751 895 1796 argumentum
929 1747 1147 1787 declarant.
1215 1747 1287 1787 alii
1319 1760 1399 1788 non
1428 1747 1551 1799 ipsius
1579 1759 1665 1786 esse

249 1797 527 1848 Constantini,
554 1800 623 1838 sed
653 1801 736 1839 eius
756 1800 863 1839 iussu
893 1799 1164 1840 collectionem
1195 1801 1311 1840 istam
1340 1803 1486 1841 factam
1515 1801 1666 1851 volunt,

247 1863 367 1903 quam
395 1853 530 1891 nescio
560 1853 622 1892 cui
646 1854 836 1902 Dionysio
870 1853 1046 1893 Uticensi
1076 1855 1266 1894 adscribit
1282 1855 1468 1894 Nicolaus
1496 1854 1664 1894 Guiber-

247 1910 311 1944 tus
344 1905 384 1944 in
413 1906 647 1945 Assertione
675 1908 724 1946 de
753 1908 971 1947 Murrhinis
997 1921 1036 1959 p.
1067 1912 1143 1957 23,
1174 1921 1259 1948 cum
1293 1909 1381 1959 alii,
1420 1913 1462 1948 ut
1499 1909 1665 1947 Iacobus

247 1959 480 1999 Maussacus
509 1961 561 1999 ad
583 1961 835 2000 Plutarchum
866 1963 914 2000 de
939 1961 1183 2001 Fluminibus
1209 1975 1246 2014 p.
1268 1965 1358 2012 194,
1390 1961 1563 2002 auctoris
1589 1974 1664 2000 no·-

246 2025 335 2052 men
359 2014 542 2065 ignorari
573 2015 728 2054 omnino
759 2016 1010 2055 contendant.
1066 2016 1124 2055 ita
1147 2012 1432 2064 Ἱππιατρικῶν
1462 2015 1587 2054 libros
1613 2014 1665 2054 ab

248 2067 383 2106 eodem
417 2080 504 2106 esse
534 2069 723 2108 collectos
752 2069 929 2121 plerique
957 2069 1107 2108 volunt.
1163 2069 1233 2107 sed
1264 2074 1303 2107 et
1330 2070 1464 2109 Nonus
1492 2069 1665 2108 medicus

247 2121 287 2159 in
329 2121 422 2160 libri
454 2122 503 2159 de
543 2123 767 2162 morborum
811 2124 1015 2163 curatione
1045 2123 1247 2174 prooemio
1283 2122 1532 2162 Constantini
1559 2122 1666 2161 iussu

246 2175 547 2226 praeceptiones
578 2188 713 2215 omnes
743 2177 915 2216 medicas
956 2188 1006 2215 ex
1046 2176 1173 2216 variis
1214 2176 1472 2227 scriptoribus
1506 2176 1666 2222 (horum

247 2232 378 2266 tamen
408 2230 631 2280 suppressis
660 2229 898 2277 nominibus)
939 2230 1151 2281 collegisse
1183 2242 1226 2269 se
1256 2234 1436 2270 testatur.
1494 2229 1666 2268 eiusdem

246 2281 339 2319 item
370 2284 606 2333 argumenti,
635 2284 674 2322 id
705 2289 765 2322 est
792 2284 1021 2330 medicinae,
1049 2283 1217 2323 habetur
1246 2284 1431 2332 anonymi
1460 2282 1666 2335 scriptoris

246 2334 350 2373 liber
388 2336 428 2374 in
460 2337 700 2376 bibliotheca
726 2338 856 2389 Regia
895 2337 989 2387 περί
1026 2335 1186 2387 διαίτης
1228 2350 1297 2378 seu
1326 2338 1375 2376 de
1404 2337 1576 2376 ciborum
1605 2337 1667 2375 fa-

247 2389 421 2435 cultate3
463 2390 571 2429 cuius
609 2391 762 2442 quidem
800 2395 939 2430 auctor
978 2391 1017 2430 in
1057 2391 1306 2441 praefatione
1334 2389 1667 2442 Porphyrogeniti

246 2441 353 2480 iussu
387 2442 426 2480 id
459 2455 501 2480 se
530 2445 662 2494 operis
700 2457 932 2496 aggressum
970 2447 1151 2483 testatur.
1208 2457 1343 2484 verum
1371 2444 1444 2494 his,
1472 2447 1512 2482 et
1538 2443 1572 2482 si
1601 2443 1666 2494 qui

246 2499 456 2545 praeterea
487 2497 676 2536 eiusmodi
713 2499 804 2537 libri
835 2498 884 2537 ad
923 2498 1104 2537 notitiam
1148 2503 1325 2537 nostram
1354 2510 1432 2537 non
1463 2499 1666 2544 venerunt,

246 2551 286 2586 et
315 2549 588 2599 magnitudine
612 2551 743 2602 operis
774 2555 813 2590 et
841 2551 1011 2591 utilitate
1047 2552 1168 2603 longe
1194 2555 1400 2603 praestant
1427 2551 1669 2590 collectanea

245 2601 437 2642 historica
481 2603 521 2642 in
549 2607 603 2643 53
630 2606 767 2644 titulos
811 2617 880 2644 seu
922 2606 1032 2644 locos
1073 2617 1293 2645 communes
1319 2606 1369 2645 ab
1400 2605 1535 2643 eodem
1563 2602 1668 2642 con-

246 2655 422 2695 stantiuo
451 2662 520 2697 aut
552 2659 682 2710 potius
709 2659 816 2700 illius
846 2659 954 2699 iussu
983 2659 1276 2711 comprehensa.
1335 2659 1474 2698 horum
1499 2660 1554 2698 53
1582 2661 1667 2696 tra-
