1780 3132
491 144 567 186 DE
603 143 962 189 THEMATIBUS
999 144 1104 189 LIB.
1133 146 1170 188 Ι.
1489 146 1551 190 35

98 272 213 312 μασι.
280 260 398 300 τοῦτο
431 253 656 310 θαυμάσας
686 255 708 299 ὃ
741 258 904 314 Καῖσαρ
915 289 928 309 ,
980 260 1047 301 καὶ
1078 257 1123 301 τὸ
1158 260 1288 314 δῶρον
1318 261 1391 301 τοῦ
1421 258 1554 313 Θωμᾶ

99 322 433 381 προσδεξάμενος,
461 327 610 377 παίζων
629 326 806 367 ἐκέλευσε
825 330 1031 382 γραφῆναι
1053 328 1096 369 ἐν
1115 330 1167 383 τῇ
1187 326 1293 384 πύλῃ
1314 332 1386 381 τῆς
1402 325 1554 376 πόλεως

99 391 303 435 τουτοῒτό
324 394 554 449 ἐπίγραμμα
576 391 672 449 ὅπερ
698 395 739 435 ἓν
762 400 845 442 τοῖς
866 393 1026 437 ἄνωθεν
1044 394 1209 452 ἔφημεν.
1276 393 1419 449 αὕτηὴ
1441 394 1556 445 πόλις

101 462 166 503 ἐπὶ
182 460 365 511 Λέοντος
395 466 469 504 τοῦ
496 462 681 514 ἀοιδίμου
708 461 909 514 βασιλέως
943 462 1010 504 διὰ
1040 463 1113 517 τὴν
1141 462 1286 519 ἀρετὴν
1314 467 1388 506 τοῦ
1410 468 1555 519 προλε-

68 537 91 572 5
97 529 270 583 χθέντος
286 531 470 581 Μελίου,
515 532 672 583 μᾶλλον
702 530 746 571 δὲ
770 534 842 572 τοῦ
875 534 1008 587 σοφοῦ
1023 532 1223 584 βασιλέως
1241 536 1313 574 τοῦ
1331 536 1558 588 προμηθῶς

99 595 152 639 τὰ
180 594 400 654 πράγματα
431 595 710 648 διευθύνοντος
742 598 809 640 καὶ
840 603 1083 649 σκοποῦντος
1119 598 1267 656 ἀνδρὸς
1302 598 1459 654 ἀρετήν,
1502 602 1559 649 εἷς

101 663 231 718 ὄνομα
252 666 433 719 θέματος
455 664 709 723 ἐχρημάτισε.
776 667 843 708 καὶ
864 671 1040 710 τοσαῦτα
1062 668 1136 720 μὲν
1157 667 1206 710 τὰ
1227 669 1314 724 περὶ
1332 669 1559 710 Λυκανδοῢ

100 734 167 775 καὶ
185 736 259 788 τῆς
275 731 426 791 ὁμόρου
442 734 568 790 αὐτῆς
587 735 847 789 Τζαμανδοῦ.

616 826 660 874 ιγ’
683 826 786 872 θέμα
810 827 1040 869 Σελευκείας.

45 898 92 933 10
228 888 291 933 ‘H
306 891 350 934 δὲ
370 889 581 934 Σελεύκεια
610 891 735 948 με’ρος
763 893 869 935 ἐστὶν
895 892 1127 947 Ἰσαυρίας,
1170 890 1272 947 πρὸς
1301 893 1374 946 μὲν
1402 894 1561 948 δυσμὰς

100 956 308 1014 ὁριζομένη
330 958 408 1002 ὑπὸ
429 965 502 1002 τοῦ
523 959 710 1016 Ταύρου,
747 961 788 1001 ἓν
807 954 842 1018 ᾦ
862 966 1116 1003 κατοικοῦσιν
1132 959 1344 1017 Ἶσαῦροι·
1384 961 1486 1016 πρὸς
1517 962 1562 1004 δὲ

97 1027 174 1077 τὰς
195 1027 394 1078 ἀνατολὰς
415 1028 712 1070 ἂποκέκλεισται
733 1029 846 1085 παρὰ
868 1033 947 1070 τῶν
966 1030 1153 1077 Κιλικίας
1173 1028 1310 1084 ὃρέων,
1342 1030 1383 1071 ἐν
1403 1028 1464 1080 οἷς
1488 1031 1562 1072 εἶσὶ

98 1093 234 1145 πόλεις
252 1095 587 1153 παραθαλάσσιοι
605 1094 745 1153 πρώτη
768 1098 842 1150 μὲν
863 1096 964 1151 αὐτὴ
982 1095 1217 1147 Σελεύκεια,
1253 1095 1386 1139 ἔπειτα
1409 1096 1559 1154 Κώρυ-
1583 1111 1611 1145 Ρ
1639 1113 1681 1147 15

99 1179 170 1212 κος
188 1165 255 1204 καὶ
273 1165 319 1207 τὸ
335 1163 548 1220 Κωρύκιον
568 1165 713 1220 ἄντρον
731 1167 798 1206 καὶ
819 1164 966 1218 λειμὼν
985 1162 1006 1205 ὃ
1024 1162 1270 1216 καλούμενος
1282 1164 1564 1222 Κροκοφόρος,

45 1238 88 1273 15
100 1229 224 1273 Σόλοι
243 1248 285 1274 τε
318 1234 386 1273 καὶ
407 1234 577 1287 Αἰγαῖαι
607 1234 674 1273 καὶ
693 1231 1032 1286 Πομπηϊούπολις
1059 1233 1125 1273 καὶ
1151 1231 1441 1288 Ἀφροδισιᾶς,
1474 1233 1501 1288 ἥ
1523 1252 1563 1276 τε

93 1298 233 1348 Ἰσσός
256 1301 323 1341 καὶ
344 1297 493 1349 κόλπος
511 1297 738 1352 ὁμώνυμος,
773 1300 814 1341 ἓν
837 1293 870 1356 ᾧ
892 1297 913 1341 ὃ
935 1299 1144 1342 Μακεδὼν
1165 1300 1311 1350 ἐκεῖνος
1334 1299 1354 1343 ὃ
1373 1300 1566 1356 γεννάδας

97 1383 142 1409 τε
162 1368 229 1408 καὶ
251 1368 484 1423 περίκλυτος
511 1367 797 1422 (Ἀλέξανδρον
820 1368 919 1423 λέγω
939 1367 1009 1409 τὸν
1027 1373 1101 1410 τοῦ
1124 1369 1347 1423 Φιλίππου)
1373 1368 1443 1411 τὸν
1464 1370 1564 1425 πρὸς

97 1435 276 1492 Δαρεῖον
303 1435 373 1477 τὸν
398 1436 567 1492 Πέρσην
589 1437 850 1490 διηγωνίσατο
871 1435 1058 1489 πόλεμον.
1128 1433 1319 1491 σύνεγγυς
1345 1438 1388 1479 δὲ
1411 1436 1565 1480 τούτων

97 1505 165 1545 καὶ
188 1503 354 1560 Ταρσὸς
383 1501 410 1558 ἦ
438 1502 610 1546 Παύλου
641 1505 786 1559 πατρὶς
819 1506 1079 1560 καθίδρυται.
1147 1502 1173 1558 ἡ
1202 1506 1333 1547 τοίνυν
1352 1505 1566 1548 Σελεύκεια

42 1571 147 1613 20οὗ
166 1572 278 1625 θέμα
291 1571 338 1614 τὸ
357 1573 451 1628 πρὶν
469 1570 741 1628 ἐχρημάτιζεν,
760 1573 854 1614 οὐδὲ
871 1574 1136 1628 στρατηγίδος
1154 1572 1400 1628 ἐκεκλήρωτο
1422 1574 1564 1629 ὄνομα,

98 1639 203 1682 ἀλλὰ
241 1638 455 1698 κλεισούρα
494 1657 555 1690 τις
589 1635 638 1694 ἦν
671 1642 738 1682 καὶ
773 1640 933 1698 φυλακὴ
963 1641 1032 1683 διὰ
1066 1640 1141 1690 τὰς
1174 1641 1376 1698 ἐκδρομὰς
1408 1647 1488 1685 τῶν
1522 1644 1564 1684 ἔκ

191 1772 211 1805 1
238 1768 374 1813 Θωμᾶ]
398 1766 594 1811 θαύματος
619 1769 649 1803 C
786 1770 810 1804 4
841 1766 901 1803 ἐπὶ
934 1769 1002 1804 τοῦ
1035 1768 1220 1813 μακαρίου
1251 1781 1324 1812 μου
1355 1769 1500 1814 πατρὸς
1535 1774 1565 1804 V

189 1816 212 1850 5
235 1815 303 1850 τοῦ
328 1811 417 1857 ἐμοῦ
441 1813 586 1858 πατρὸς
606 1815 639 1847 V
800 1817 822 1850 6
845 1815 1101 1859 διακρίνοντος
1123 1816 1165 1860 V,
1200 1827 1270 1849 non
1295 1816 1567 1856 διευθύνοντος

187 1863 211 1897 7
232 1859 279 1895 τὰ
304 1861 371 1895 add
397 1861 426 1894 C
529 1863 572 1895 10
596 1858 669 1894 ἐστὶ
693 1859 762 1903 τῆς
785 1858 956 1902 ἰσαυρίας
979 1862 1008 1895 C
1111 1862 1154 1895 12
1177 1859 1246 1900 τὰς
1271 1873 1323 1895 om
1349 1863 1378 1897 C
1474 1865 1517 1898 16
1541 1860 1562 1897 ὁ

186 1912 269 1952 post
291 1900 324 1952 ᾤ
345 1906 412 1940 add
438 1906 468 1940 C
570 1908 612 1941 17
636 1903 863 1950 α’λέξανδρος
885 1907 915 1940 C
1017 1908 1058 1941 18
1081 1903 1287 1952 ἠγωνίσατο
1313 1908 1346 1940 V

94 2020 188 2055 inter
211 2031 250 2054 se
272 2019 389 2054 colore
411 2024 512 2054 erant
534 2019 734 2054 distinctae.
783 2020 877 2065 quod
902 2019 1040 2065 quidem
1066 2018 1209 2052 miratus
1234 2018 1386 2062 Caesar,
1423 2025 1567 2065 accepto

95 2066 256 2100 Thomae
278 2066 390 2110 douo,
422 2065 542 2100 iocans
572 2065 676 2100 iussit
708 2065 855 2100 inscribi
883 2071 1007 2111 portae
1031 2064 1126 2099 urbis
1151 2064 1434 2109 inscriptionem,
1470 2067 1568 2100 cuius
1621 2091 1625 2095 .

97 2122 204 2157 supra
225 2111 431 2145 mentionem
456 2111 616 2146 fecimus.
663 2111 750 2146 haec
774 2112 857 2145 urbs
881 2123 903 2146 a
924 2112 1043 2145 Leone
1070 2110 1250 2154 praeclaro
1275 2110 1333 2144 illo
1357 2111 1568 2156 imperatore

95 2158 142 2192 ob
164 2157 403 2192 fortitudinem
426 2157 575 2201 Meliae,
608 2156 706 2191 cuius
740 2169 848 2202 supra
881 2157 1114 2200 meminimus,
1149 2168 1190 2190 ac
1213 2156 1331 2202 potius
1355 2158 1398 2190 ab
1425 2156 1483 2190 illo
1509 2169 1568 2191 sa—

93 2202 215 2249 piente
236 2203 463 2248 imperatore,
495 2214 568 2237 rem
592 2203 782 2248 prudenter
804 2203 985 2237 ordinante
1009 2208 1046 2236 et
1068 2202 1232 2237 virtutem
1257 2202 1331 2236 eius
1355 2203 1424 2236 viri
1451 2204 1567 2237 consi—

95 2249 257 2294 derante,
292 2248 455 2283 thematis
477 2249 711 2294 appellatione
734 2249 863 2283 donata
889 2249 970 2283 fuit.
1018 2252 1123 2293 atque
1146 2247 1232 2282 haec
1258 2247 1397 2293 quidem
1421 2249 1466 2283 de
1488 2249 1564 2293 Ly—

95 2294 206 2330 cando
229 2299 267 2329 et
287 2294 434 2330 finitima
455 2295 490 2329 ei
510 2295 726 2330 Tzamando.

467 2371 601 2408 Thema
623 2373 794 2408 decimum
817 2373 962 2408 tertium
987 2371 1181 2408 Seleuciae.

185 2429 349 2466 Seleucia
371 2441 456 2465 vero
477 2442 559 2476 pars
583 2437 639 2466 est
659 2429 836 2473 Isauriae,
872 2440 963 2474 quae
986 2429 1030 2463 ad
1047 2440 1203 2463 occasum
1220 2426 1426 2463 terminatur
1442 2428 1562 2463 Tauro

93 2481 222 2522 monte,
246 2487 348 2522 quem
370 2475 526 2511 incolunt
549 2476 676 2520 Isauri,
702 2477 746 2511 ad
772 2475 941 2509 orientem
963 2486 1047 2508 vero
1071 2474 1366 2509 circumscribitur
1388 2474 1563 2508 montibus

95 2522 263 2565 Ciliciae,
294 2522 332 2557 in
360 2522 484 2567 quibus
506 2529 588 2557 sunt
610 2524 715 2557 urbes
738 2521 944 2556 maritimae.
991 2520 1104 2566 prima
1127 2521 1263 2565 quidem
1285 2521 1365 2565 ipsa
1386 2519 1561 2563 Seleucia,

94 2568 222 2604 deiude
243 2569 404 2613 Corycus
425 2573 461 2602 et
476 2567 663 2612 Corycium
687 2574 820 2602 antrum
844 2571 879 2600 et
900 2570 1037 2612 pratum
1060 2566 1269 2601 crociferum
1290 2567 1431 2601 dictum.
1456 2577 1561 2610 prae-

93 2619 195 2650 terea
215 2613 292 2649 Soli
314 2619 351 2648 et
371 2614 534 2658 Aegaeae
556 2619 592 2648 et
613 2612 873 2658 Pompeiopolis
907 2618 943 2646 et
963 2615 992 2646 A
1019 2611 1192 2646 hrodisias
1217 2617 1252 2647 et
1274 2612 1370 2646 Issus
1393 2611 1561 2656 sinusque

93 2660 249 2695 eiusdem
271 2659 525 2706 appellationis,
548 2660 610 2694 ubi
633 2665 794 2694 strenuus
818 2657 876 2692 ille
896 2670 937 2693 ac
958 2669 997 2692 ce
1012 2658 1203 2692 eberrimus
1226 2657 1386 2701 Macedo,
1411 2657 1561 2691 Alexan-

95 2705 160 2740 der
179 2705 319 2750 iuquam
342 2705 498 2751 Philippi
519 2705 623 2749 filius,
648 2705 814 2750 praelium
837 2715 913 2738 cum
936 2704 1043 2738 Dario
1059 2701 1248 2738 Persarum
1271 2715 1355 2748 rege
1379 2701 1561 2737 commisit.

95 2750 152 2786 his
174 2751 291 2786 vicina
313 2755 369 2786 est
390 2751 524 2786 Tarsus
545 2751 645 2785 Pauli
667 2751 796 2796 patria.
844 2749 1007 2784 Seleucia
1037 2748 1146 2794 igitur
1176 2751 1321 2794 primum
1345 2760 1459 2793 neque
1481 2747 1562 2782 the—

96 2796 199 2832 matis
229 2796 496 2843 appellationem
531 2808 644 2843 neque
675 2797 921 2843 praefecturae
953 2807 1076 2830 nomen
1111 2795 1252 2839 habuit,
1291 2794 1355 2830 sed
1377 2794 1562 2829 claustrum
