1780 3132
270 140 298 182 3
306 143 326 182 1
334 141 362 182 2
570 143 824 184 BANDURll
871 138 1362 185 ANJMADVERSIONES

267 250 469 303 ἐγνωκώς,
496 249 789 291 κατεσκεύασεν
823 251 892 290 καί
919 248 1042 296 αὐτὸς
1081 247 1235 302 ὃιήρεις
1260 251 1495 303 εὐμεγέθεις
1520 265 1670 290 κακκα-

263 300 555 356 βοπορφύρους
591 305 661 342 καί
683 301 896 354 δρόμωνας
922 301 1240 356 σιφωνοφὸρους,
1261 304 1331 344 καί
1356 302 1514 350 τούτοις
1543 318 1669 355 προσ·-

265 356 435 407 ορμίσαι
470 357 678 396 ἐκέλευσεν
714 357 756 395 ἐν
793 357 849 410 τῷ
891 359 1192 410 Προκλιανισίῳ
1230 357 1303 396 τοῦ
1338 355 1574 410 Καισαρίου
1604 362 1668 397 λι..

263 412 370 460 μὲνι.
426 423 466 451 v.
496 412 545 450 de
575 412 670 463 igne
699 412 853 451 Graeco
879 412 1054 451 Nicetam
1080 412 1121 451 in
1150 412 1303 451 Isaacio
1333 411 1488 464 Angelo
1518 413 1545 451 l.
1577 416 1613 452 1.

370 479 436 524 86,
464 478 528 514 14.
591 471 664 525 τὴν
698 475 852 525 γένεσιν
881 472 959 513 ἀπὸ
997 476 1078 513 τῶν
1103 474 1295 513 τοιούτων
1324 471 1420 523 ἔσχε
1444 475 1596 526 μερῶν]
1625 480 1669 516 at

264 529 499 568 dissentiunt
537 529 606 568 alii
644 529 846 578 historici;
886 534 925 568 et
954 530 1107 582 quidem
1136 529 1498 581 Porphyrogenitus
1537 540 1666 569 secum

263 582 347 632 ipse
372 595 552 633 pugnare
574 583 753 623 videtur:
782 583 923 635 quippe
949 584 998 622 de
1032 583 1167 623 Them.
1195 587 1221 622 2
1246 588 1274 623 9
1299 582 1598 622 Constantinum
1625 583 1668 623 in

262 636 359 674 urbe
400 636 540 675 Naisso
576 637 722 676 Daciae
759 641 893 676 natum
933 637 1056 676 fuisse
1097 637 1244 676 scribit.
1311 636 1433 675 lulius
1476 635 1667 675 Firminus

262 689 385 728 Math-
418 694 443 728 2
471 694 496 728 2
525 703 611 729 eum
651 695 780 729 ortum
815 691 938 729 fuisse
977 690 1034 730 ait
1071 690 1203 730 Trasi.
1229 690 1472 741 Nicephorus
1508 688 1667 729 Callisti

262 743 438 793 Drepani
464 744 672 792 Bithyniae
700 745 797 783 urbe
825 745 875 782 ad
893 744 1227 783 Nicomediensem
1255 744 1393 792 sinum,
1420 755 1536 795 quam
1558 747 1668 794 post-

261 798 415 836 modum
450 799 586 837 urbem
614 798 884 848 Helenopolim
925 798 974 836 de
997 798 1136 837 matris
1172 798 1328 837 nomine
1363 797 1595 848 appellavit,
1622 799 1667 835 ut

260 850 423 889 tradunt
461 851 631 902 scriptor
672 851 847 889 chronici
888 850 1149 891 Alexandrini
1187 856 1227 890 et
1262 850 1537 902 Theophanes.
1594 849 1666 890 alii

261 903 427 955 denique
454 904 754 943 Constantinum
789 905 829 943 in
860 904 1067 944 Britannia
1106 909 1240 944 natum
1275 905 1395 943 fuisse
1415 905 1566 950 volunt,
1584 903 1666 942 >hot:

259 958 493 1007 praesertim
529 958 619 997 fulti
662 963 919 1010 argumento,
952 959 1054 1010 quod
1093 962 1231 997 auctor
1263 957 1500 1010 Panegyrici
1531 956 1664 996 Maxi-

259 1011 390 1049 miano
420 1017 459 1050 et
486 1011 745 1051 Constantino
788 1012 883 1051 dicti
912 1011 1011 1051 haec
1048 1012 1097 1050 de
1124 1010 1383 1050 Constantino
1411 1010 1536 1050 dicat:
1561 1008 1664 1050 libe-

259 1066 372 1103 ravit
401 1064 477 1104 ille
504 1063 754 1105 Britannias
781 1067 1009 1111 servitute,
1039 1067 1084 1104 ta
1111 1067 1237 1104 etiam
1265 1063 1428 1104 nobiles
1454 1063 1550 1103 illic
1577 1065 1663 1103 ori-

259 1117 364 1157 endo
391 1117 554 1168 fecisti.
623 1124 666 1158 at
702 1119 803 1170 quod
833 1120 891 1158 ait
931 1119 1028 1158 alibi
1050 1119 1289 1157 Eumenius:
1315 1130 1339 1157 o
1369 1116 1663 1168 fortunataet

258 1183 367 1210 nunc
406 1171 591 1212 omnibus
610 1171 774 1212 beatior
803 1173 934 1212 terris
960 1170 1198 1221 Britannia,
1222 1183 1327 1224 qaae
1343 1170 1659 1211 Constantinum

259 1221 491 1265 Caesarem
520 1228 657 1278 prima
686 1226 857 1266 vidisti!
913 1230 1019 1265 certe
1047 1227 1096 1265 de
1123 1225 1309 1265 Caesaris
1334 1223 1528 1277 dignitate
1556 1223 1662 1263 Con-

258 1279 431 1318 stantino
462 1280 552 1319 dum
581 1280 622 1319 in
640 1281 849 1319 Britannia
875 1284 1053 1319 moratur
1083 1280 1233 1319 collata
1270 1277 1515 1331 probabilius
1542 1277 1662 1317 intel-

257 1333 471 1384 figendum.

362 1401 429 1448 87,
455 1402 492 1438 9.
563 1392 635 1447 τήν
661 1397 871 1447 θυγατέρα
899 1395 1030 1434 αὐτοῦ
1059 1395 1117 1441 εἰς
1142 1399 1314 1446 γυναῖκα
1344 1394 1524 1443 ἐδέξατο]
1559 1395 1669 1435 falli-

254 1450 351 1489 litur
380 1451 762 1503 porphyrogenitus,
789 1452 846 1490 uti
883 1463 1004 1502 supra
1030 1451 1259 1499 monuimus
1289 1450 1379 1488 dum
1405 1449 1530 1489 Leoni
1561 1448 1665 1488 Cha-

255 1516 354 1543 zaro
385 1504 586 1544 Chazaria
614 1506 820 1544 oriundam
850 1517 1015 1544 uxorem
1052 1504 1270 1551 adscribit3
1299 1504 1442 1555 quippe
1468 1503 1532 1542 hic
1558 1503 1663 1542 Cha-

255 1570 378 1599 zarus
405 1559 701 1610 cognominatus
740 1559 814 1598 fuit
850 1564 1014 1610 propter
1043 1562 1261 1597 maternam
1289 1557 1510 1608 originem:
1549 1558 1665 1595 Irene

258 1612 372 1661 enim,
403 1613 530 1663 prima
558 1612 798 1664 Copronymi
825 1624 938 1661 uxor,
967 1611 1238 1651 Chazarorum
1265 1610 1436 1662 chagani
1463 1610 1548 1649 filia
1576 1609 1666 1658 fuit,

258 1677 358 1718 quae
384 1666 611 1705 Christiana
648 1667 756 1705 facta
785 1665 1019 1704 catholicam
1056 1665 1191 1714 fidem,
1222 1664 1351 1716 quoad
1378 1663 1492 1711 vixit,
1517 1664 1667 1703 incolu-

260 1731 360 1764 mem
387 1720 577 1758 servavit.
643 1720 725 1758 Leo
762 1725 891 1759 autem
928 1718 1168 1770 Copronymi
1196 1718 1300 1756 filius
1326 1718 1478 1756 Irenem
1503 1716 1669 1756 Athenis

259 1773 465 1812 oriundam
493 1773 533 1812 in
562 1773 852 1812 matrimonium
880 1773 1018 1820 duxit;
1056 1783 1157 1823 quae
1189 1772 1343 1823 quidem
1367 1775 1459 1822 post
1488 1770 1670 1823 coniugis

260 1839 461 1866 excessum
492 1840 577 1866 etun
603 1827 685 1866 filio
706 1827 967 1866 Constantino
994 1826 1194 1877 impubere
1214 1825 1417 1876 imperium
1443 1836 1516 1876 per
1545 1835 1671 1864 annos

260 1881 394 1919 decem
423 1880 740 1929 administravit3
770 1881 843 1932 {qui
872 1892 967 1919 suae
1008 1879 1151 1919 aetatis
1183 1881 1312 1918 factus
1341 1883 1508 1917 matrem
1534 1878 1575 1917 in
1605 1890 1671 1917 or-

259 1935 389 1973 dinem
430 1935 610 1986 redegit:
656 1938 698 1974 at
743 1934 816 1974 illa
845 1933 1125 1985 comprehenso
1163 1933 1245 1972 filio
1288 1932 1487 1984 oculisque
1513 1931 1671 1983 privato

259 1992 383 2027 totam
409 2000 547 2027 rursus
574 1987 729 2039 imperii
757 1988 1031 2027 auctoritatem
1061 1987 1102 2025 in
1130 1999 1173 2027 se
1199 1985 1420 2034 transtulit3
1461 1985 1619 2024 tandem
1647 1997 1672 2023 a

260 2042 482 2093 Nicephoro
512 2042 702 2081 Generali
731 2041 1012 2093 comprehensa
1039 2040 1204 2091 imperio
1234 2043 1293 2078 est
1320 2043 1451 2087 exuta,
1478 2043 1518 2078 et
1543 2039 1584 2077 in
1610 2038 1671 2078 in-

262 2097 388 2134 sulam
415 2097 574 2145 Proten,
614 2095 755 2134 deinde
802 2096 843 2135 in
870 2095 1027 2135 Lesbon
1065 2095 1297 2145 deportata,
1324 2092 1391 2132 ubi
1417 2092 1523 2132 haud
1548 2093 1670 2132 multo

265 2154 355 2200 post
380 2151 463 2189 fato
493 2151 628 2188 functa
656 2154 729 2188 est.

366 2217 432 2262 88,
463 2218 499 2254 1.
555 2214 696 2253 Petrus
724 2213 940 2266 Bulgariae
973 2224 1059 2263 rex,
1086 2211 1295 2261 symeonis
1322 2210 1438 2261 filius,
1463 2221 1562 2262 pace
1589 2220 1676 2248 cum

262 2267 452 2306 Romanis
494 2268 711 2319 composita
750 2267 903 2318 Cpolim
934 2267 1067 2315 venit,
1109 2270 1147 2304 et
1190 2278 1215 2304 a
1244 2267 1422 2304 Romano
1463 2265 1673 2314 Lacapeno

261 2320 546 2372 perhonorifice
575 2326 760 2373 exceptus
778 2321 946 2361 Mariam
989 2332 1039 2360 ex
1066 2319 1351 2371 christophoro
1382 2316 1567 2358 Caesaris
1593 2315 1675 2355 filio

262 2379 418 2427 neptem
446 2388 609 2414 uxorem
641 2375 765 2415 duxit.
1199 2417 1202 2419 ,

370 2437 477 2479 Ιὺὶά.
494 2444 555 2478 16.
610 2440 751 2488 τρίτου
768 2438 838 2476 καί
857 2436 1046 2487 {aldrov}
1065 2438 1121 2476 sic
1141 2450 1166 2477 a
1180 2435 1372 2488 principio
1387 2434 1539 2486 imperii
1558 2433 1674 2472 tertio

267 2494 357 2532 loco
386 2493 696 2544 Christophorus
725 2493 1012 2532 nominabatur.
1080 2495 1123 2531 at
1149 2491 1217 2530 ubi
1243 2488 1551 2540 Christophorus
1579 2487 1675 2527 Ste—

267 2547 421 2598 phanus
460 2552 500 2586 et
530 2547 812 2586 Constantinus
851 2546 1019 2586 Romani
1042 2545 1240 2596 Lacapeni
1276 2544 1348 2582 filii
1376 2541 1587 2594 Augustali
1616 2541 1675 2580 di-

266 2600 418 2653 gnitate
451 2601 588 2641 donati
622 2602 780 2641 fuerunt
793 2632 803 2652 ‚
845 2613 891 2640 eo
928 2599 1120 2652 processit
1154 2597 1322 2639 hominis
1358 2595 1605 2650 impudentia
1633 2598 1675 2634 ut
