<?xml version="1.0" encoding="UTF-8"?>
<!DOCTYPE html PUBLIC "-//W3C//DTD XHTML 1.0 Transitional//EN"
    "http://www.w3.org/TR/xhtml1/DTD/xhtml1-transitional.dtd">
<html xmlns="http://www.w3.org/1999/xhtml" xml:lang="en" lang="en">
 <head>
  <title>
</title>
<meta http-equiv="Content-Type" content="text/html;charset=utf-8" />
  <meta name='ocr-system' content='tesseract 3.04.00' />
  <meta name='ocr-capabilities' content='ocr_page ocr_carea ocr_par ocr_line ocrx_word'/>
</head>
<body>
  <div class='ocr_page' id='page_1' title='image "./corpusscriptorum09niebuoft_0104.png"; bbox 0 0 1780 3132; ppageno 0'>
   <div class='ocr_carea' id='block_1_1' title="bbox 191 145 1357 193">
    <p class='ocr_par' dir='ltr' id='par_1_1' title="bbox 191 145 1357 193">
     <span class='ocr_line' id='line_1_1' title="bbox 191 145 1357 193; baseline 0 -1"><span class='ocrx_word' id='word_1_1' title='bbox 191 145 253 192; x_wconf 80' lang='lat'><em>94</em></span> <span class='ocrx_word' id='word_1_2' title='bbox 458 147 827 192; x_wconf 87' lang='lat' dir='ltr'><strong>CONSTANTINI</strong></span> <span class='ocrx_word' id='word_1_3' title='bbox 861 147 1357 193; x_wconf 88' lang='lat' dir='ltr'>PORPHYROGENITI</span> 
     </span>
    </p>
   </div>
   <div class='ocr_carea' id='block_1_2' title="bbox 79 251 1683 1245">
    <p class='ocr_par' dir='ltr' id='par_1_2' title="bbox 189 251 1627 514">
     <span class='ocr_line' id='line_1_2' title="bbox 192 251 1627 315; baseline 0.003 -17"><span class='ocrx_word' id='word_1_4' title='bbox 192 258 257 299; x_wconf 87' lang='grc' dir='ltr'><em>καὶ</em></span> <span class='ocrx_word' id='word_1_5' title='bbox 286 258 420 313; x_wconf 77' lang='grc' dir='ltr'><em>διῆγον</em></span> <span class='ocrx_word' id='word_1_6' title='bbox 446 257 519 300; x_wconf 74' lang='grc' dir='ltr'><em>σὺν</em></span> <span class='ocrx_word' id='word_1_7' title='bbox 544 257 666 313; x_wconf 76' lang='grc' dir='ltr'><em>αὐτῷ.</em></span> <span class='ocrx_word' id='word_1_8' title='bbox 733 251 842 298; x_wconf 73' lang='grc' dir='ltr'><em>οὗτοί</em></span> <span class='ocrx_word' id='word_1_9' title='bbox 861 258 955 299; x_wconf 78' lang='grc' dir='ltr'><em>εἶσιν</em></span> <span class='ocrx_word' id='word_1_10' title='bbox 977 258 1014 299; x_wconf 82' lang='grc' dir='ltr'><em>οἳ</em></span> <span class='ocrx_word' id='word_1_11' title='bbox 1036 256 1288 309; x_wconf 74' lang='grc' dir='ltr'><em>διδάσκοντες</em></span> <span class='ocrx_word' id='word_1_12' title='bbox 1310 259 1429 302; x_wconf 76' lang='grc' dir='ltr'><em>αὐτὸν</em></span> <span class='ocrx_word' id='word_1_13' title='bbox 1448 260 1627 315; x_wconf 75' lang='grc' dir='ltr'><em>παραδέ-</em></span> 
     </span>
     <span class='ocr_line' id='line_1_3' title="bbox 189 322 1626 381; baseline 0.003 -16"><span class='ocrx_word' id='word_1_14' title='bbox 189 328 339 377; x_wconf 75' lang='grc' dir='ltr'><em>χεσθαι</em></span> <span class='ocrx_word' id='word_1_15' title='bbox 367 325 466 380; x_wconf 75' lang='grc' dir='ltr'><em>με’ρη</em></span> <span class='ocrx_word' id='word_1_16' title='bbox 493 324 580 366; x_wconf 77' lang='grc' dir='ltr'><em>τινὰ</em></span> <span class='ocrx_word' id='word_1_17' title='bbox 605 327 676 364; x_wconf 78' lang='grc' dir='ltr'><em>τοῦ</em></span> <span class='ocrx_word' id='word_1_18' title='bbox 701 322 847 376; x_wconf 90' lang='grc' dir='ltr'><em>νόμου,</em></span> <span class='ocrx_word' id='word_1_19' title='bbox 889 323 960 378; x_wconf 75' lang='grc' dir='ltr'><em>τήν</em></span> <span class='ocrx_word' id='word_1_20' title='bbox 987 341 1027 366; x_wconf 86' lang='grc' dir='ltr'><em>τε</em></span> <span class='ocrx_word' id='word_1_21' title='bbox 1055 326 1268 381; x_wconf 81' lang='grc' dir='ltr'><em>περιτομὴν</em></span> <span class='ocrx_word' id='word_1_22' title='bbox 1297 329 1362 368; x_wconf 81' lang='grc' dir='ltr'><em>καὶ</em></span> <span class='ocrx_word' id='word_1_23' title='bbox 1391 327 1494 369; x_wconf 76' lang='grc' dir='ltr'><em>ἄλλα</em></span> <span class='ocrx_word' id='word_1_24' title='bbox 1523 326 1626 379; x_wconf 86' lang='grc' dir='ltr'><em>τινά,</em></span> 
     </span>
     <span class='ocr_line' id='line_1_4' title="bbox 197 388 1625 450; baseline 0.003 -18"><span class='ocrx_word' id='word_1_25' title='bbox 197 390 295 446; x_wconf 83' lang='grc' dir='ltr'><em>ἅπερ</em></span> <span class='ocrx_word' id='word_1_26' title='bbox 323 389 699 446; x_wconf 83' lang='grc' dir='ltr'><em>παραφυλάττονται</em></span> <span class='ocrx_word' id='word_1_27' title='bbox 730 390 767 431; x_wconf 83' lang='grc' dir='ltr'><em>οἶ</em></span> <span class='ocrx_word' id='word_1_28' title='bbox 799 393 1038 445; x_wconf 68' lang='grc' dir='ltr'><em>Σαρακηνοί,</em></span> <span class='ocrx_word' id='word_1_29' title='bbox 1104 397 1258 447; x_wconf 85' lang='grc' dir='ltr'><em>πρῶτος</em></span> <span class='ocrx_word' id='word_1_30' title='bbox 1282 388 1352 435; x_wconf 70' lang='grc' dir='ltr'><em>οὖν</em></span> <span class='ocrx_word' id='word_1_31' title='bbox 1370 393 1625 450; x_wconf 82' lang='grc' dir='ltr'><em>Ἀβουβάχαρ</em></span> 
     </span>
     <span class='ocr_line' id='line_1_5' title="bbox 195 456 1627 514; baseline 0.003 -16"><span class='ocrx_word' id='word_1_32' title='bbox 195 457 467 511; x_wconf 69' lang='grc' dir='ltr'>ἠκολούθησεν</span> <span class='ocrx_word' id='word_1_33' title='bbox 490 456 609 498; x_wconf 78' lang='grc' dir='ltr'><em>αὐτὸν</em></span> <span class='ocrx_word' id='word_1_34' title='bbox 626 458 691 497; x_wconf 84' lang='grc' dir='ltr'><em>καὶ</em></span> <span class='ocrx_word' id='word_1_35' title='bbox 710 456 916 513; x_wconf 79' lang='grc' dir='ltr'><em>προφήτην</em></span> <span class='ocrx_word' id='word_1_36' title='bbox 935 456 1138 514; x_wconf 72' lang='grc' dir='ltr'><em>ἐκήρυξεν,</em></span> <span class='ocrx_word' id='word_1_37' title='bbox 1174 459 1236 500; x_wconf 83' lang='grc' dir='ltr'><em>διὸ</em></span> <span class='ocrx_word' id='word_1_38' title='bbox 1260 461 1325 501; x_wconf 80' lang='grc' dir='ltr'><em>καὶ</em></span> <span class='ocrx_word' id='word_1_39' title='bbox 1347 459 1535 514; x_wconf 74' lang='grc' dir='ltr'><em>διάδοχον</em></span> <span class='ocrx_word' id='word_1_40' title='bbox 1553 461 1627 503; x_wconf 81' lang='grc' dir='ltr'><em>αὗ-</em></span> 
     </span>
    </p>

    <p class='ocr_par' dir='ltr' id='par_1_3' title="bbox 79 522 1683 1245">
     <span class='ocr_line' id='line_1_6' title="bbox 79 522 1659 582; baseline 0.003 -20"><span class='ocrx_word' id='word_1_41' title='bbox 79 529 107 562; x_wconf 88' lang='grc' dir='ltr'>Ρ</span> <span class='ocrx_word' id='word_1_42' title='bbox 131 529 176 565; x_wconf 88' lang='grc'><em>70</em></span> <span class='ocrx_word' id='word_1_43' title='bbox 197 524 264 567; x_wconf 83' lang='grc' dir='ltr'><em>τὸν</em></span> <span class='ocrx_word' id='word_1_44' title='bbox 291 524 504 565; x_wconf 77' lang='grc' dir='ltr'><em>κατέλιπεν.</em></span> <span class='ocrx_word' id='word_1_45' title='bbox 573 522 785 579; x_wconf 74' lang='grc' dir='ltr'><em>ἐκράτησεν</em></span> <span class='ocrx_word' id='word_1_46' title='bbox 817 524 858 565; x_wconf 78' lang='grc' dir='ltr'><em>δὲ</em></span> <span class='ocrx_word' id='word_1_47' title='bbox 890 523 915 577; x_wconf 70' lang='grc' dir='ltr'><em>’ἦ</em></span> <span class='ocrx_word' id='word_1_48' title='bbox 947 523 1095 580; x_wconf 62' lang='grc' dir='ltr'><em>αἵρεσις</em></span> <span class='ocrx_word' id='word_1_49' title='bbox 1119 525 1242 567; x_wconf 75' lang='grc' dir='ltr'><em>αὐτοῦ</em></span> <span class='ocrx_word' id='word_1_50' title='bbox 1262 526 1313 568; x_wconf 81' lang='grc' dir='ltr'><em>τὰ</em></span> <span class='ocrx_word' id='word_1_51' title='bbox 1333 527 1432 582; x_wconf 79' lang='grc' dir='ltr'><em>με’ρη</em></span> <span class='ocrx_word' id='word_1_52' title='bbox 1453 532 1524 580; x_wconf 77' lang='grc' dir='ltr'><em>τῆς</em></span> <span class='ocrx_word' id='word_1_53' title='bbox 1544 529 1659 569; x_wconf 72' lang='lat' dir='ltr'><em>A2-5</em></span> 
     </span>
     <span class='ocr_line' id='line_1_7' title="bbox 195 588 1629 647; baseline 0.002 -15"><span class='ocrx_word' id='word_1_54' title='bbox 195 592 342 645; x_wconf 72' lang='grc' dir='ltr'><em>θρίβου</em></span> <span class='ocrx_word' id='word_1_55' title='bbox 354 622 366 639; x_wconf 93' lang='grc'><em>,</em></span> <span class='ocrx_word' id='word_1_56' title='bbox 401 588 538 647; x_wconf 74' lang='grc' dir='ltr'><em>πρῴην</em></span> <span class='ocrx_word' id='word_1_57' title='bbox 560 591 633 643; x_wconf 76' lang='grc' dir='ltr'><em>μὲν</em></span> <span class='ocrx_word' id='word_1_58' title='bbox 653 591 693 631; x_wconf 76' lang='grc' dir='ltr'><em>ἓν</em></span> <span class='ocrx_word' id='word_1_59' title='bbox 713 594 873 647; x_wconf 71' lang='grc' dir='ltr'><em>κρυπτῷ</em></span> <span class='ocrx_word' id='word_1_60' title='bbox 892 590 957 645; x_wconf 70' lang='grc' dir='ltr'><em>ἴτη</em></span> <span class='ocrx_word' id='word_1_61' title='bbox 979 592 1073 633; x_wconf 77' lang='grc' dir='ltr'><em>δέκα</em></span> <span class='ocrx_word' id='word_1_62' title='bbox 1082 623 1095 643; x_wconf 92' lang='grc'><em>,</em></span> <span class='ocrx_word' id='word_1_63' title='bbox 1129 592 1174 634; x_wconf 83' lang='grc' dir='ltr'><em>τὸ</em></span> <span class='ocrx_word' id='word_1_64' title='bbox 1210 593 1252 634; x_wconf 79' lang='grc' dir='ltr'><em>δὲ</em></span> <span class='ocrx_word' id='word_1_65' title='bbox 1279 593 1444 646; x_wconf 64' lang='grc' dir='ltr'><em>ἔσχατον</em></span> <span class='ocrx_word' id='word_1_66' title='bbox 1465 594 1531 634; x_wconf 80' lang='grc' dir='ltr'><em>διὰ</em></span> <span class='ocrx_word' id='word_1_67' title='bbox 1553 610 1629 635; x_wconf 88' lang='grc' dir='ltr'><em>πο-</em></span> 
     </span>
     <span class='ocr_line' id='line_1_8' title="bbox 195 655 1629 713; baseline 0.003 -16"><span class='ocrx_word' id='word_1_68' title='bbox 195 657 314 709; x_wconf 71' lang='grc' dir='ltr'><em>λέμου</em></span> <span class='ocrx_word' id='word_1_69' title='bbox 339 655 484 709; x_wconf 80' lang='grc' dir='ltr'><em>ὁμοίως</em></span> <span class='ocrx_word' id='word_1_70' title='bbox 507 656 571 710; x_wconf 67' lang='grc' dir='ltr'><em>ἔτη</em></span> <span class='ocrx_word' id='word_1_71' title='bbox 597 657 709 707; x_wconf 77' lang='grc' dir='ltr'><em>δέκα,</em></span> <span class='ocrx_word' id='word_1_72' title='bbox 739 659 804 698; x_wconf 83' lang='grc' dir='ltr'><em>καὶ</em></span> <span class='ocrx_word' id='word_1_73' title='bbox 829 660 1009 713; x_wconf 77' lang='grc' dir='ltr'><em>φανερῶς</em></span> <span class='ocrx_word' id='word_1_74' title='bbox 1030 658 1095 712; x_wconf 64' lang='grc' dir='ltr'><em>ἔτη</em></span> <span class='ocrx_word' id='word_1_75' title='bbox 1115 658 1236 701; x_wconf 77' lang='grc' dir='ltr'><em>ἓννὲα.</em></span> <span class='ocrx_word' id='word_1_76' title='bbox 1304 661 1456 710; x_wconf 69' lang='grc' dir='ltr'><em>ἐδίδαξε</em></span> <span class='ocrx_word' id='word_1_77' title='bbox 1476 660 1519 702; x_wconf 72' lang='grc' dir='ltr'><em>δέ</em></span> <span class='ocrx_word' id='word_1_78' title='bbox 1536 660 1629 710; x_wconf 75' lang='grc' dir='ltr'><em>τοὺς</em></span> 
     </span>
     <span class='ocr_line' id='line_1_9' title="bbox 196 721 1630 782; baseline 0.002 -17"><span class='ocrx_word' id='word_1_79' title='bbox 196 722 338 765; x_wconf 68' lang='grc' dir='ltr'><em>ἑαυτοῦ</em></span> <span class='ocrx_word' id='word_1_80' title='bbox 355 721 553 777; x_wconf 72' lang='grc' dir='ltr'><em>ὑπηκόους</em></span> <span class='ocrx_word' id='word_1_81' title='bbox 570 722 629 764; x_wconf 78' lang='grc' dir='ltr'><em>ὅτι</em></span> <span class='ocrx_word' id='word_1_82' title='bbox 649 722 668 764; x_wconf 83' lang='grc' dir='ltr'><strong>ὅ</strong></span> <span class='ocrx_word' id='word_1_83' title='bbox 689 724 918 774; x_wconf 78' lang='grc' dir='ltr'><em>ἀποκτείνας</em></span> <span class='ocrx_word' id='word_1_84' title='bbox 935 725 1080 780; x_wconf 73' lang='grc' dir='ltr'><em>ἐχθρὸν</em></span> <span class='ocrx_word' id='word_1_85' title='bbox 1095 725 1120 779; x_wconf 77' lang='grc' dir='ltr'>ἢ</span> <span class='ocrx_word' id='word_1_86' title='bbox 1138 725 1213 768; x_wconf 78' lang='grc' dir='ltr'><em>ὕπὸ</em></span> <span class='ocrx_word' id='word_1_87' title='bbox 1235 727 1386 782; x_wconf 74' lang='grc' dir='ltr'><em>ἐχθροῦ</em></span> <span class='ocrx_word' id='word_1_88' title='bbox 1403 724 1630 768; x_wconf 79' lang='grc' dir='ltr'><em>ἀποκτεινό-</em></span> 
     </span>
     <span class='ocr_line' id='line_1_10' title="bbox 196 789 1630 848; baseline 0.003 -17"><span class='ocrx_word' id='word_1_89' title='bbox 196 807 313 843; x_wconf 88' lang='grc' dir='ltr'><em>μενος</em></span> <span class='ocrx_word' id='word_1_90' title='bbox 332 789 543 839; x_wconf 80' lang='grc' dir='ltr'><em>ἀκωλύτως</em></span> <span class='ocrx_word' id='word_1_91' title='bbox 560 793 613 840; x_wconf 82' lang='grc' dir='ltr'><em>εἷς</em></span> <span class='ocrx_word' id='word_1_92' title='bbox 629 790 697 832; x_wconf 82' lang='grc' dir='ltr'><em>τὸν</em></span> <span class='ocrx_word' id='word_1_93' title='bbox 715 790 955 846; x_wconf 81' lang='grc' dir='ltr'><em>παράδεισον</em></span> <span class='ocrx_word' id='word_1_94' title='bbox 974 793 1197 847; x_wconf 79' lang='grc' dir='ltr'><em>εῗσὲρχεται.</em></span> <span class='ocrx_word' id='word_1_95' title='bbox 1241 793 1309 834; x_wconf 84' lang='grc' dir='ltr'><em>τὸν</em></span> <span class='ocrx_word' id='word_1_96' title='bbox 1329 794 1372 834; x_wconf 79' lang='grc' dir='ltr'><em>δὲ</em></span> <span class='ocrx_word' id='word_1_97' title='bbox 1390 793 1630 848; x_wconf 79' lang='grc' dir='ltr'><em>παράδεισον</em></span> 
     </span>
     <span class='ocr_line' id='line_1_11' title="bbox 198 855 1683 914; baseline 0.003 -17"><span class='ocrx_word' id='word_1_98' title='bbox 198 862 387 912; x_wconf 78' lang='grc' dir='ltr'><em>σαρκικῆς</em></span> <span class='ocrx_word' id='word_1_99' title='bbox 405 856 593 912; x_wconf 80' lang='grc' dir='ltr'><em>βρώσεως</em></span> <span class='ocrx_word' id='word_1_100' title='bbox 607 859 673 898; x_wconf 81' lang='grc' dir='ltr'><em>καὶ</em></span> <span class='ocrx_word' id='word_1_101' title='bbox 690 855 841 907; x_wconf 87' lang='grc' dir='ltr'><em>πόσεως</em></span> <span class='ocrx_word' id='word_1_102' title='bbox 860 860 925 899; x_wconf 84' lang='grc' dir='ltr'><em>καὶ</em></span> <span class='ocrx_word' id='word_1_103' title='bbox 945 859 1087 910; x_wconf 78' lang='grc' dir='ltr'><em>μίξεως</em></span> <span class='ocrx_word' id='word_1_104' title='bbox 1107 864 1299 913; x_wconf 75' lang='grc' dir='ltr'><em>γυναικῶν</em></span> <span class='ocrx_word' id='word_1_105' title='bbox 1320 859 1467 914; x_wconf 69' lang='grc' dir='ltr'><em>ἔλεγεν,</em></span> <span class='ocrx_word' id='word_1_106' title='bbox 1501 876 1627 902; x_wconf 86' lang='grc' dir='ltr'><em>ποτα-</em></span> <span class='ocrx_word' id='word_1_107' title='bbox 1640 863 1683 897; x_wconf 86' lang='grc'><em>10</em></span> 
     </span>
     <span class='ocr_line' id='line_1_12' title="bbox 196 923 1628 982; baseline 0.003 -18"><span class='ocrx_word' id='word_1_108' title='bbox 196 924 274 976; x_wconf 82' lang='grc' dir='ltr'><em>μὸν</em></span> <span class='ocrx_word' id='word_1_109' title='bbox 301 925 345 965; x_wconf 78' lang='grc' dir='ltr'><em>δὲ</em></span> <span class='ocrx_word' id='word_1_110' title='bbox 372 924 477 965; x_wconf 71' lang='grc' dir='ltr'><em>οἴνου</em></span> <span class='ocrx_word' id='word_1_111' title='bbox 505 926 571 965; x_wconf 85' lang='grc' dir='ltr'><em>καὶ</em></span> <span class='ocrx_word' id='word_1_112' title='bbox 595 924 752 977; x_wconf 77' lang='grc' dir='ltr'><em>μέλιτος</em></span> <span class='ocrx_word' id='word_1_113' title='bbox 774 926 839 965; x_wconf 84' lang='grc' dir='ltr'><em>καὶ</em></span> <span class='ocrx_word' id='word_1_114' title='bbox 861 923 1057 979; x_wconf 79' lang='grc' dir='ltr'><em>γάλακτος</em></span> <span class='ocrx_word' id='word_1_115' title='bbox 1078 933 1306 982; x_wconf 83' lang='grc' dir='ltr'><em>καταρρεῖν,</em></span> <span class='ocrx_word' id='word_1_116' title='bbox 1341 929 1407 968; x_wconf 86' lang='grc' dir='ltr'><em>καὶ</em></span> <span class='ocrx_word' id='word_1_117' title='bbox 1435 931 1628 982; x_wconf 75' lang='grc' dir='ltr'><em>γυναικῶν</em></span> 
     </span>
     <span class='ocr_line' id='line_1_13' title="bbox 196 989 1629 1047; baseline 0.002 -16"><span class='ocrx_word' id='word_1_118' title='bbox 196 990 267 1043; x_wconf 82' lang='grc' dir='ltr'><em>τὴν</em></span> <span class='ocrx_word' id='word_1_119' title='bbox 291 989 428 1045; x_wconf 85' lang='grc' dir='ltr'><em>ὅρασιν</em></span> <span class='ocrx_word' id='word_1_120' title='bbox 450 989 708 1046; x_wconf 70' lang='grc' dir='ltr'><em>ἀσύγκριτον,</em></span> <span class='ocrx_word' id='word_1_121' title='bbox 739 992 786 1032; x_wconf 82' lang='grc' dir='ltr'><em>οὐ</em></span> <span class='ocrx_word' id='word_1_122' title='bbox 809 996 887 1033; x_wconf 81' lang='grc' dir='ltr'><em>τῶν</em></span> <span class='ocrx_word' id='word_1_123' title='bbox 908 990 1113 1047; x_wconf 84' lang='grc' dir='ltr'><em>παρόντων</em></span> <span class='ocrx_word' id='word_1_124' title='bbox 1135 992 1226 1034; x_wconf 68' lang='grc' dir='ltr'><em>ἀλλ’</em></span> <span class='ocrx_word' id='word_1_125' title='bbox 1255 992 1398 1035; x_wconf 76' lang='grc' dir='ltr'><em>ἄλλων.</em></span> <span class='ocrx_word' id='word_1_126' title='bbox 1465 995 1532 1035; x_wconf 86' lang='grc' dir='ltr'><em>καὶ</em></span> <span class='ocrx_word' id='word_1_127' title='bbox 1557 993 1629 1047; x_wconf 84' lang='grc' dir='ltr'><em>τὴν</em></span> 
     </span>
     <span class='ocr_line' id='line_1_14' title="bbox 192 1055 1629 1114; baseline 0.003 -17"><span class='ocrx_word' id='word_1_128' title='bbox 192 1060 302 1110; x_wconf 78' lang='grc' dir='ltr'><em>μῖξιν</em></span> <span class='ocrx_word' id='word_1_129' title='bbox 325 1055 581 1114; x_wconf 87' lang='grc' dir='ltr'><em>πολυχρόνιον</em></span> <span class='ocrx_word' id='word_1_130' title='bbox 603 1057 772 1114; x_wconf 64' lang='grc' dir='ltr'><em>ἔφασκεν</em></span> <span class='ocrx_word' id='word_1_131' title='bbox 791 1060 856 1100; x_wconf 83' lang='grc' dir='ltr'><em>καὶ</em></span> <span class='ocrx_word' id='word_1_132' title='bbox 878 1060 1021 1114; x_wconf 83' lang='grc' dir='ltr'><em>διαρκῆ</em></span> <span class='ocrx_word' id='word_1_133' title='bbox 1041 1058 1111 1112; x_wconf 78' lang='grc' dir='ltr'><em>τὴν</em></span> <span class='ocrx_word' id='word_1_134' title='bbox 1133 1057 1278 1113; x_wconf 68' lang='grc' dir='ltr'><em>ἡδονήν</em></span> <span class='ocrx_word' id='word_1_135' title='bbox 1287 1091 1301 1110; x_wconf 91' lang='grc'><em>,</em></span> <span class='ocrx_word' id='word_1_136' title='bbox 1335 1061 1402 1101; x_wconf 83' lang='grc' dir='ltr'><em>καὶ</em></span> <span class='ocrx_word' id='word_1_137' title='bbox 1421 1058 1523 1101; x_wconf 72' lang='grc' dir='ltr'><em>ἄλλα</em></span> <span class='ocrx_word' id='word_1_138' title='bbox 1541 1059 1629 1102; x_wconf 76' lang='grc' dir='ltr'><em>τινὰ</em></span> 
     </span>
     <span class='ocr_line' id='line_1_15' title="bbox 196 1124 1629 1181; baseline 0.001 -16"><span class='ocrx_word' id='word_1_139' title='bbox 196 1124 368 1174; x_wconf 81' lang='grc' dir='ltr'><em>ἀσωτίας</em></span> <span class='ocrx_word' id='word_1_140' title='bbox 385 1126 450 1166; x_wconf 83' lang='grc' dir='ltr'><em>καὶ</em></span> <span class='ocrx_word' id='word_1_141' title='bbox 468 1126 622 1181; x_wconf 85' lang='grc' dir='ltr'><em>μωρίας</em></span> <span class='ocrx_word' id='word_1_142' title='bbox 641 1124 802 1179; x_wconf 66' lang='grc' dir='ltr'><em>ἔμπλεα.</em></span> <span class='ocrx_word' id='word_1_143' title='bbox 870 1130 1098 1179; x_wconf 73' lang='grc' dir='ltr'><em>συμπαθεῖν</em></span> <span class='ocrx_word' id='word_1_144' title='bbox 1115 1143 1157 1168; x_wconf 88' lang='grc' dir='ltr'><em>τε</em></span> <span class='ocrx_word' id='word_1_145' title='bbox 1174 1125 1359 1180; x_wconf 84' lang='grc' dir='ltr'><em>ἀλλήλοις</em></span> <span class='ocrx_word' id='word_1_146' title='bbox 1375 1128 1441 1168; x_wconf 86' lang='grc' dir='ltr'><em>καὶ</em></span> <span class='ocrx_word' id='word_1_147' title='bbox 1461 1130 1629 1181; x_wconf 74' lang='grc' dir='ltr'><em>βοηθεῖν</em></span> 
     </span>
     <span class='ocr_line' id='line_1_16' title="bbox 196 1190 1683 1245; baseline 0.003 -13"><span class='ocrx_word' id='word_1_148' title='bbox 196 1190 479 1245; x_wconf 74' lang='grc' dir='ltr'><em>ἀδικουμένοις.</em></span> <span class='ocrx_word' id='word_1_149' title='bbox 1641 1195 1683 1230; x_wconf 83' lang='grc'><em>15</em></span> 
     </span>
    </p>
   </div>
   <div class='ocr_carea' id='block_1_3' title="bbox 407 1299 1416 1417">
    <p class='ocr_par' dir='ltr' id='par_1_4' title="bbox 407 1299 1416 1417">
     <span class='ocr_line' id='line_1_17' title="bbox 659 1299 1161 1357; baseline 0.002 -15"><span class='ocrx_word' id='word_1_150' title='bbox 659 1299 1028 1357; x_wconf 79' lang='grc' dir='ltr'><em>Κεφάλαιον</em></span> <span class='ocrx_word' id='word_1_151' title='bbox 1097 1300 1161 1355; x_wconf 87' lang='grc' dir='ltr'><em>ιη’.</em></span> 
     </span>
     <span class='ocr_line' id='line_1_18' title="bbox 407 1369 1416 1417; baseline 0 -11"><span class='ocrx_word' id='word_1_152' title='bbox 407 1370 580 1415; x_wconf 79' lang='grc' dir='ltr'><em>δεύτερος</em></span> <span class='ocrx_word' id='word_1_153' title='bbox 601 1369 758 1415; x_wconf 75' lang='grc' dir='ltr'><em>ἀρχηγὸς</em></span> <span class='ocrx_word' id='word_1_154' title='bbox 778 1372 852 1405; x_wconf 76' lang='grc' dir='ltr'><em>τῶν</em></span> <span class='ocrx_word' id='word_1_155' title='bbox 871 1369 1030 1417; x_wconf 79' lang='grc' dir='ltr'><em>Ἀροὶβων</em></span> <span class='ocrx_word' id='word_1_156' title='bbox 1050 1369 1270 1417; x_wconf 78' lang='grc' dir='ltr'><em>Ἀβουβάχαρ</em></span> <span class='ocrx_word' id='word_1_157' title='bbox 1290 1372 1352 1417; x_wconf 77' lang='grc' dir='ltr'><em>ἔτη</em></span> <span class='ocrx_word' id='word_1_158' title='bbox 1372 1370 1416 1417; x_wconf 77' lang='grc' dir='ltr'><em>γ’.</em></span> 
     </span>
    </p>
   </div>
   <div class='ocr_carea' id='block_1_4' title="bbox 195 1438 1685 1701">
    <p class='ocr_par' dir='ltr' id='par_1_5' title="bbox 195 1438 1685 1701">
     <span class='ocr_line' id='line_1_19' title="bbox 332 1438 1630 1501; baseline 0.001 -15"><span class='ocrx_word' id='word_1_159' title='bbox 332 1438 460 1494; x_wconf 66' lang='grc' dir='ltr'><em>Οὗτος</em></span> <span class='ocrx_word' id='word_1_160' title='bbox 482 1443 503 1486; x_wconf 81' lang='grc' dir='ltr'><strong><em>ὃ</em></strong></span> <span class='ocrx_word' id='word_1_161' title='bbox 519 1443 771 1500; x_wconf 84' lang='grc' dir='ltr'><em>Ἀβουβάχαρ</em></span> <span class='ocrx_word' id='word_1_162' title='bbox 793 1449 949 1501; x_wconf 82' lang='grc' dir='ltr'><em>πρῶτος</em></span> <span class='ocrx_word' id='word_1_163' title='bbox 970 1443 1164 1498; x_wconf 79' lang='grc' dir='ltr'><em>λαμβάνει</em></span> <span class='ocrx_word' id='word_1_164' title='bbox 1186 1445 1257 1500; x_wconf 87' lang='grc' dir='ltr'><em>τὴν</em></span> <span class='ocrx_word' id='word_1_165' title='bbox 1279 1444 1392 1488; x_wconf 90' lang='grc' dir='ltr'><em>πόλιν</em></span> <span class='ocrx_word' id='word_1_166' title='bbox 1412 1443 1545 1498; x_wconf 83' lang='grc' dir='ltr'><em>Γάζαν</em></span> <span class='ocrx_word' id='word_1_167' title='bbox 1564 1447 1630 1487; x_wconf 81' lang='grc' dir='ltr'><em>καὶ</em></span> 
     </span>
     <span class='ocr_line' id='line_1_20' title="bbox 195 1508 1629 1570; baseline 0.003 -21"><span class='ocrx_word' id='word_1_168' title='bbox 195 1513 329 1550; x_wconf 77' lang='grc' dir='ltr'><em>πᾶσαν</em></span> <span class='ocrx_word' id='word_1_169' title='bbox 359 1511 481 1565; x_wconf 77' lang='grc' dir='ltr'><em>αὐτῆς</em></span> <span class='ocrx_word' id='word_1_170' title='bbox 512 1512 583 1565; x_wconf 80' lang='grc' dir='ltr'><em>τὴν</em></span> <span class='ocrx_word' id='word_1_171' title='bbox 613 1514 843 1568; x_wconf 84' lang='grc' dir='ltr'><em>περίχωρον.</em></span> <span class='ocrx_word' id='word_1_172' title='bbox 910 1516 1071 1570; x_wconf 72' lang='grc' dir='ltr'><em>τελευτᾷ</em></span> <span class='ocrx_word' id='word_1_173' title='bbox 1103 1512 1146 1553; x_wconf 79' lang='grc' dir='ltr'><em>δὲ</em></span> <span class='ocrx_word' id='word_1_174' title='bbox 1177 1508 1197 1552; x_wconf 84' lang='grc' dir='ltr'><em>ὃ</em></span> <span class='ocrx_word' id='word_1_175' title='bbox 1230 1513 1349 1562; x_wconf 78' lang='grc' dir='ltr'><em>αὐτὸς</em></span> <span class='ocrx_word' id='word_1_176' title='bbox 1373 1512 1629 1566; x_wconf 84' lang='grc' dir='ltr'><em>Ἀβουβάχαρ</em></span> 
     </span>
     <span class='ocr_line' id='line_1_21' title="bbox 197 1575 1685 1636; baseline 0.001 -20"><span class='ocrx_word' id='word_1_177' title='bbox 197 1575 424 1632; x_wconf 79' lang='grc' dir='ltr'><em>ἇμηρεύσας</em></span> <span class='ocrx_word' id='word_1_178' title='bbox 453 1578 518 1632; x_wconf 77' lang='grc' dir='ltr'><em>ἴτη</em></span> <span class='ocrx_word' id='word_1_179' title='bbox 549 1580 638 1633; x_wconf 87' lang='grc' dir='ltr'><em>τριά</em></span> <span class='ocrx_word' id='word_1_180' title='bbox 651 1610 664 1629; x_wconf 92' lang='grc'><em>,</em></span> <span class='ocrx_word' id='word_1_181' title='bbox 699 1581 763 1620; x_wconf 79' lang='grc' dir='ltr'><em>καὶ</em></span> <span class='ocrx_word' id='word_1_182' title='bbox 792 1577 1095 1634; x_wconf 81' lang='grc' dir='ltr'><em>παραλαμβάνει</em></span> <span class='ocrx_word' id='word_1_183' title='bbox 1116 1579 1187 1632; x_wconf 84' lang='grc' dir='ltr'><em>τὴν</em></span> <span class='ocrx_word' id='word_1_184' title='bbox 1208 1578 1335 1636; x_wconf 80' lang='grc' dir='ltr'><em>ἀρχὴν</em></span> <span class='ocrx_word' id='word_1_185' title='bbox 1359 1579 1528 1636; x_wconf 77' lang='grc' dir='ltr'><em>Οὕμαρ,</em></span> <span class='ocrx_word' id='word_1_186' title='bbox 1563 1580 1630 1621; x_wconf 81' lang='grc' dir='ltr'><em>καὶ</em></span> <span class='ocrx_word' id='word_1_187' title='bbox 1641 1584 1685 1619; x_wconf 85' lang='grc'><em>20</em></span> 
     </span>
     <span class='ocr_line' id='line_1_22' title="bbox 195 1643 909 1701; baseline 0.004 -18"><span class='ocrx_word' id='word_1_188' title='bbox 195 1651 337 1699; x_wconf 78' lang='grc' dir='ltr'><em>κρατεῖ</em></span> <span class='ocrx_word' id='word_1_189' title='bbox 353 1650 431 1687; x_wconf 84' lang='grc' dir='ltr'><em>τῶν</em></span> <span class='ocrx_word' id='word_1_190' title='bbox 447 1644 630 1701; x_wconf 81' lang='grc' dir='ltr'><em>Ἀράβων</em></span> <span class='ocrx_word' id='word_1_191' title='bbox 651 1645 717 1700; x_wconf 70' lang='grc' dir='ltr'><em>ἴτη</em></span> <span class='ocrx_word' id='word_1_192' title='bbox 741 1643 909 1687; x_wconf 78' lang='grc' dir='ltr'><em>δώδεκα.</em></span> 
     </span>
    </p>
   </div>
   <div class='ocr_carea' id='block_1_5' title="bbox 285 1767 1631 1862">
    <p class='ocr_par' dir='ltr' id='par_1_6' title="bbox 285 1767 1631 1862">
     <span class='ocr_line' id='line_1_23' title="bbox 285 1767 1631 1850; baseline 0.002 -47"><span class='ocrx_word' id='word_1_193' title='bbox 285 1770 332 1850; x_wconf 46' lang='grc' dir='ltr'><em>ἐξ</em></span> <span class='ocrx_word' id='word_1_194' title='bbox 355 1770 495 1849; x_wconf 63' lang='grc' dir='ltr'><em>ἔδιαρκῆ</em></span> <span class='ocrx_word' id='word_1_195' title='bbox 526 1770 607 1849; x_wconf 54' lang='grc' dir='ltr'><em>τὴῇιῙ</em></span> <span class='ocrx_word' id='word_1_196' title='bbox 628 1771 883 1816; x_wconf 84' lang='lat' dir='ltr'>Theophanes,</span> <span class='ocrx_word' id='word_1_197' title='bbox 917 1767 1142 1814; x_wconf 82' lang='grc' dir='ltr'><em>διακριτικὴν</em></span> <span class='ocrx_word' id='word_1_198' title='bbox 1176 1770 1272 1804; x_wconf 84' lang='grc' dir='ltr'><em>ΒΡΜ</em></span> <span class='ocrx_word' id='word_1_199' title='bbox 1304 1781 1379 1806; x_wconf 86' lang='lat' dir='ltr'><em>cum</em></span> <span class='ocrx_word' id='word_1_200' title='bbox 1411 1770 1631 1806; x_wconf 77' lang='lat' dir='ltr'>Banduriana</span> 
     </span>
     <span class='ocr_line' id='line_1_24' title="bbox 373 1826 547 1862; baseline 0.006 -14"><span class='ocrx_word' id='word_1_201' title='bbox 373 1827 416 1859; x_wconf 85' lang='grc' dir='ltr'><em>τη</em></span> <span class='ocrx_word' id='word_1_202' title='bbox 440 1828 460 1862; x_wconf 80' lang='grc' dir='ltr'><em>γ</em></span> <span class='ocrx_word' id='word_1_203' title='bbox 494 1826 547 1849; x_wconf 87' lang='lat' dir='ltr'><em>om</em></span> 
     </span>
    </p>
   </div>
   <div class='ocr_carea' id='block_1_6' title="bbox 195 1934 1631 2517">
    <p class='ocr_par' dir='ltr' id='par_1_7' title="bbox 195 1934 1631 2517">
     <span class='ocr_line' id='line_1_25' title="bbox 196 1934 1630 1980; baseline 0.001 -11"><span class='ocrx_word' id='word_1_204' title='bbox 196 1935 256 1979; x_wconf 88' lang='lat' dir='ltr'><em>qui</em></span> <span class='ocrx_word' id='word_1_205' title='bbox 278 1934 328 1968; x_wconf 87' lang='lat' dir='ltr'>illi</span> <span class='ocrx_word' id='word_1_206' title='bbox 351 1939 508 1969; x_wconf 82' lang='lat' dir='ltr'><strong>auctores</strong></span> <span class='ocrx_word' id='word_1_207' title='bbox 531 1936 691 1979; x_wconf 75' lang='lat' dir='ltr'>fuerunt,</span> <span class='ocrx_word' id='word_1_208' title='bbox 725 1938 764 1969; x_wconf 83' lang='lat' dir='ltr'><em>ut</em></span> <span class='ocrx_word' id='word_1_209' title='bbox 785 1939 900 1980; x_wconf 82' lang='lat' dir='ltr'>partes</span> <span class='ocrx_word' id='word_1_210' title='bbox 929 1935 1090 1979; x_wconf 86' lang='lat' dir='ltr'>quasdam</span> <span class='ocrx_word' id='word_1_211' title='bbox 1114 1935 1200 1979; x_wconf 83' lang='lat' dir='ltr'>legis</span> <span class='ocrx_word' id='word_1_212' title='bbox 1223 1936 1416 1979; x_wconf 76' lang='lat' dir='ltr'>acciperet,</span> <span class='ocrx_word' id='word_1_213' title='bbox 1452 1935 1630 1970; x_wconf 84' lang='lat' dir='ltr'>circumci-</span> 
     </span>
     <span class='ocr_line' id='line_1_26' title="bbox 195 1977 1630 2024; baseline 0.001 -11"><span class='ocrx_word' id='word_1_214' title='bbox 195 1981 323 2013; x_wconf 80' lang='lat' dir='ltr'>sionem</span> <span class='ocrx_word' id='word_1_215' title='bbox 348 1986 383 2013; x_wconf 86' lang='lat' dir='ltr'><em>et</em></span> <span class='ocrx_word' id='word_1_216' title='bbox 405 1980 474 2014; x_wconf 85' lang='lat' dir='ltr'>alia</span> <span class='ocrx_word' id='word_1_217' title='bbox 495 1977 680 2024; x_wconf 85' lang='lat' dir='ltr'>quaedam,</span> <span class='ocrx_word' id='word_1_218' title='bbox 716 1991 804 2023; x_wconf 85' lang='lat' dir='ltr'>quae</span> <span class='ocrx_word' id='word_1_219' title='bbox 827 1982 1012 2013; x_wconf 80' lang='lat' dir='ltr'>observant</span> <span class='ocrx_word' id='word_1_220' title='bbox 1035 1980 1211 2014; x_wconf 77' lang='lat' dir='ltr'>Saraceni.</span> <span class='ocrx_word' id='word_1_221' title='bbox 1258 1982 1384 2024; x_wconf 82' lang='lat' dir='ltr'>primus</span> <span class='ocrx_word' id='word_1_222' title='bbox 1406 1981 1514 2024; x_wconf 80' lang='lat' dir='ltr'>igitur</span> <span class='ocrx_word' id='word_1_223' title='bbox 1535 1981 1630 2015; x_wconf 85' lang='lat' dir='ltr'>Abu-</span> 
     </span>
     <span class='ocr_line' id='line_1_27' title="bbox 195 2025 1630 2070; baseline 0.001 -13"><span class='ocrx_word' id='word_1_224' title='bbox 195 2026 324 2058; x_wconf 88' lang='lat' dir='ltr'>bachar</span> <span class='ocrx_word' id='word_1_225' title='bbox 354 2032 490 2058; x_wconf 82' lang='lat' dir='ltr'>secutus</span> <span class='ocrx_word' id='word_1_226' title='bbox 522 2025 632 2070; x_wconf 86' lang='lat' dir='ltr'>ipsum</span> <span class='ocrx_word' id='word_1_227' title='bbox 656 2029 708 2058; x_wconf 86' lang='lat' dir='ltr'><em>est</em></span> <span class='ocrx_word' id='word_1_228' title='bbox 733 2031 768 2059; x_wconf 83' lang='lat' dir='ltr'><em>et</em></span> <span class='ocrx_word' id='word_1_229' title='bbox 789 2026 990 2069; x_wconf 84' lang='lat' dir='ltr'>prophetam</span> <span class='ocrx_word' id='word_1_230' title='bbox 1012 2025 1240 2068; x_wconf 83' lang='lat' dir='ltr'>praedicavit,</span> <span class='ocrx_word' id='word_1_231' title='bbox 1277 2027 1491 2069; x_wconf 86' lang='lat' dir='ltr'>quamobrem</span> <span class='ocrx_word' id='word_1_232' title='bbox 1518 2025 1630 2070; x_wconf 84' lang='lat' dir='ltr'>ipsum</span> 
     </span>
     <span class='ocr_line' id='line_1_28' title="bbox 197 2065 1629 2114; baseline 0.001 -12"><span class='ocrx_word' id='word_1_233' title='bbox 197 2070 265 2102; x_wconf 88' lang='lat' dir='ltr'>sibi</span> <span class='ocrx_word' id='word_1_234' title='bbox 295 2080 525 2103; x_wconf 84' lang='lat' dir='ltr'><strong>successorem</strong></span> <span class='ocrx_word' id='word_1_235' title='bbox 556 2069 705 2113; x_wconf 87' lang='lat' dir='ltr'>reliquit.</span> <span class='ocrx_word' id='word_1_236' title='bbox 753 2076 848 2103; x_wconf 76' lang='lat' dir='ltr'>secta</span> <span class='ocrx_word' id='word_1_237' title='bbox 883 2080 986 2113; x_wconf 84' lang='lat' dir='ltr'>porro</span> <span class='ocrx_word' id='word_1_238' title='bbox 1017 2069 1089 2102; x_wconf 88' lang='lat' dir='ltr'>eius</span> <span class='ocrx_word' id='word_1_239' title='bbox 1118 2075 1233 2114; x_wconf 83' lang='lat' dir='ltr'>partes</span> <span class='ocrx_word' id='word_1_240' title='bbox 1256 2065 1414 2104; x_wconf 72' lang='lat' dir='ltr'>Aethribi</span> <span class='ocrx_word' id='word_1_241' title='bbox 1435 2070 1629 2114; x_wconf 84' lang='lat' dir='ltr'>occupavit,</span> 
     </span>
     <span class='ocr_line' id='line_1_29' title="bbox 197 2114 1631 2159; baseline 0.001 -12"><span class='ocrx_word' id='word_1_242' title='bbox 197 2115 306 2159; x_wconf 85' lang='lat' dir='ltr'>primo</span> <span class='ocrx_word' id='word_1_243' title='bbox 331 2115 464 2158; x_wconf 86' lang='lat' dir='ltr'>quidem</span> <span class='ocrx_word' id='word_1_244' title='bbox 490 2114 621 2148; x_wconf 85' lang='lat' dir='ltr'>occulte</span> <span class='ocrx_word' id='word_1_245' title='bbox 643 2125 785 2158; x_wconf 84' lang='lat' dir='ltr'>serpens</span> <span class='ocrx_word' id='word_1_246' title='bbox 810 2115 907 2148; x_wconf 88' lang='lat' dir='ltr'>anuis</span> <span class='ocrx_word' id='word_1_247' title='bbox 930 2114 1065 2157; x_wconf 88' lang='lat' dir='ltr'>decem,</span> <span class='ocrx_word' id='word_1_248' title='bbox 1097 2119 1266 2158; x_wconf 82' lang='lat' dir='ltr'>postremo</span> <span class='ocrx_word' id='word_1_249' title='bbox 1289 2126 1363 2148; x_wconf 90' lang='lat' dir='ltr'><em>cum</em></span> <span class='ocrx_word' id='word_1_250' title='bbox 1386 2114 1466 2148; x_wconf 87' lang='lat' dir='ltr'>belli</span> <span class='ocrx_word' id='word_1_251' title='bbox 1488 2115 1631 2149; x_wconf 81' lang='lat' dir='ltr'>tumultu</span> 
     </span>
     <span class='ocr_line' id='line_1_30' title="bbox 197 2158 1629 2203; baseline 0.001 -11"><span class='ocrx_word' id='word_1_252' title='bbox 197 2159 295 2192; x_wconf 85' lang='lat' dir='ltr'>annis</span> <span class='ocrx_word' id='word_1_253' title='bbox 328 2160 458 2203; x_wconf 79' lang='lat' dir='ltr'>pariter</span> <span class='ocrx_word' id='word_1_254' title='bbox 486 2159 621 2202; x_wconf 85' lang='lat' dir='ltr'>decem,</span> <span class='ocrx_word' id='word_1_255' title='bbox 659 2171 698 2192; x_wconf 88' lang='lat' dir='ltr'>ac</span> <span class='ocrx_word' id='word_1_256' title='bbox 733 2161 862 2193; x_wconf 90' lang='lat' dir='ltr'>demum</span> <span class='ocrx_word' id='word_1_257' title='bbox 893 2158 1026 2203; x_wconf 89' lang='lat' dir='ltr'>publice</span> <span class='ocrx_word' id='word_1_258' title='bbox 1055 2159 1153 2191; x_wconf 85' lang='lat' dir='ltr'>annis</span> <span class='ocrx_word' id='word_1_259' title='bbox 1180 2168 1314 2192; x_wconf 85' lang='lat' dir='ltr'>novem.</span> <span class='ocrx_word' id='word_1_260' title='bbox 1360 2159 1514 2194; x_wconf 81' lang='lat' dir='ltr'>subditos</span> <span class='ocrx_word' id='word_1_261' title='bbox 1543 2170 1629 2193; x_wconf 81' lang='lat' dir='ltr'>vero</span> 
     </span>
     <span class='ocr_line' id='line_1_31' title="bbox 197 2202 1629 2247; baseline 0.001 -10"><span class='ocrx_word' id='word_1_262' title='bbox 197 2215 277 2237; x_wconf 83' lang='lat' dir='ltr'>suos</span> <span class='ocrx_word' id='word_1_263' title='bbox 300 2204 448 2245; x_wconf 76' lang='lat' dir='ltr'>edocuit,</span> <span class='ocrx_word' id='word_1_264' title='bbox 477 2215 563 2245; x_wconf 90' lang='lat' dir='ltr'>eum,</span> <span class='ocrx_word' id='word_1_265' title='bbox 587 2203 647 2247; x_wconf 90' lang='lat' dir='ltr'><em>qui</em></span> <span class='ocrx_word' id='word_1_266' title='bbox 670 2204 726 2237; x_wconf 77' lang='lat' dir='ltr'><em>vel</em></span> <span class='ocrx_word' id='word_1_267' title='bbox 750 2205 880 2238; x_wconf 89' lang='lat' dir='ltr'>hostem</span> <span class='ocrx_word' id='word_1_268' title='bbox 903 2202 1087 2236; x_wconf 80' lang='lat' dir='ltr'>occidisset</span> <span class='ocrx_word' id='word_1_269' title='bbox 1107 2203 1164 2236; x_wconf 90' lang='lat' dir='ltr'><em>vel</em></span> <span class='ocrx_word' id='word_1_270' title='bbox 1186 2205 1228 2237; x_wconf 82' lang='lat' dir='ltr'>ab</span> <span class='ocrx_word' id='word_1_271' title='bbox 1251 2203 1349 2237; x_wconf 88' lang='lat' dir='ltr'>hoste</span> <span class='ocrx_word' id='word_1_272' title='bbox 1370 2204 1504 2238; x_wconf 84' lang='lat' dir='ltr'>occisus</span> <span class='ocrx_word' id='word_1_273' title='bbox 1525 2209 1629 2246; x_wconf 78' lang='lat' dir='ltr'>esset,</span> 
     </span>
     <span class='ocr_line' id='line_1_32' title="bbox 197 2247 1631 2292; baseline 0.001 -11"><span class='ocrx_word' id='word_1_274' title='bbox 197 2248 287 2282; x_wconf 89' lang='lat' dir='ltr'>nullo</span> <span class='ocrx_word' id='word_1_275' title='bbox 313 2249 411 2281; x_wconf 88' lang='lat' dir='ltr'>obice</span> <span class='ocrx_word' id='word_1_276' title='bbox 434 2249 468 2280; x_wconf 87' lang='lat' dir='ltr'><em>iu</em></span> <span class='ocrx_word' id='word_1_277' title='bbox 493 2249 684 2291; x_wconf 79' lang='lat' dir='ltr'>paradisum</span> <span class='ocrx_word' id='word_1_278' title='bbox 707 2249 865 2282; x_wconf 86' lang='lat' dir='ltr'>introire.</span> <span class='ocrx_word' id='word_1_279' title='bbox 911 2247 1104 2292; x_wconf 86' lang='lat' dir='ltr'>paradisum</span> <span class='ocrx_word' id='word_1_280' title='bbox 1131 2254 1242 2281; x_wconf 86' lang='lat' dir='ltr'>autem</span> <span class='ocrx_word' id='word_1_281' title='bbox 1265 2249 1401 2282; x_wconf 86' lang='lat' dir='ltr'>dicebat</span> <span class='ocrx_word' id='word_1_282' title='bbox 1422 2249 1531 2283; x_wconf 88' lang='lat' dir='ltr'>locum</span> <span class='ocrx_word' id='word_1_283' title='bbox 1553 2259 1631 2282; x_wconf 79' lang='lat' dir='ltr'>esse</span> 
     </span>
     <span class='ocr_line' id='line_1_33' title="bbox 197 2291 1630 2337; baseline -0.001 -10"><span class='ocrx_word' id='word_1_284' title='bbox 197 2292 344 2327; x_wconf 83' lang='lat' dir='ltr'>carnalis</span> <span class='ocrx_word' id='word_1_285' title='bbox 367 2292 437 2325; x_wconf 88' lang='lat' dir='ltr'>cibi</span> <span class='ocrx_word' id='word_1_286' title='bbox 461 2298 496 2326; x_wconf 87' lang='lat' dir='ltr'><em>et</em></span> <span class='ocrx_word' id='word_1_287' title='bbox 519 2298 620 2337; x_wconf 86' lang='lat' dir='ltr'>potus</span> <span class='ocrx_word' id='word_1_288' title='bbox 642 2298 746 2336; x_wconf 83' lang='lat' dir='ltr'>atque</span> <span class='ocrx_word' id='word_1_289' title='bbox 769 2293 945 2327; x_wconf 87' lang='lat' dir='ltr'>mulierum</span> <span class='ocrx_word' id='word_1_290' title='bbox 968 2292 1097 2333; x_wconf 54' lang='lat' dir='ltr'>coitum</span> <span class='ocrx_word' id='word_1_291' title='bbox 1126 2293 1267 2326; x_wconf 85' lang='lat' dir='ltr'>fluvium</span> <span class='ocrx_word' id='word_1_292' title='bbox 1291 2298 1403 2327; x_wconf 87' lang='lat' dir='ltr'>autem</span> <span class='ocrx_word' id='word_1_293' title='bbox 1425 2293 1498 2327; x_wconf 89' lang='lat' dir='ltr'>vini</span> <span class='ocrx_word' id='word_1_294' title='bbox 1521 2291 1630 2326; x_wconf 78' lang='lat' dir='ltr'>mellis</span> 
     </span>
     <span class='ocr_line' id='line_1_34' title="bbox 197 2337 1628 2382; baseline -0.001 -10"><span class='ocrx_word' id='word_1_295' title='bbox 197 2343 233 2372; x_wconf 81' lang='lat' dir='ltr'><em>et</em></span> <span class='ocrx_word' id='word_1_296' title='bbox 255 2338 354 2371; x_wconf 83' lang='lat' dir='ltr'>lactis</span> <span class='ocrx_word' id='word_1_297' title='bbox 375 2337 424 2371; x_wconf 91' lang='lat' dir='ltr'><em>ibi</em></span> <span class='ocrx_word' id='word_1_298' title='bbox 447 2348 603 2380; x_wconf 89' lang='lat' dir='ltr'>manare,</span> <span class='ocrx_word' id='word_1_299' title='bbox 636 2338 881 2382; x_wconf 85' lang='lat' dir='ltr'>mulierumque</span> <span class='ocrx_word' id='word_1_300' title='bbox 901 2337 1050 2382; x_wconf 82' lang='lat' dir='ltr'>speciem</span> <span class='ocrx_word' id='word_1_301' title='bbox 1072 2337 1390 2382; x_wconf 81' lang='lat' dir='ltr'>incomparabilem,</span> <span class='ocrx_word' id='word_1_302' title='bbox 1419 2349 1488 2371; x_wconf 86' lang='lat' dir='ltr'><em>non</em></span> <span class='ocrx_word' id='word_1_303' title='bbox 1510 2337 1628 2382; x_wconf 76' lang='lat' dir='ltr'>quales</span> 
     </span>
     <span class='ocr_line' id='line_1_35' title="bbox 197 2382 1627 2427; baseline 0 -11"><span class='ocrx_word' id='word_1_304' title='bbox 197 2394 287 2417; x_wconf 89' lang='lat' dir='ltr'>nunc</span> <span class='ocrx_word' id='word_1_305' title='bbox 309 2387 409 2425; x_wconf 81' lang='lat' dir='ltr'>sunt,</span> <span class='ocrx_word' id='word_1_306' title='bbox 433 2383 492 2415; x_wconf 85' lang='lat' dir='ltr'><em>sed</em></span> <span class='ocrx_word' id='word_1_307' title='bbox 515 2382 676 2423; x_wconf 81' lang='lat' dir='ltr'>aliarum3</span> <span class='ocrx_word' id='word_1_308' title='bbox 699 2384 893 2417; x_wconf 87' lang='lat' dir='ltr'>diuturnum</span> <span class='ocrx_word' id='word_1_309' title='bbox 917 2382 1040 2416; x_wconf 81' lang='lat' dir='ltr'>coitum</span> <span class='ocrx_word' id='word_1_310' title='bbox 1061 2382 1199 2416; x_wconf 86' lang='lat' dir='ltr'>dicebat</span> <span class='ocrx_word' id='word_1_311' title='bbox 1221 2388 1257 2416; x_wconf 84' lang='lat' dir='ltr'><em>et</em></span> <span class='ocrx_word' id='word_1_312' title='bbox 1278 2382 1486 2427; x_wconf 76' lang='lat' dir='ltr'>voluptatem</span> <span class='ocrx_word' id='word_1_313' title='bbox 1507 2383 1627 2426; x_wconf 78' lang='lat' dir='ltr'>singu-</span> 
     </span>
     <span class='ocr_line' id='line_1_36' title="bbox 197 2426 1627 2471; baseline -0.001 -10"><span class='ocrx_word' id='word_1_314' title='bbox 197 2428 318 2470; x_wconf 85' lang='lat' dir='ltr'>larem,</span> <span class='ocrx_word' id='word_1_315' title='bbox 354 2427 502 2470; x_wconf 87' lang='lat' dir='ltr'>itemque</span> <span class='ocrx_word' id='word_1_316' title='bbox 533 2427 790 2461; x_wconf 84' lang='lat' dir='ltr'>alia-nonnulla</span> <span class='ocrx_word' id='word_1_317' title='bbox 819 2427 974 2461; x_wconf 81' lang='lat' dir='ltr'>luxuriae</span> <span class='ocrx_word' id='word_1_318' title='bbox 997 2432 1032 2460; x_wconf 81' lang='lat' dir='ltr'><em>et</em></span> <span class='ocrx_word' id='word_1_319' title='bbox 1053 2426 1219 2461; x_wconf 84' lang='lat' dir='ltr'>amentiae</span> <span class='ocrx_word' id='word_1_320' title='bbox 1241 2427 1452 2471; x_wconf 81' lang='lat' dir='ltr'>plenissima.</span> <span class='ocrx_word' id='word_1_321' title='bbox 1497 2427 1627 2461; x_wconf 82' lang='lat' dir='ltr'>condo-</span> 
     </span>
     <span class='ocr_line' id='line_1_37' title="bbox 198 2470 1267 2517; baseline 0 -11"><span class='ocrx_word' id='word_1_322' title='bbox 198 2473 269 2506; x_wconf 87' lang='lat' dir='ltr'>lere</span> <span class='ocrx_word' id='word_1_323' title='bbox 290 2472 370 2506; x_wconf 82' lang='lat' dir='ltr'>item</span> <span class='ocrx_word' id='word_1_324' title='bbox 393 2477 506 2506; x_wconf 84' lang='lat' dir='ltr'>mutuo</span> <span class='ocrx_word' id='word_1_325' title='bbox 530 2470 650 2515; x_wconf 86' lang='lat' dir='ltr'>iussit,</span> <span class='ocrx_word' id='word_1_326' title='bbox 679 2478 714 2505; x_wconf 80' lang='lat' dir='ltr'><em>et</em></span> <span class='ocrx_word' id='word_1_327' title='bbox 736 2472 862 2506; x_wconf 85' lang='lat' dir='ltr'>iniuria</span> <span class='ocrx_word' id='word_1_328' title='bbox 884 2471 1021 2507; x_wconf 79' lang='lat' dir='ltr'>affectis</span> <span class='ocrx_word' id='word_1_329' title='bbox 1043 2483 1141 2517; x_wconf 88' lang='lat' dir='ltr'>opem</span> <span class='ocrx_word' id='word_1_330' title='bbox 1163 2473 1267 2506; x_wconf 85' lang='lat' dir='ltr'>ferre.</span> 
     </span>
    </p>
   </div>
   <div class='ocr_carea' id='block_1_7' title="bbox 342 2547 1482 2593">
    <p class='ocr_par' dir='ltr' id='par_1_8' title="bbox 342 2547 1482 2593">
     <span class='ocr_line' id='line_1_38' title="bbox 342 2547 1482 2593; baseline -0.002 -9"><span class='ocrx_word' id='word_1_331' title='bbox 342 2551 398 2584; x_wconf 84' lang='lat'><em>18.</em></span> <span class='ocrx_word' id='word_1_332' title='bbox 445 2549 620 2581; x_wconf 81' lang='lat' dir='ltr'>secundus</span> <span class='ocrx_word' id='word_1_333' title='bbox 642 2548 796 2582; x_wconf 84' lang='lat' dir='ltr'><em>Arabum</em></span> <span class='ocrx_word' id='word_1_334' title='bbox 816 2549 981 2593; x_wconf 79' lang='lat' dir='ltr'>princeps</span> <span class='ocrx_word' id='word_1_335' title='bbox 1003 2547 1213 2583; x_wconf 73' lang='lat' dir='ltr'>Ababachar</span> <span class='ocrx_word' id='word_1_336' title='bbox 1234 2550 1337 2583; x_wconf 78' lang='lat' dir='ltr'>annis</span> <span class='ocrx_word' id='word_1_337' title='bbox 1357 2548 1482 2582; x_wconf 75' lang='lat' dir='ltr'>tribus.</span> 
     </span>
    </p>
   </div>
   <div class='ocr_carea' id='block_1_8' title="bbox 197 2601 1626 2775">
    <p class='ocr_par' dir='ltr' id='par_1_9' title="bbox 197 2601 1626 2775">
     <span class='ocr_line' id='line_1_39' title="bbox 285 2601 1626 2648; baseline -0.001 -10"><span class='ocrx_word' id='word_1_338' title='bbox 285 2604 355 2638; x_wconf 83' lang='lat' dir='ltr'>Hic</span> <span class='ocrx_word' id='word_1_339' title='bbox 376 2604 581 2638; x_wconf 84' lang='lat' dir='ltr'>Abubachar</span> <span class='ocrx_word' id='word_1_340' title='bbox 604 2603 730 2647; x_wconf 88' lang='lat' dir='ltr'>primus</span> <span class='ocrx_word' id='word_1_341' title='bbox 754 2604 845 2648; x_wconf 83' lang='lat' dir='ltr'>cepit</span> <span class='ocrx_word' id='word_1_342' title='bbox 868 2606 985 2638; x_wconf 90' lang='lat' dir='ltr'>urbem</span> <span class='ocrx_word' id='word_1_343' title='bbox 1009 2605 1157 2647; x_wconf 88' lang='lat' dir='ltr'>Gazam,</span> <span class='ocrx_word' id='word_1_344' title='bbox 1182 2603 1443 2647; x_wconf 81' lang='lat' dir='ltr'>universamque</span> <span class='ocrx_word' id='word_1_345' title='bbox 1464 2601 1626 2636; x_wconf 84' lang='lat' dir='ltr'>adiacen-</span> 
     </span>
     <span class='ocr_line' id='line_1_40' title="bbox 197 2647 1626 2694; baseline -0.002 -9"><span class='ocrx_word' id='word_1_346' title='bbox 197 2656 266 2686; x_wconf 80' lang='lat' dir='ltr'>tem</span> <span class='ocrx_word' id='word_1_347' title='bbox 289 2650 475 2694; x_wconf 84' lang='lat' dir='ltr'>regionem.</span> <span class='ocrx_word' id='word_1_348' title='bbox 523 2649 612 2682; x_wconf 88' lang='lat' dir='ltr'>diem</span> <span class='ocrx_word' id='word_1_349' title='bbox 633 2654 744 2682; x_wconf 82' lang='lat' dir='ltr'>autem</span> <span class='ocrx_word' id='word_1_350' title='bbox 768 2649 854 2682; x_wconf 85' lang='lat' dir='ltr'>obiit</span> <span class='ocrx_word' id='word_1_351' title='bbox 875 2649 962 2683; x_wconf 89' lang='lat' dir='ltr'>idem</span> <span class='ocrx_word' id='word_1_352' title='bbox 984 2648 1195 2691; x_wconf 84' lang='lat' dir='ltr'>Abubachar‚</span> <span class='ocrx_word' id='word_1_353' title='bbox 1218 2660 1292 2682; x_wconf 91' lang='lat' dir='ltr'><em>cum</em></span> <span class='ocrx_word' id='word_1_354' title='bbox 1309 2648 1512 2692; x_wconf 82' lang='lat' dir='ltr'>imperasset</span> <span class='ocrx_word' id='word_1_355' title='bbox 1527 2647 1626 2682; x_wconf 78' lang='lat' dir='ltr'>annis</span> 
     </span>
     <span class='ocr_line' id='line_1_41' title="bbox 198 2691 1626 2775; baseline -0.002 -46"><span class='ocrx_word' id='word_1_356' title='bbox 198 2696 341 2775; x_wconf 29' lang='lat' dir='ltr'>gibais&amp;</span> <span class='ocrx_word' id='word_1_357' title='bbox 366 2699 401 2728; x_wconf 83' lang='lat' dir='ltr'><em>et</em></span> <span class='ocrx_word' id='word_1_358' title='bbox 423 2694 511 2728; x_wconf 89' lang='lat' dir='ltr'>hunc</span> <span class='ocrx_word' id='word_1_359' title='bbox 534 2693 671 2738; x_wconf 84' lang='lat' dir='ltr'>excepit</span> <span class='ocrx_word' id='word_1_360' title='bbox 692 2694 818 2737; x_wconf 83' lang='lat' dir='ltr'>Umar,</span> <span class='ocrx_word' id='word_1_361' title='bbox 853 2694 912 2738; x_wconf 89' lang='lat' dir='ltr'><em>qui</em></span> <span class='ocrx_word' id='word_1_362' title='bbox 934 2694 1080 2729; x_wconf 88' lang='lat' dir='ltr'>Arabum</span> <span class='ocrx_word' id='word_1_363' title='bbox 1102 2692 1328 2739; x_wconf 82' lang='lat' dir='ltr'>principatum</span> <span class='ocrx_word' id='word_1_364' title='bbox 1357 2692 1505 2727; x_wconf 81' lang='lat' dir='ltr'>obtinuit</span> <span class='ocrx_word' id='word_1_365' title='bbox 1528 2691 1626 2726; x_wconf 79' lang='lat' dir='ltr'>aimis</span> 
     </span>
    </p>

    <p class='ocr_par' dir='ltr' id='par_1_10' title="bbox 224 2751 389 2775">
     <span class='ocr_line' id='line_1_42' title="bbox 224 2751 389 2775; baseline -0.006 0"><span class='ocrx_word' id='word_1_366' title='bbox 224 2752 265 2775; x_wconf 88' lang='lat' dir='ltr'><em>uo</em></span> <span class='ocrx_word' id='word_1_367' title='bbox 292 2751 389 2774; x_wconf 80' lang='lat' dir='ltr'>ecim.</span> 
     </span>
    </p>
   </div>
  </div>
 </body>
</html>
