<?xml version="1.0" encoding="UTF-8"?>
<!DOCTYPE html PUBLIC "-//W3C//DTD XHTML 1.0 Transitional//EN"
    "http://www.w3.org/TR/xhtml1/DTD/xhtml1-transitional.dtd">
<html xmlns="http://www.w3.org/1999/xhtml" xml:lang="en" lang="en">
 <head>
  <title>
</title>
<meta http-equiv="Content-Type" content="text/html;charset=utf-8" />
  <meta name='ocr-system' content='tesseract 3.04.00' />
  <meta name='ocr-capabilities' content='ocr_page ocr_carea ocr_par ocr_line ocrx_word'/>
</head>
<body>
  <div class='ocr_page' id='page_1' title='image "./corpusscriptorum09niebuoft_0327.png"; bbox 0 0 1780 3132; ppageno 0'>
   <div class='ocr_carea' id='block_1_1' title="bbox 75 128 1541 2718">
    <p class='ocr_par' dir='ltr' id='par_1_1' title="bbox 92 128 1541 578">
     <span class='ocr_line' id='line_1_1' title="bbox 213 128 1536 178; baseline -0.006 0"><span class='ocrx_word' id='word_1_1' title='bbox 213 137 266 178; x_wconf 83' lang='grc' dir='ltr'><em>ΙΝ</em></span> <span class='ocrx_word' id='word_1_2' title='bbox 299 130 657 175; x_wconf 78' lang='lat' dir='ltr'><em>CONSTANTINI</em></span> <span class='ocrx_word' id='word_1_3' title='bbox 684 132 880 174; x_wconf 82' lang='lat' dir='ltr'><strong>PORPH.</strong></span> <span class='ocrx_word' id='word_1_4' title='bbox 908 133 1005 171; x_wconf 88' lang='lat' dir='ltr'><strong>LlB.</strong></span> <span class='ocrx_word' id='word_1_5' title='bbox 1030 132 1102 172; x_wconf 85' lang='lat' dir='ltr'><em>DE</em></span> <span class='ocrx_word' id='word_1_6' title='bbox 1127 131 1259 172; x_wconf 84' lang='lat' dir='ltr'><strong>ADM.</strong></span> <span class='ocrx_word' id='word_1_7' title='bbox 1287 130 1395 171; x_wconf 86' lang='lat' dir='ltr'><strong>lMP.</strong></span> <span class='ocrx_word' id='word_1_8' title='bbox 1444 128 1536 171; x_wconf 88' lang='grc'><em>317</em></span> 
     </span>
     <span class='ocr_line' id='line_1_2' title="bbox 97 241 1538 304; baseline -0.003 -15"><span class='ocrx_word' id='word_1_9' title='bbox 97 248 236 304; x_wconf 78' lang='grc' dir='ltr'><strong><em>φανῆς</em></strong></span> <span class='ocrx_word' id='word_1_10' title='bbox 281 244 412 286; x_wconf 72' lang='grc' dir='ltr'><strong><em>αὐτοῦ</em></strong></span> <span class='ocrx_word' id='word_1_11' title='bbox 448 245 583 287; x_wconf 78' lang='lat' dir='ltr'><em>donec</em></span> <span class='ocrx_word' id='word_1_12' title='bbox 627 248 768 301; x_wconf 75' lang='lat' dir='ltr'><em>ipsum</em></span> <span class='ocrx_word' id='word_1_13' title='bbox 811 244 1097 286; x_wconf 80' lang='lat' dir='ltr'><em>comedentem</em></span> <span class='ocrx_word' id='word_1_14' title='bbox 1142 243 1352 287; x_wconf 75' lang='lat' dir='ltr'><em>viderunt.</em></span> <span class='ocrx_word' id='word_1_15' title='bbox 1424 241 1538 296; x_wconf 77' lang='grc' dir='ltr'><em>φαγὴ</em></span> 
     </span>
     <span class='ocr_line' id='line_1_3' title="bbox 98 300 1541 360; baseline -0.006 -14"><span class='ocrx_word' id='word_1_16' title='bbox 98 307 243 360; x_wconf 84' lang='lat' dir='ltr'><em>quippe</em></span> <span class='ocrx_word' id='word_1_17' title='bbox 273 306 314 342; x_wconf 86' lang='lat' dir='ltr'><em>et</em></span> <span class='ocrx_word' id='word_1_18' title='bbox 342 300 458 353; x_wconf 76' lang='grc' dir='ltr'><strong><em>φαγί,</em></strong></span> <span class='ocrx_word' id='word_1_19' title='bbox 486 308 530 341; x_wconf 89' lang='lat' dir='ltr'><em>ut</em></span> <span class='ocrx_word' id='word_1_20' title='bbox 555 302 696 343; x_wconf 84' lang='lat' dir='ltr'><strong>scribit</strong></span> <span class='ocrx_word' id='word_1_21' title='bbox 722 302 955 354; x_wconf 83' lang='lat' dir='ltr'><em>Ducangius</em></span> <span class='ocrx_word' id='word_1_22' title='bbox 986 302 1028 341; x_wconf 91' lang='lat' dir='ltr'><em>in</em></span> <span class='ocrx_word' id='word_1_23' title='bbox 1057 300 1123 342; x_wconf 77' lang='lat' dir='ltr'><em>Gi.</em></span> <span class='ocrx_word' id='word_1_24' title='bbox 1152 301 1246 352; x_wconf 65' lang='lat' dir='ltr'><em>Gr„</em></span> <span class='ocrx_word' id='word_1_25' title='bbox 1276 300 1447 341; x_wconf 89' lang='lat' dir='ltr'><em>Graecis</em></span> <span class='ocrx_word' id='word_1_26' title='bbox 1474 311 1541 339; x_wconf 89' lang='lat' dir='ltr'><em>re-</em></span> 
     </span>
     <span class='ocr_line' id='line_1_4' title="bbox 94 350 1540 409; baseline -0.004 -9"><span class='ocrx_word' id='word_1_27' title='bbox 94 359 340 400; x_wconf 86' lang='lat' dir='ltr'><em>centioribus</em></span> <span class='ocrx_word' id='word_1_28' title='bbox 370 355 509 397; x_wconf 77' lang='lat' dir='ltr'><em>cibum</em></span> <span class='ocrx_word' id='word_1_29' title='bbox 550 369 620 397; x_wconf 90' lang='lat' dir='ltr'><em>seu</em></span> <span class='ocrx_word' id='word_1_30' title='bbox 671 356 855 398; x_wconf 67' lang='lat' dir='ltr'><em>edulium</em></span> <span class='ocrx_word' id='word_1_31' title='bbox 894 356 1122 409; x_wconf 79' lang='lat' dir='ltr'><em>significat3</em></span> <span class='ocrx_word' id='word_1_32' title='bbox 1162 360 1207 397; x_wconf 89' lang='lat' dir='ltr'><em>at</em></span> <span class='ocrx_word' id='word_1_33' title='bbox 1233 356 1299 396; x_wconf 89' lang='lat' dir='ltr'><em>hic</em></span> <span class='ocrx_word' id='word_1_34' title='bbox 1325 350 1436 406; x_wconf 75' lang='grc' dir='ltr'><em>φαγῆ</em></span> <span class='ocrx_word' id='word_1_35' title='bbox 1464 366 1540 406; x_wconf 93' lang='lat' dir='ltr'><em>pro</em></span> 
     </span>
     <span class='ocr_line' id='line_1_5' title="bbox 93 410 1536 468; baseline -0.006 -12"><span class='ocrx_word' id='word_1_36' title='bbox 93 416 181 468; x_wconf 91' lang='lat' dir='ltr'><em>ipso</em></span> <span class='ocrx_word' id='word_1_37' title='bbox 210 412 442 454; x_wconf 83' lang='lat' dir='ltr'><em>comedendi</em></span> <span class='ocrx_word' id='word_1_38' title='bbox 470 417 563 452; x_wconf 88' lang='lat' dir='ltr'><em>actu</em></span> <span class='ocrx_word' id='word_1_39' title='bbox 591 413 798 466; x_wconf 83' lang='lat' dir='ltr'>accipitur,</span> <span class='ocrx_word' id='word_1_40' title='bbox 825 415 868 451; x_wconf 88' lang='lat' dir='ltr'><em>ut</em></span> <span class='ocrx_word' id='word_1_41' title='bbox 895 423 947 451; x_wconf 83' lang='lat' dir='ltr'><em>ex</em></span> <span class='ocrx_word' id='word_1_42' title='bbox 975 411 1235 463; x_wconf 90' lang='lat' dir='ltr'><em>sequentibus</em></span> <span class='ocrx_word' id='word_1_43' title='bbox 1267 410 1443 463; x_wconf 87' lang='lat' dir='ltr'><em>intelligi</em></span> <span class='ocrx_word' id='word_1_44' title='bbox 1472 410 1536 449; x_wconf 85' lang='lat' dir='ltr'><em>fa-</em></span> 
     </span>
     <span class='ocr_line' id='line_1_6' title="bbox 92 465 1539 522; baseline -0.005 -11"><span class='ocrx_word' id='word_1_45' title='bbox 92 470 170 511; x_wconf 85' lang='lat' dir='ltr'><em>cile</em></span> <span class='ocrx_word' id='word_1_46' title='bbox 198 472 344 522; x_wconf 84' lang='lat' dir='ltr'><em>potest.</em></span> <span class='ocrx_word' id='word_1_47' title='bbox 404 467 667 520; x_wconf 86' lang='lat' dir='ltr'><em>corrigendus</em></span> <span class='ocrx_word' id='word_1_48' title='bbox 710 467 830 507; x_wconf 85' lang='lat' dir='ltr'><em>etiam</em></span> <span class='ocrx_word' id='word_1_49' title='bbox 862 471 921 506; x_wconf 91' lang='lat' dir='ltr'><em>est</em></span> <span class='ocrx_word' id='word_1_50' title='bbox 951 465 1158 506; x_wconf 79' lang='lat' dir='ltr'><em>cedrenus</em></span> <span class='ocrx_word' id='word_1_51' title='bbox 1186 479 1234 506; x_wconf 90' lang='lat' dir='ltr'><em>ac</em></span> <span class='ocrx_word' id='word_1_52' title='bbox 1261 466 1387 518; x_wconf 90' lang='lat' dir='ltr'><em>ipsius</em></span> <span class='ocrx_word' id='word_1_53' title='bbox 1414 465 1539 505; x_wconf 86' lang='lat' dir='ltr'><em>iuter-</em></span> 
     </span>
     <span class='ocr_line' id='line_1_7' title="bbox 93 521 1332 578; baseline -0.002 -14"><span class='ocrx_word' id='word_1_54' title='bbox 93 537 211 578; x_wconf 83' lang='lat' dir='ltr'><em>pres3</em></span> <span class='ocrx_word' id='word_1_55' title='bbox 240 523 309 576; x_wconf 85' lang='lat' dir='ltr'><em>qui</em></span> <span class='ocrx_word' id='word_1_56' title='bbox 334 521 473 562; x_wconf 83' lang='lat' dir='ltr'><em>eadem</em></span> <span class='ocrx_word' id='word_1_57' title='bbox 497 523 622 562; x_wconf 89' lang='lat' dir='ltr'><em>ferme</em></span> <span class='ocrx_word' id='word_1_58' title='bbox 646 522 770 563; x_wconf 89' lang='lat' dir='ltr'><em>habet</em></span> <span class='ocrx_word' id='word_1_59' title='bbox 801 521 853 562; x_wconf 84' lang='lat' dir='ltr'><em>ad</em></span> <span class='ocrx_word' id='word_1_60' title='bbox 882 534 1029 561; x_wconf 91' lang='lat' dir='ltr'><em>annum</em></span> <span class='ocrx_word' id='word_1_61' title='bbox 1059 525 1110 560; x_wconf 83' lang='grc'><em>21</em></span> <span class='ocrx_word' id='word_1_62' title='bbox 1141 521 1332 562; x_wconf 75' lang='lat' dir='ltr'><em>Heraclii.</em></span> 
     </span>
    </p>

    <p class='ocr_par' dir='ltr' id='par_1_2' title="bbox 90 571 1539 961">
     <span class='ocr_line' id='line_1_8' title="bbox 203 571 1536 629; baseline -0.006 -10"><span class='ocrx_word' id='word_1_63' title='bbox 203 583 273 629; x_wconf 80' lang='lat'><em>93,</em></span> <span class='ocrx_word' id='word_1_64' title='bbox 299 581 366 618; x_wconf 80' lang='lat'><em>20.</em></span> <span class='ocrx_word' id='word_1_65' title='bbox 421 573 712 628; x_wconf 76' lang='grc' dir='ltr'><strong><em>θεωρήσαντες</em></strong></span> <span class='ocrx_word' id='word_1_66' title='bbox 754 575 799 615; x_wconf 81' lang='grc' dir='ltr'><em>δὲ</em></span> <span class='ocrx_word' id='word_1_67' title='bbox 829 572 959 614; x_wconf 73' lang='grc' dir='ltr'><strong><em>αὐτὸν</em></strong></span> <span class='ocrx_word' id='word_1_68' title='bbox 990 573 1070 614; x_wconf 84' lang='grc' dir='ltr'><em>α’πό</em></span> <span class='ocrx_word' id='word_1_69' title='bbox 1103 574 1292 626; x_wconf 79' lang='grc' dir='ltr'><strong><em>καμήλου</em></strong></span> <span class='ocrx_word' id='word_1_70' title='bbox 1321 571 1536 627; x_wconf 76' lang='grc' dir='ltr'><strong><em>ἐσθίοντα]</em></strong></span> 
     </span>
     <span class='ocr_line' id='line_1_9' title="bbox 91 629 1539 684; baseline -0.005 -9"><span class='ocrx_word' id='word_1_71' title='bbox 91 634 151 675; x_wconf 87' lang='lat' dir='ltr'><em>ita</em></span> <span class='ocrx_word' id='word_1_72' title='bbox 190 633 314 674; x_wconf 85' lang='lat' dir='ltr'><em>habet</em></span> <span class='ocrx_word' id='word_1_73' title='bbox 356 635 396 672; x_wconf 81' lang='lat' dir='ltr'><em>et</em></span> <span class='ocrx_word' id='word_1_74' title='bbox 423 631 704 684; x_wconf 79' lang='lat' dir='ltr'><em>Theophanes,</em></span> <span class='ocrx_word' id='word_1_75' title='bbox 732 632 803 672; x_wconf 86' lang='lat' dir='ltr'><em>sed</em></span> <span class='ocrx_word' id='word_1_76' title='bbox 841 643 1053 683; x_wconf 83' lang='lat' dir='ltr'><em>perperam</em></span> <span class='ocrx_word' id='word_1_77' title='bbox 1091 631 1217 683; x_wconf 90' lang='lat' dir='ltr'><em>ipsius</em></span> <span class='ocrx_word' id='word_1_78' title='bbox 1250 631 1450 683; x_wconf 83' lang='lat' dir='ltr'><em>interpres</em></span> <span class='ocrx_word' id='word_1_79' title='bbox 1480 629 1539 669; x_wconf 89' lang='lat' dir='ltr'><em>sic</em></span> 
     </span>
     <span class='ocr_line' id='line_1_10' title="bbox 92 685 1537 739; baseline -0.003 -10"><span class='ocrx_word' id='word_1_80' title='bbox 92 690 171 729; x_wconf 77' lang='lat' dir='ltr'><em>ista</em></span> <span class='ocrx_word' id='word_1_81' title='bbox 214 688 357 728; x_wconf 89' lang='lat' dir='ltr'><em>vertit:</em></span> <span class='ocrx_word' id='word_1_82' title='bbox 395 685 551 727; x_wconf 76' lang='lat' dir='ltr'><em>cameli</em></span> <span class='ocrx_word' id='word_1_83' title='bbox 592 699 694 727; x_wconf 87' lang='lat' dir='ltr'><em>vero</em></span> <span class='ocrx_word' id='word_1_84' title='bbox 737 697 896 727; x_wconf 82' lang='lat' dir='ltr'><em>carnes</em></span> <span class='ocrx_word' id='word_1_85' title='bbox 918 698 985 727; x_wconf 40' lang='lat' dir='ltr'><em>seo</em></span> <span class='ocrx_word' id='word_1_86' title='bbox 1028 685 1258 739; x_wconf 75' lang='lat' dir='ltr'><em>deyustare</em></span> <span class='ocrx_word' id='word_1_87' title='bbox 1289 687 1537 738; x_wconf 82' lang='lat' dir='ltr'><em>conspecto,</em></span> 
     </span>
     <span class='ocr_line' id='line_1_11' title="bbox 94 740 1536 798; baseline -0.003 -15"><span class='ocrx_word' id='word_1_88' title='bbox 94 755 214 798; x_wconf 77' lang='lat' dir='ltr'><em>quem</em></span> <span class='ocrx_word' id='word_1_89' title='bbox 242 740 569 784; x_wconf 78' lang='lat' dir='ltr'><em>arbitrabantur</em></span> <span class='ocrx_word' id='word_1_90' title='bbox 597 753 690 783; x_wconf 80' lang='lat' dir='ltr'><em>eum</em></span> <span class='ocrx_word' id='word_1_91' title='bbox 730 754 813 783; x_wconf 85' lang='lat' dir='ltr'><em>non</em></span> <span class='ocrx_word' id='word_1_92' title='bbox 842 753 942 782; x_wconf 84' lang='lat' dir='ltr'><em>esse</em></span> <span class='ocrx_word' id='word_1_93' title='bbox 971 741 1267 782; x_wconf 80' lang='lat' dir='ltr'><em>decreverunt.</em></span> <span class='ocrx_word' id='word_1_94' title='bbox 1324 741 1381 780; x_wconf 91' lang='lat' dir='ltr'><em>sic</em></span> <span class='ocrx_word' id='word_1_95' title='bbox 1408 741 1536 780; x_wconf 86' lang='lat' dir='ltr'><em>inter-</em></span> 
     </span>
     <span class='ocr_line' id='line_1_12' title="bbox 90 795 1536 852; baseline -0.002 -14"><span class='ocrx_word' id='word_1_96' title='bbox 90 802 257 852; x_wconf 89' lang='lat' dir='ltr'><em>pretor:</em></span> <span class='ocrx_word' id='word_1_97' title='bbox 301 808 398 837; x_wconf 84' lang='lat' dir='ltr'><em>cum</em></span> <span class='ocrx_word' id='word_1_98' title='bbox 427 799 580 838; x_wconf 82' lang='lat' dir='ltr'><em>‘autem</em></span> <span class='ocrx_word' id='word_1_99' title='bbox 618 796 830 838; x_wconf 78' lang='lat' dir='ltr'><em>vidissent</em></span> <span class='ocrx_word' id='word_1_100' title='bbox 857 809 950 838; x_wconf 77' lang='lat' dir='ltr'><em>eum</em></span> <span class='ocrx_word' id='word_1_101' title='bbox 989 810 1014 837; x_wconf 86' lang='lat' dir='ltr'><em>e</em></span> <span class='ocrx_word' id='word_1_102' title='bbox 1043 795 1208 837; x_wconf 85' lang='lat' dir='ltr'><em>camelo</em></span> <span class='ocrx_word' id='word_1_103' title='bbox 1238 795 1536 847; x_wconf 81' lang='lat' dir='ltr'><em>comedentem,</em></span> 
     </span>
     <span class='ocr_line' id='line_1_13' title="bbox 93 851 1535 907; baseline -0.002 -14"><span class='ocrx_word' id='word_1_104' title='bbox 93 855 383 907; x_wconf 60' lang='lat' dir='ltr'><em>cognoverunt</em></span> <span class='ocrx_word' id='word_1_105' title='bbox 423 863 507 893; x_wconf 82' lang='lat' dir='ltr'><em>non</em></span> <span class='ocrx_word' id='word_1_106' title='bbox 546 863 646 893; x_wconf 82' lang='lat' dir='ltr'><em>esse</em></span> <span class='ocrx_word' id='word_1_107' title='bbox 687 865 781 893; x_wconf 82' lang='lat' dir='ltr'><em>eum</em></span> <span class='ocrx_word' id='word_1_108' title='bbox 825 864 946 906; x_wconf 83' lang='lat' dir='ltr'><em>quem</em></span> <span class='ocrx_word' id='word_1_109' title='bbox 983 855 1254 905; x_wconf 80' lang='lat' dir='ltr'><em>putaverant.</em></span> <span class='ocrx_word' id='word_1_110' title='bbox 1319 851 1379 892; x_wconf 88' lang='lat' dir='ltr'><em>ita</em></span> <span class='ocrx_word' id='word_1_111' title='bbox 1416 851 1535 891; x_wconf 88' lang='lat' dir='ltr'><em>etiam</em></span> 
     </span>
     <span class='ocr_line' id='line_1_14' title="bbox 90 907 1222 961; baseline -0.002 -13"><span class='ocrx_word' id='word_1_112' title='bbox 90 908 198 949; x_wconf 87' lang='lat' dir='ltr'><em>corri</em></span> <span class='ocrx_word' id='word_1_113' title='bbox 231 908 356 948; x_wconf 81' lang='lat' dir='ltr'><em>endus</em></span> <span class='ocrx_word' id='word_1_114' title='bbox 383 907 584 961; x_wconf 82' lang='lat' dir='ltr'><em>interpres</em></span> <span class='ocrx_word' id='word_1_115' title='bbox 613 907 797 956; x_wconf 85' lang='lat' dir='ltr'><em>Cedreni,</em></span> <span class='ocrx_word' id='word_1_116' title='bbox 826 908 891 961; x_wconf 90' lang='lat' dir='ltr'><em>qui</em></span> <span class='ocrx_word' id='word_1_117' title='bbox 921 908 1060 947; x_wconf 84' lang='lat' dir='ltr'><em>eadem</em></span> <span class='ocrx_word' id='word_1_118' title='bbox 1087 907 1222 948; x_wconf 88' lang='lat' dir='ltr'><em>habet.</em></span> 
     </span>
    </p>

    <p class='ocr_par' dir='ltr' id='par_1_3' title="bbox 82 921 1538 1442">
     <span class='ocr_line' id='line_1_15' title="bbox 196 921 1535 1009; baseline -0.002 -6"><span class='ocrx_word' id='word_1_119' title='bbox 196 921 306 1004; x_wconf 48' lang='lat' dir='ltr'><em>{bid-</em></span> <span class='ocrx_word' id='word_1_120' title='bbox 336 966 402 1003; x_wconf 84' lang='lat'><em>21.</em></span> <span class='ocrx_word' id='word_1_121' title='bbox 461 956 524 1000; x_wconf 72' lang='grc' dir='ltr'><em>ὅτι</em></span> <span class='ocrx_word' id='word_1_122' title='bbox 552 959 628 1000; x_wconf 71' lang='grc' dir='ltr'><em>οὐκ</em></span> <span class='ocrx_word' id='word_1_123' title='bbox 658 958 770 1001; x_wconf 82' lang='grc' dir='ltr'><strong><em>ἔστιν</em></strong></span> <span class='ocrx_word' id='word_1_124' title='bbox 800 957 846 1000; x_wconf 78' lang='grc' dir='ltr'><em>ὃν</em></span> <span class='ocrx_word' id='word_1_125' title='bbox 876 958 1087 1009; x_wconf 79' lang='grc' dir='ltr'><strong><em>ἐνόμισαν.</em></strong></span> <span class='ocrx_word' id='word_1_126' title='bbox 1142 959 1376 1009; x_wconf 60' lang='grc' dir='ltr'><em>ἑδιΰασκον]</em></span> <span class='ocrx_word' id='word_1_127' title='bbox 1434 960 1535 1000; x_wconf 82' lang='lat' dir='ltr'><em>haec</em></span> 
     </span>
     <span class='ocr_line' id='line_1_16' title="bbox 87 1015 1535 1070; baseline -0.003 -11"><span class='ocrx_word' id='word_1_128' title='bbox 87 1017 229 1059; x_wconf 88' lang='lat' dir='ltr'><em>mutila</em></span> <span class='ocrx_word' id='word_1_129' title='bbox 257 1017 445 1058; x_wconf 86' lang='lat' dir='ltr'><em>videntur</em></span> <span class='ocrx_word' id='word_1_130' title='bbox 473 1021 514 1057; x_wconf 91' lang='lat' dir='ltr'><em>et</em></span> <span class='ocrx_word' id='word_1_131' title='bbox 542 1029 589 1058; x_wconf 92' lang='lat' dir='ltr'><em>re</em></span> <span class='ocrx_word' id='word_1_132' title='bbox 618 1030 718 1058; x_wconf 91' lang='lat' dir='ltr'><em>vera</em></span> <span class='ocrx_word' id='word_1_133' title='bbox 746 1022 852 1065; x_wconf 89' lang='lat' dir='ltr'><em>sunt,</em></span> <span class='ocrx_word' id='word_1_134' title='bbox 884 1017 920 1057; x_wconf 86' lang='lat' dir='ltr'><em>si</em></span> <span class='ocrx_word' id='word_1_135' title='bbox 950 1016 1238 1070; x_wconf 85' lang='lat' dir='ltr'><em>Theophanem</em></span> <span class='ocrx_word' id='word_1_136' title='bbox 1266 1022 1434 1069; x_wconf 83' lang='lat' dir='ltr'><em>spectes,</em></span> <span class='ocrx_word' id='word_1_137' title='bbox 1468 1015 1535 1069; x_wconf 90' lang='lat' dir='ltr'><em>qui</em></span> 
     </span>
     <span class='ocr_line' id='line_1_17' title="bbox 84 1065 1538 1124; baseline -0.004 -11"><span class='ocrx_word' id='word_1_138' title='bbox 84 1072 316 1119; x_wconf 57' lang='lat' dir='ltr'><em>siohabet:</em></span> <span class='ocrx_word' id='word_1_139' title='bbox 361 1067 547 1124; x_wconf 77' lang='grc' dir='ltr'><em>ἔγνωσαν</em></span> <span class='ocrx_word' id='word_1_140' title='bbox 587 1067 654 1111; x_wconf 79' lang='grc' dir='ltr'><em>ὅτι</em></span> <span class='ocrx_word' id='word_1_141' title='bbox 694 1070 769 1109; x_wconf 84' lang='grc' dir='ltr'><strong>ου’κ</strong></span> <span class='ocrx_word' id='word_1_142' title='bbox 809 1068 920 1110; x_wconf 83' lang='grc' dir='ltr'><strong><em>ἔστιν</em></strong></span> <span class='ocrx_word' id='word_1_143' title='bbox 965 1067 1093 1117; x_wconf 73' lang='grc' dir='ltr'><strong><em>αϋτὸς</em></strong></span> <span class='ocrx_word' id='word_1_144' title='bbox 1126 1066 1173 1109; x_wconf 73' lang='grc' dir='ltr'><em>ὃν</em></span> <span class='ocrx_word' id='word_1_145' title='bbox 1200 1065 1419 1122; x_wconf 72' lang='grc' dir='ltr'><strong><em>ἐνόμισαν,</em></strong></span> <span class='ocrx_word' id='word_1_146' title='bbox 1466 1069 1538 1108; x_wconf 79' lang='grc' dir='ltr'><strong><em>καί</em></strong></span> 
     </span>
     <span class='ocr_line' id='line_1_18' title="bbox 86 1122 1534 1180; baseline -0.001 -16"><span class='ocrx_word' id='word_1_147' title='bbox 86 1123 269 1180; x_wconf 76' lang='grc' dir='ltr'><strong><em>ἠπόρουν</em></strong></span> <span class='ocrx_word' id='word_1_148' title='bbox 296 1124 343 1165; x_wconf 79' lang='grc' dir='ltr'><em>τί</em></span> <span class='ocrx_word' id='word_1_149' title='bbox 367 1126 534 1178; x_wconf 80' lang='grc' dir='ltr'><em>πρᾶξαι,</em></span> <span class='ocrx_word' id='word_1_150' title='bbox 563 1123 636 1165; x_wconf 84' lang='grc' dir='ltr'>καί</span> <span class='ocrx_word' id='word_1_151' title='bbox 654 1124 817 1178; x_wconf 80' lang='grc' dir='ltr'><em>οἷφῆσαι</em></span> <span class='ocrx_word' id='word_1_152' title='bbox 845 1125 975 1164; x_wconf 67' lang='grc' dir='ltr'><strong><em>αὐτοῦ</em></strong></span> <span class='ocrx_word' id='word_1_153' title='bbox 1000 1122 1076 1177; x_wconf 72' lang='grc' dir='ltr'><em>τήν</em></span> <span class='ocrx_word' id='word_1_154' title='bbox 1100 1125 1330 1178; x_wconf 73' lang='grc' dir='ltr'><strong><em>θρησκείαν</em></strong></span> <span class='ocrx_word' id='word_1_155' title='bbox 1349 1124 1534 1163; x_wconf 77' lang='grc' dir='ltr'><em>δειλιῶν-</em></span> 
     </span>
     <span class='ocr_line' id='line_1_19' title="bbox 84 1176 1536 1230; baseline -0.001 -11"><span class='ocrx_word' id='word_1_156' title='bbox 84 1194 154 1227; x_wconf 82' lang='grc' dir='ltr'><em>τες</em></span> <span class='ocrx_word' id='word_1_157' title='bbox 182 1176 221 1219; x_wconf 81' lang='grc' dir='ltr'><em>οἱ</em></span> <span class='ocrx_word' id='word_1_158' title='bbox 250 1179 424 1227; x_wconf 77' lang='grc' dir='ltr'><strong><em>τάλανες</em></strong></span> <span class='ocrx_word' id='word_1_159' title='bbox 469 1179 741 1220; x_wconf 74' lang='grc' dir='ltr'><strong><em>διδάσκονται</em></strong></span> <span class='ocrx_word' id='word_1_160' title='bbox 786 1178 914 1220; x_wconf 72' lang='grc' dir='ltr'><strong><em>αὐτὸν</em></strong></span> <span class='ocrx_word' id='word_1_161' title='bbox 941 1179 1122 1229; x_wconf 74' lang='grc' dir='ltr'><em>ἀθέμιτα</em></span> <span class='ocrx_word' id='word_1_162' title='bbox 1149 1181 1245 1218; x_wconf 77' lang='grc' dir='ltr'><strong><em>καθ’</em></strong></span> <span class='ocrx_word' id='word_1_163' title='bbox 1275 1177 1393 1230; x_wconf 72' lang='grc' dir='ltr'><em>ἡμῶν</em></span> <span class='ocrx_word' id='word_1_164' title='bbox 1421 1180 1536 1230; x_wconf 79' lang='grc' dir='ltr'><em>Χρι-</em></span> 
     </span>
     <span class='ocr_line' id='line_1_20' title="bbox 85 1229 1534 1290; baseline 0.001 -16"><span class='ocrx_word' id='word_1_165' title='bbox 85 1232 287 1287; x_wconf 73' lang='grc' dir='ltr'><em>στιανῶν,</em></span> <span class='ocrx_word' id='word_1_166' title='bbox 328 1233 399 1274; x_wconf 81' lang='grc' dir='ltr'><em>καί</em></span> <span class='ocrx_word' id='word_1_167' title='bbox 429 1233 572 1286; x_wconf 77' lang='grc' dir='ltr'><em>διῆγον</em></span> <span class='ocrx_word' id='word_1_168' title='bbox 614 1234 693 1274; x_wconf 79' lang='grc' dir='ltr'><em>σὺν</em></span> <span class='ocrx_word' id='word_1_169' title='bbox 731 1229 860 1290; x_wconf 68' lang='grc' dir='ltr'><strong><em>αὐτῷ.</em></strong></span> <span class='ocrx_word' id='word_1_170' title='bbox 929 1236 1074 1276; x_wconf 81' lang='lat' dir='ltr'><em>deinde</em></span> <span class='ocrx_word' id='word_1_171' title='bbox 1100 1236 1237 1289; x_wconf 87' lang='lat' dir='ltr'><em>pergit</em></span> <span class='ocrx_word' id='word_1_172' title='bbox 1263 1235 1534 1287; x_wconf 82' lang='lat' dir='ltr'><em>Theophanes</em></span> 
     </span>
     <span class='ocr_line' id='line_1_21' title="bbox 84 1290 1534 1344; baseline 0 -13"><span class='ocrx_word' id='word_1_173' title='bbox 84 1290 324 1332; x_wconf 83' lang='lat' dir='ltr'><em>Mahometis</em></span> <span class='ocrx_word' id='word_1_174' title='bbox 361 1291 646 1344; x_wconf 81' lang='lat' dir='ltr'><em>genealogiam</em></span> <span class='ocrx_word' id='word_1_175' title='bbox 683 1295 846 1341; x_wconf 81' lang='lat' dir='ltr'><em>texere3</em></span> <span class='ocrx_word' id='word_1_176' title='bbox 893 1303 945 1332; x_wconf 84' lang='lat' dir='ltr'><em>ex</em></span> <span class='ocrx_word' id='word_1_177' title='bbox 975 1303 1054 1344; x_wconf 88' lang='lat' dir='ltr'><em>qua</em></span> <span class='ocrx_word' id='word_1_178' title='bbox 1085 1291 1242 1343; x_wconf 81' lang='lat' dir='ltr'><em>quidem</em></span> <span class='ocrx_word' id='word_1_179' title='bbox 1274 1291 1534 1342; x_wconf 87' lang='lat' dir='ltr'><em>Theophanis</em></span> 
     </span>
     <span class='ocr_line' id='line_1_22' title="bbox 86 1343 1533 1400; baseline 0.001 -15"><span class='ocrx_word' id='word_1_180' title='bbox 86 1346 323 1387; x_wconf 83' lang='lat' dir='ltr'><em>narratione</em></span> <span class='ocrx_word' id='word_1_181' title='bbox 362 1345 737 1400; x_wconf 86' lang='lat' dir='ltr'><em>Porphyrogenitus</em></span> <span class='ocrx_word' id='word_1_182' title='bbox 775 1351 896 1399; x_wconf 86' lang='lat' dir='ltr'><em>caput</em></span> <span class='ocrx_word' id='word_1_183' title='bbox 923 1348 978 1386; x_wconf 83' lang='lat'><em>14</em></span> <span class='ocrx_word' id='word_1_184' title='bbox 1016 1345 1069 1386; x_wconf 86' lang='lat' dir='ltr'><em>de</em></span> <span class='ocrx_word' id='word_1_185' title='bbox 1096 1345 1351 1399; x_wconf 75' lang='lat' dir='ltr'><em>yenealoyia</em></span> <span class='ocrx_word' id='word_1_186' title='bbox 1379 1343 1533 1387; x_wconf 79' lang='lat' dir='ltr'><em>Maho-</em></span> 
     </span>
     <span class='ocr_line' id='line_1_23' title="bbox 82 1401 463 1442; baseline 0.003 -1"><span class='ocrx_word' id='word_1_187' title='bbox 82 1403 210 1442; x_wconf 78' lang='lat' dir='ltr'><em>metis</em></span> <span class='ocrx_word' id='word_1_188' title='bbox 234 1401 463 1442; x_wconf 78' lang='lat' dir='ltr'><em>adornavit.</em></span> 
     </span>
    </p>

    <p class='ocr_par' dir='ltr' id='par_1_4' title="bbox 82 1451 1530 1673">
     <span class='ocr_line' id='line_1_24' title="bbox 190 1451 1529 1508; baseline -0.001 -12"><span class='ocrx_word' id='word_1_189' title='bbox 190 1457 258 1506; x_wconf 85' lang='grc'><em>94,</em></span> <span class='ocrx_word' id='word_1_190' title='bbox 286 1456 327 1497; x_wconf 87' lang='grc'><em>5.</em></span> <span class='ocrx_word' id='word_1_191' title='bbox 383 1451 606 1508; x_wconf 73' lang='grc' dir='ltr'><strong><em>ἐκράτησεν</em></strong></span> <span class='ocrx_word' id='word_1_192' title='bbox 633 1455 679 1495; x_wconf 83' lang='grc' dir='ltr'><em>δὲ</em></span> <span class='ocrx_word' id='word_1_193' title='bbox 713 1452 735 1506; x_wconf 79' lang='grc' dir='ltr'><strong><em>ἧ</em></strong></span> <span class='ocrx_word' id='word_1_194' title='bbox 766 1452 925 1506; x_wconf 76' lang='grc' dir='ltr'><em>αἵρεσις</em></span> <span class='ocrx_word' id='word_1_195' title='bbox 954 1452 1113 1504; x_wconf 74' lang='grc' dir='ltr'><strong><em>αὐτοῦ]</em></strong></span> <span class='ocrx_word' id='word_1_196' title='bbox 1143 1455 1236 1495; x_wconf 87' lang='lat' dir='ltr'><em>hinc</em></span> <span class='ocrx_word' id='word_1_197' title='bbox 1263 1455 1529 1508; x_wconf 87' lang='lat' dir='ltr'><em>corrigendus</em></span> 
     </span>
     <span class='ocr_line' id='line_1_25' title="bbox 84 1507 1529 1564; baseline -0.001 -14"><span class='ocrx_word' id='word_1_198' title='bbox 84 1513 146 1550; x_wconf 84' lang='lat' dir='ltr'><em>est</em></span> <span class='ocrx_word' id='word_1_199' title='bbox 173 1510 441 1563; x_wconf 84' lang='lat' dir='ltr'><em>Theophanes</em></span> <span class='ocrx_word' id='word_1_200' title='bbox 474 1511 624 1562; x_wconf 84' lang='lat' dir='ltr'><em>editus,</em></span> <span class='ocrx_word' id='word_1_201' title='bbox 665 1510 732 1564; x_wconf 90' lang='lat' dir='ltr'><em>qui</em></span> <span class='ocrx_word' id='word_1_202' title='bbox 759 1523 972 1564; x_wconf 87' lang='lat' dir='ltr'><em>perperam</em></span> <span class='ocrx_word' id='word_1_203' title='bbox 999 1510 1122 1550; x_wconf 84' lang='lat' dir='ltr'><em>habet</em></span> <span class='ocrx_word' id='word_1_204' title='bbox 1150 1510 1221 1548; x_wconf 78' lang='grc' dir='ltr'><em>καί</em></span> <span class='ocrx_word' id='word_1_205' title='bbox 1248 1508 1474 1562; x_wconf 79' lang='grc' dir='ltr'><strong><em>ἐκράτησεν</em></strong></span> <span class='ocrx_word' id='word_1_206' title='bbox 1500 1507 1529 1562; x_wconf 81' lang='grc' dir='ltr'><em>ἦ</em></span> 
     </span>
     <span class='ocr_line' id='line_1_26' title="bbox 82 1561 1530 1617; baseline -0.001 -15"><span class='ocrx_word' id='word_1_207' title='bbox 82 1563 241 1616; x_wconf 80' lang='grc' dir='ltr'><em>αἵρεσις</em></span> <span class='ocrx_word' id='word_1_208' title='bbox 266 1562 402 1603; x_wconf 71' lang='grc' dir='ltr'><strong><em>αὐτοῦ</em></strong></span> <span class='ocrx_word' id='word_1_209' title='bbox 427 1561 479 1602; x_wconf 77' lang='grc' dir='ltr'><em>τὰ</em></span> <span class='ocrx_word' id='word_1_210' title='bbox 513 1565 620 1617; x_wconf 76' lang='grc' dir='ltr'><em>μέρη</em></span> <span class='ocrx_word' id='word_1_211' title='bbox 649 1566 722 1616; x_wconf 78' lang='grc' dir='ltr'><em>τῆς</em></span> <span class='ocrx_word' id='word_1_212' title='bbox 760 1562 977 1615; x_wconf 63' lang='grc' dir='ltr'><em>Αἰθριβου</em></span> <span class='ocrx_word' id='word_1_213' title='bbox 1007 1561 1075 1602; x_wconf 73' lang='grc' dir='ltr'><em>διά</em></span> <span class='ocrx_word' id='word_1_214' title='bbox 1108 1563 1292 1613; x_wconf 82' lang='grc' dir='ltr'><strong><em>πολέμου</em></strong></span> <span class='ocrx_word' id='word_1_215' title='bbox 1322 1561 1367 1602; x_wconf 85' lang='grc' dir='ltr'><em>τὸ</em></span> <span class='ocrx_word' id='word_1_216' title='bbox 1398 1561 1530 1616; x_wconf 79' lang='grc' dir='ltr'><strong><em>ἔσχα-</em></strong></span> 
     </span>
     <span class='ocr_line' id='line_1_27' title="bbox 83 1615 1319 1673; baseline 0.001 -16"><span class='ocrx_word' id='word_1_217' title='bbox 83 1631 175 1660; x_wconf 68' lang='grc' dir='ltr'><em>τονε</em></span> <span class='ocrx_word' id='word_1_218' title='bbox 206 1619 417 1660; x_wconf 80' lang='lat' dir='ltr'><em>delendum</em></span> <span class='ocrx_word' id='word_1_219' title='bbox 447 1621 592 1673; x_wconf 85' lang='lat' dir='ltr'><em>quippe</em></span> <span class='ocrx_word' id='word_1_220' title='bbox 619 1621 720 1661; x_wconf 85' lang='lat' dir='ltr'><em>illud</em></span> <span class='ocrx_word' id='word_1_221' title='bbox 744 1617 814 1658; x_wconf 77' lang='grc' dir='ltr'><em>διὰ</em></span> <span class='ocrx_word' id='word_1_222' title='bbox 844 1620 1026 1668; x_wconf 81' lang='grc' dir='ltr'><em>πολέμου</em></span> <span class='ocrx_word' id='word_1_223' title='bbox 1057 1616 1099 1658; x_wconf 85' lang='grc' dir='ltr'><em>τὸ</em></span> <span class='ocrx_word' id='word_1_224' title='bbox 1129 1615 1319 1668; x_wconf 79' lang='grc' dir='ltr'><strong><em>ἔσχατον.</em></strong></span> 
     </span>
    </p>

    <p class='ocr_par' dir='ltr' id='par_1_5' title="bbox 80 1669 1531 1837">
     <span class='ocr_line' id='line_1_28' title="bbox 190 1669 1531 1725; baseline 0.001 -10"><span class='ocrx_word' id='word_1_225' title='bbox 190 1672 300 1716; x_wconf 77' lang='lat' dir='ltr'><em>Ibid.</em></span> <span class='ocrx_word' id='word_1_226' title='bbox 315 1678 354 1715; x_wconf 74' lang='lat'><em>⁷.</em></span> <span class='ocrx_word' id='word_1_227' title='bbox 412 1670 576 1722; x_wconf 75' lang='grc' dir='ltr'><em>ἐδίδαξε</em></span> <span class='ocrx_word' id='word_1_228' title='bbox 605 1674 650 1714; x_wconf 77' lang='grc' dir='ltr'><em>δὲ</em></span> <span class='ocrx_word' id='word_1_229' title='bbox 675 1670 772 1720; x_wconf 78' lang='grc' dir='ltr'><em>τούς</em></span> <span class='ocrx_word' id='word_1_230' title='bbox 799 1669 955 1712; x_wconf 71' lang='grc' dir='ltr'><strong><em>ἑαυτοῦ</em></strong></span> <span class='ocrx_word' id='word_1_231' title='bbox 979 1670 1203 1725; x_wconf 76' lang='grc' dir='ltr'><strong><em>ὑπηκόους]</em></strong></span> <span class='ocrx_word' id='word_1_232' title='bbox 1231 1675 1377 1715; x_wconf 84' lang='lat' dir='ltr'><em>similia</em></span> <span class='ocrx_word' id='word_1_233' title='bbox 1407 1675 1531 1716; x_wconf 83' lang='lat' dir='ltr'><em>habet</em></span> 
     </span>
     <span class='ocr_line' id='line_1_29' title="bbox 82 1729 1530 1782; baseline 0.002 -14"><span class='ocrx_word' id='word_1_234' title='bbox 82 1732 123 1768; x_wconf 88' lang='lat' dir='ltr'><em>et</em></span> <span class='ocrx_word' id='word_1_235' title='bbox 150 1729 442 1782; x_wconf 83' lang='lat' dir='ltr'><em>Theophanes3</em></span> <span class='ocrx_word' id='word_1_236' title='bbox 472 1733 517 1769; x_wconf 89' lang='lat' dir='ltr'><em>at</em></span> <span class='ocrx_word' id='word_1_237' title='bbox 548 1730 754 1770; x_wconf 82' lang='lat' dir='ltr'><em>Cedrenus</em></span> <span class='ocrx_word' id='word_1_238' title='bbox 790 1729 975 1782; x_wconf 87' lang='lat' dir='ltr'><em>pluribus</em></span> <span class='ocrx_word' id='word_1_239' title='bbox 1013 1741 1206 1770; x_wconf 88' lang='lat' dir='ltr'><em>vesanam</em></span> <span class='ocrx_word' id='word_1_240' title='bbox 1245 1730 1355 1782; x_wconf 90' lang='lat' dir='ltr'><em>impii</em></span> <span class='ocrx_word' id='word_1_241' title='bbox 1386 1730 1530 1771; x_wconf 88' lang='lat' dir='ltr'><em>Maho-</em></span> 
     </span>
     <span class='ocr_line' id='line_1_30' title="bbox 80 1783 658 1837; baseline 0.002 -13"><span class='ocrx_word' id='word_1_242' title='bbox 80 1784 196 1824; x_wconf 86' lang='lat' dir='ltr'><em>metis</em></span> <span class='ocrx_word' id='word_1_243' title='bbox 224 1783 447 1824; x_wconf 82' lang='lat' dir='ltr'><em>doctrinam</em></span> <span class='ocrx_word' id='word_1_244' title='bbox 480 1786 658 1837; x_wconf 85' lang='lat' dir='ltr'><em>exponit.</em></span> 
     </span>
    </p>

    <p class='ocr_par' dir='ltr' id='par_1_6' title="bbox 78 1836 1529 2221">
     <span class='ocr_line' id='line_1_31' title="bbox 190 1836 1529 1891; baseline 0.001 -12"><span class='ocrx_word' id='word_1_245' title='bbox 190 1836 300 1880; x_wconf 81' lang='lat' dir='ltr'><em>Ibid-</em></span> <span class='ocrx_word' id='word_1_246' title='bbox 331 1842 396 1879; x_wconf 87' lang='lat'><em>18.</em></span> <span class='ocrx_word' id='word_1_247' title='bbox 429 1838 722 1880; x_wconf 85' lang='lat' dir='ltr'><em>Abubacharus</em></span> <span class='ocrx_word' id='word_1_248' title='bbox 752 1839 1018 1891; x_wconf 85' lang='lat' dir='ltr'><em>principatum</em></span> <span class='ocrx_word' id='word_1_249' title='bbox 1048 1838 1227 1879; x_wconf 89' lang='lat' dir='ltr'><em>Arabum</em></span> <span class='ocrx_word' id='word_1_250' title='bbox 1255 1840 1383 1879; x_wconf 90' lang='lat' dir='ltr'><em>tenuit</em></span> <span class='ocrx_word' id='word_1_251' title='bbox 1411 1841 1529 1881; x_wconf 90' lang='lat' dir='ltr'><em>annis</em></span> 
     </span>
     <span class='ocr_line' id='line_1_32' title="bbox 85 1892 1528 1944; baseline 0.003 -12"><span class='ocrx_word' id='word_1_252' title='bbox 85 1892 240 1933; x_wconf 85' lang='lat' dir='ltr'><em>duobus</em></span> <span class='ocrx_word' id='word_1_253' title='bbox 270 1897 311 1933; x_wconf 87' lang='lat' dir='ltr'><em>et</em></span> <span class='ocrx_word' id='word_1_254' title='bbox 340 1894 518 1943; x_wconf 83' lang='lat' dir='ltr'><em>dimidio,</em></span> <span class='ocrx_word' id='word_1_255' title='bbox 545 1898 590 1934; x_wconf 88' lang='lat' dir='ltr'><em>ut</em></span> <span class='ocrx_word' id='word_1_256' title='bbox 617 1895 785 1934; x_wconf 86' lang='lat' dir='ltr'><em>tradunt</em></span> <span class='ocrx_word' id='word_1_257' title='bbox 813 1893 1082 1944; x_wconf 86' lang='lat' dir='ltr'><em>Theophanes</em></span> <span class='ocrx_word' id='word_1_258' title='bbox 1114 1894 1321 1934; x_wconf 87' lang='lat' dir='ltr'><em>Cedrenus</em></span> <span class='ocrx_word' id='word_1_259' title='bbox 1352 1895 1528 1936; x_wconf 82' lang='lat' dir='ltr'><em>Anasta-</em></span> 
     </span>
     <span class='ocr_line' id='line_1_33' title="bbox 79 1948 1529 2002; baseline 0.001 -14"><span class='ocrx_word' id='word_1_260' title='bbox 79 1948 164 1988; x_wconf 85' lang='lat' dir='ltr'><em>sius</em></span> <span class='ocrx_word' id='word_1_261' title='bbox 191 1948 352 2001; x_wconf 85' lang='lat' dir='ltr'><em>aliique.</em></span> <span class='ocrx_word' id='word_1_262' title='bbox 408 1961 621 2001; x_wconf 82' lang='lat' dir='ltr'><em>perperam</em></span> <span class='ocrx_word' id='word_1_263' title='bbox 647 1950 688 1989; x_wconf 92' lang='lat' dir='ltr'><em>in</em></span> <span class='ocrx_word' id='word_1_264' title='bbox 708 1950 816 1989; x_wconf 87' lang='lat' dir='ltr'><em>notis</em></span> <span class='ocrx_word' id='word_1_265' title='bbox 845 1948 986 1988; x_wconf 88' lang='lat' dir='ltr'><em>scribit</em></span> <span class='ocrx_word' id='word_1_266' title='bbox 1011 1949 1211 1990; x_wconf 87' lang='lat' dir='ltr'><em>Meursius</em></span> <span class='ocrx_word' id='word_1_267' title='bbox 1241 1950 1529 2002; x_wconf 87' lang='lat' dir='ltr'><em>Theophanem</em></span> 
     </span>
     <span class='ocr_line' id='line_1_34' title="bbox 80 2002 1528 2056; baseline 0.002 -14"><span class='ocrx_word' id='word_1_268' title='bbox 80 2002 350 2043; x_wconf 85' lang='lat' dir='ltr'><em>Abubacharo</em></span> <span class='ocrx_word' id='word_1_269' title='bbox 377 2003 578 2044; x_wconf 88' lang='lat' dir='ltr'><em>biennium</em></span> <span class='ocrx_word' id='word_1_270' title='bbox 596 2009 750 2044; x_wconf 88' lang='lat' dir='ltr'><em>tantum</em></span> <span class='ocrx_word' id='word_1_271' title='bbox 773 2004 1012 2056; x_wconf 84' lang='lat' dir='ltr'><em>assignare;</em></span> <span class='ocrx_word' id='word_1_272' title='bbox 1043 2004 1189 2056; x_wconf 87' lang='lat' dir='ltr'><em>quippe</em></span> <span class='ocrx_word' id='word_1_273' title='bbox 1215 2004 1379 2045; x_wconf 87' lang='lat' dir='ltr'><em>tabulae</em></span> <span class='ocrx_word' id='word_1_274' title='bbox 1394 2006 1528 2046; x_wconf 87' lang='lat' dir='ltr'><em>Theo-</em></span> 
     </span>
     <span class='ocr_line' id='line_1_35' title="bbox 79 2057 1528 2110; baseline 0.003 -13"><span class='ocrx_word' id='word_1_275' title='bbox 79 2057 228 2110; x_wconf 86' lang='lat' dir='ltr'><em>phanis</em></span> <span class='ocrx_word' id='word_1_276' title='bbox 256 2058 384 2098; x_wconf 80' lang='lat' dir='ltr'><em>eidem</em></span> <span class='ocrx_word' id='word_1_277' title='bbox 411 2071 541 2099; x_wconf 91' lang='lat' dir='ltr'><em>annos</em></span> <span class='ocrx_word' id='word_1_278' title='bbox 568 2064 653 2099; x_wconf 89' lang='lat' dir='ltr'><em>tres</em></span> <span class='ocrx_word' id='word_1_279' title='bbox 676 2059 924 2107; x_wconf 88' lang='lat' dir='ltr'><em>adscribunt,</em></span> <span class='ocrx_word' id='word_1_280' title='bbox 955 2062 995 2097; x_wconf 89' lang='lat' dir='ltr'><em>et</em></span> <span class='ocrx_word' id='word_1_281' title='bbox 1024 2059 1077 2098; x_wconf 83' lang='lat' dir='ltr'><em>ad</em></span> <span class='ocrx_word' id='word_1_282' title='bbox 1111 2071 1260 2098; x_wconf 88' lang='lat' dir='ltr'><em>annum</em></span> <span class='ocrx_word' id='word_1_283' title='bbox 1280 2063 1334 2100; x_wconf 74' lang='lat'><em>24</em></span> <span class='ocrx_word' id='word_1_284' title='bbox 1351 2061 1528 2102; x_wconf 86' lang='lat' dir='ltr'><em>Heraclii</em></span> 
     </span>
     <span class='ocr_line' id='line_1_36' title="bbox 78 2112 1527 2168; baseline 0.003 -16"><span class='ocrx_word' id='word_1_285' title='bbox 78 2112 220 2153; x_wconf 87' lang='lat' dir='ltr'><em>scribit</em></span> <span class='ocrx_word' id='word_1_286' title='bbox 250 2113 356 2154; x_wconf 80' lang='lat' dir='ltr'><em>idem</em></span> <span class='ocrx_word' id='word_1_287' title='bbox 384 2114 654 2166; x_wconf 85' lang='lat' dir='ltr'><em>Theophanes</em></span> <span class='ocrx_word' id='word_1_288' title='bbox 675 2113 984 2154; x_wconf 86' lang='lat' dir='ltr'><em>Abubacharuui</em></span> <span class='ocrx_word' id='word_1_289' title='bbox 1016 2113 1235 2154; x_wconf 85' lang='lat' dir='ltr'><em>extinctum</em></span> <span class='ocrx_word' id='word_1_290' title='bbox 1262 2116 1388 2156; x_wconf 89' lang='lat' dir='ltr'><em>fuisse</em></span> <span class='ocrx_word' id='word_1_291' title='bbox 1416 2121 1527 2168; x_wconf 86' lang='lat' dir='ltr'><em>post-</em></span> 
     </span>
     <span class='ocr_line' id='line_1_37' title="bbox 82 2167 1045 2221; baseline 0.001 -14"><span class='ocrx_word' id='word_1_292' title='bbox 82 2178 201 2220; x_wconf 83' lang='lat' dir='ltr'><em>quam</em></span> <span class='ocrx_word' id='word_1_293' title='bbox 230 2170 450 2221; x_wconf 83' lang='lat' dir='ltr'><em>regnasset</em></span> <span class='ocrx_word' id='word_1_294' title='bbox 478 2169 594 2209; x_wconf 91' lang='lat' dir='ltr'><em>annis</em></span> <span class='ocrx_word' id='word_1_295' title='bbox 617 2170 772 2210; x_wconf 87' lang='lat' dir='ltr'><em>duobus</em></span> <span class='ocrx_word' id='word_1_296' title='bbox 800 2173 840 2207; x_wconf 88' lang='lat' dir='ltr'><em>et</em></span> <span class='ocrx_word' id='word_1_297' title='bbox 869 2167 1045 2208; x_wconf 86' lang='lat' dir='ltr'><em>dimidio.</em></span> 
     </span>
    </p>

    <p class='ocr_par' dir='ltr' id='par_1_7' title="bbox 77 2219 1527 2429">
     <span class='ocr_line' id='line_1_38' title="bbox 187 2219 1525 2274; baseline 0.003 -12"><span class='ocrx_word' id='word_1_298' title='bbox 187 2219 296 2263; x_wconf 73' lang='lat' dir='ltr'><em>Ibid.</em></span> <span class='ocrx_word' id='word_1_299' title='bbox 351 2223 555 2273; x_wconf 82' lang='grc' dir='ltr'><strong><em>λαμβάνει</em></strong></span> <span class='ocrx_word' id='word_1_300' title='bbox 602 2220 678 2274; x_wconf 76' lang='grc' dir='ltr'><em>τήν</em></span> <span class='ocrx_word' id='word_1_301' title='bbox 715 2221 835 2262; x_wconf 84' lang='grc' dir='ltr'><strong><em>πόλιν</em></strong></span> <span class='ocrx_word' id='word_1_302' title='bbox 872 2219 1040 2270; x_wconf 79' lang='grc' dir='ltr'><strong><em>Γάζαν]</em></strong></span> <span class='ocrx_word' id='word_1_303' title='bbox 1101 2236 1209 2264; x_wconf 86' lang='lat' dir='ltr'><em>anno</em></span> <span class='ocrx_word' id='word_1_304' title='bbox 1247 2225 1421 2266; x_wconf 85' lang='lat' dir='ltr'><em>secundo</em></span> <span class='ocrx_word' id='word_1_305' title='bbox 1462 2227 1525 2266; x_wconf 88' lang='lat' dir='ltr'><em>sui</em></span> 
     </span>
     <span class='ocr_line' id='line_1_39' title="bbox 77 2275 1525 2333; baseline 0.003 -17"><span class='ocrx_word' id='word_1_306' title='bbox 77 2275 352 2328; x_wconf 85' lang='lat' dir='ltr'><em>principatus,</em></span> <span class='ocrx_word' id='word_1_307' title='bbox 381 2281 436 2317; x_wconf 80' lang='lat'><em>23</em></span> <span class='ocrx_word' id='word_1_308' title='bbox 463 2278 679 2329; x_wconf 83' lang='lat' dir='ltr'><em>Heraclii,·</em></span> <span class='ocrx_word' id='word_1_309' title='bbox 703 2279 813 2319; x_wconf 90' lang='lat' dir='ltr'><em>misit</em></span> <span class='ocrx_word' id='word_1_310' title='bbox 840 2277 1134 2318; x_wconf 89' lang='lat' dir='ltr'><em>Abubacharus</em></span> <span class='ocrx_word' id='word_1_311' title='bbox 1170 2279 1291 2320; x_wconf 86' lang='lat' dir='ltr'><em>duces</em></span> <span class='ocrx_word' id='word_1_312' title='bbox 1322 2285 1525 2333; x_wconf 87' lang='lat' dir='ltr'><em>quattuor,</em></span> 
     </span>
     <span class='ocr_line' id='line_1_40' title="bbox 79 2331 1527 2388; baseline 0.005 -18"><span class='ocrx_word' id='word_1_313' title='bbox 79 2332 148 2383; x_wconf 86' lang='lat' dir='ltr'><em>qui</em></span> <span class='ocrx_word' id='word_1_314' title='bbox 187 2331 337 2371; x_wconf 76' lang='lat' dir='ltr'><em>ueram</em></span> <span class='ocrx_word' id='word_1_315' title='bbox 376 2336 417 2372; x_wconf 87' lang='lat' dir='ltr'><em>et</em></span> <span class='ocrx_word' id='word_1_316' title='bbox 450 2334 681 2374; x_wconf 86' lang='lat' dir='ltr'><em>universam</em></span> <span class='ocrx_word' id='word_1_317' title='bbox 710 2335 853 2376; x_wconf 81' lang='lat' dir='ltr'><em>Gazae</em></span> <span class='ocrx_word' id='word_1_318' title='bbox 893 2332 1101 2386; x_wconf 86' lang='lat' dir='ltr'><em>regionem</em></span> <span class='ocrx_word' id='word_1_319' title='bbox 1131 2346 1287 2388; x_wconf 89' lang='lat' dir='ltr'><em>cepere,</em></span> <span class='ocrx_word' id='word_1_320' title='bbox 1315 2339 1359 2376; x_wconf 85' lang='lat' dir='ltr'><em>ut</em></span> <span class='ocrx_word' id='word_1_321' title='bbox 1385 2336 1527 2377; x_wconf 88' lang='lat' dir='ltr'><em>scribit</em></span> 
     </span>
     <span class='ocr_line' id='line_1_41' title="bbox 80 2386 653 2429; baseline 0.002 -3"><span class='ocrx_word' id='word_1_322' title='bbox 80 2386 194 2426; x_wconf 90' lang='lat' dir='ltr'><em>Theo</em></span> <span class='ocrx_word' id='word_1_323' title='bbox 224 2386 352 2426; x_wconf 88' lang='lat' dir='ltr'><em>hanes</em></span> <span class='ocrx_word' id='word_1_324' title='bbox 384 2387 524 2429; x_wconf 81' lang='lat' dir='ltr'><em>eodem</em></span> <span class='ocrx_word' id='word_1_325' title='bbox 549 2389 653 2428; x_wconf 89' lang='lat' dir='ltr'><em>loco.</em></span> 
     </span>
    </p>

    <p class='ocr_par' dir='ltr' id='par_1_8' title="bbox 79 2437 1524 2548">
     <span class='ocr_line' id='line_1_42' title="bbox 211 2437 1524 2497; baseline 0.005 -16"><span class='ocrx_word' id='word_1_326' title='bbox 211 2439 294 2482; x_wconf 77' lang='lat' dir='ltr'><em>bid.</em></span> <span class='ocrx_word' id='word_1_327' title='bbox 324 2444 391 2482; x_wconf 82' lang='lat'><em>21.</em></span> <span class='ocrx_word' id='word_1_328' title='bbox 446 2437 520 2494; x_wconf 84' lang='grc' dir='ltr'><em>ἔτη</em></span> <span class='ocrx_word' id='word_1_329' title='bbox 548 2437 730 2497; x_wconf 77' lang='grc' dir='ltr'><em>δώδεκα]</em></span> <span class='ocrx_word' id='word_1_330' title='bbox 768 2443 936 2484; x_wconf 83' lang='lat' dir='ltr'><em>totidem</em></span> <span class='ocrx_word' id='word_1_331' title='bbox 965 2443 1113 2484; x_wconf 89' lang='lat' dir='ltr'><em>Umaro</em></span> <span class='ocrx_word' id='word_1_332' title='bbox 1152 2456 1282 2485; x_wconf 85' lang='lat' dir='ltr'><em>annos</em></span> <span class='ocrx_word' id='word_1_333' title='bbox 1329 2446 1524 2487; x_wconf 81' lang='lat' dir='ltr'><em>adscribit</em></span> 
     </span>
     <span class='ocr_line' id='line_1_43' title="bbox 79 2495 362 2548; baseline 0.004 -12"><span class='ocrx_word' id='word_1_334' title='bbox 79 2495 362 2548; x_wconf 81' lang='lat' dir='ltr'><em>Theophanes.</em></span> 
     </span>
    </p>

    <p class='ocr_par' dir='ltr' id='par_1_9' title="bbox 75 2546 1524 2658">
     <span class='ocr_line' id='line_1_44' title="bbox 185 2546 1524 2607; baseline 0.007 -21"><span class='ocrx_word' id='word_1_335' title='bbox 185 2552 254 2601; x_wconf 81' lang='lat'><em>95,</em></span> <span class='ocrx_word' id='word_1_336' title='bbox 282 2555 322 2591; x_wconf 84' lang='lat'><em>6.</em></span> <span class='ocrx_word' id='word_1_337' title='bbox 379 2547 500 2600; x_wconf 75' lang='grc' dir='ltr'><strong><em>λόγον</em></strong></span> <span class='ocrx_word' id='word_1_338' title='bbox 541 2546 664 2601; x_wconf 78' lang='grc' dir='ltr'><strong><em>ἔλαβε</em></strong></span> <span class='ocrx_word' id='word_1_339' title='bbox 703 2551 800 2604; x_wconf 81' lang='grc' dir='ltr'><strong><em>παρ’</em></strong></span> <span class='ocrx_word' id='word_1_340' title='bbox 831 2550 983 2601; x_wconf 75' lang='grc' dir='ltr'><strong><em>αὑτοῦ]</em></strong></span> <span class='ocrx_word' id='word_1_341' title='bbox 1014 2566 1053 2594; x_wconf 85' lang='lat' dir='ltr'><em>v.</em></span> <span class='ocrx_word' id='word_1_342' title='bbox 1085 2553 1372 2607; x_wconf 86' lang='lat' dir='ltr'><em>Theophanem</em></span> <span class='ocrx_word' id='word_1_343' title='bbox 1402 2568 1439 2596; x_wconf 90' lang='lat' dir='ltr'><em>a.</em></span> <span class='ocrx_word' id='word_1_344' title='bbox 1468 2559 1524 2595; x_wconf 83' lang='lat'><em>26</em></span> 
     </span>
     <span class='ocr_line' id='line_1_45' title="bbox 75 2605 775 2658; baseline 0 -11"><span class='ocrx_word' id='word_1_345' title='bbox 75 2605 268 2656; x_wconf 80' lang='lat' dir='ltr'><em>Heraclii,</em></span> <span class='ocrx_word' id='word_1_346' title='bbox 300 2605 436 2646; x_wconf 87' lang='lat' dir='ltr'><em>Umari</em></span> <span class='ocrx_word' id='word_1_347' title='bbox 466 2606 717 2658; x_wconf 85' lang='lat' dir='ltr'><em>principatus</em></span> <span class='ocrx_word' id='word_1_348' title='bbox 737 2611 775 2647; x_wconf 80' lang='lat'><em>2.</em></span> 
     </span>
    </p>

    <p class='ocr_par' dir='ltr' id='par_1_10' title="bbox 183 2657 1522 2718">
     <span class='ocr_line' id='line_1_46' title="bbox 183 2657 1522 2718; baseline 0.004 -17"><span class='ocrx_word' id='word_1_349' title='bbox 183 2658 293 2702; x_wconf 77' lang='lat' dir='ltr'><em>lbid.</em></span> <span class='ocrx_word' id='word_1_350' title='bbox 325 2665 391 2700; x_wconf 92' lang='grc'><em>11.</em></span> <span class='ocrx_word' id='word_1_351' title='bbox 449 2657 518 2699; x_wconf 80' lang='grc' dir='ltr'><em>τὸν</em></span> <span class='ocrx_word' id='word_1_352' title='bbox 544 2658 642 2699; x_wconf 80' lang='grc' dir='ltr'><strong><em>ναὸν</em></strong></span> <span class='ocrx_word' id='word_1_353' title='bbox 673 2658 860 2714; x_wconf 65' lang='grc' dir='ltr'><em>ἐζήτησε]</em></span> <span class='ocrx_word' id='word_1_354' title='bbox 907 2676 944 2704; x_wconf 86' lang='lat' dir='ltr'><em>a.</em></span> <span class='ocrx_word' id='word_1_355' title='bbox 974 2667 1028 2704; x_wconf 92' lang='lat'><em>10</em></span> <span class='ocrx_word' id='word_1_356' title='bbox 1058 2664 1119 2704; x_wconf 91' lang='lat' dir='ltr'><em>sui</em></span> <span class='ocrx_word' id='word_1_357' title='bbox 1148 2664 1396 2718; x_wconf 85' lang='lat' dir='ltr'><em>principatus</em></span> <span class='ocrx_word' id='word_1_358' title='bbox 1424 2670 1522 2706; x_wconf 85' lang='lat' dir='ltr'><em>tem-</em></span> 
     </span>
    </p>
   </div>
  </div>
 </body>
</html>
