1780 3132
272 156 327 196 m
366 129 720 196 CONSTANTml
746 149 1066 192 PORPH.L1B.
1092 149 1162 189 DE
1186 144 1317 195 ΑΒΜ.
1346 146 1451 185 inp.
1498 140 1591 184 377

156 266 423 311 Constantino
449 266 798 320 Porphyrogenito
828 278 879 307 ex
915 266 1045 306 fratre
1080 262 1219 317 nepoti
1256 265 1429 302 tutorem
1459 258 1595 321 dedit;

155 325 273 364 ‘cuius
302 323 459 376 quidem
486 322 664 363 meminit
705 322 788 362 Leo
815 319 1103 374 grammaticus
1139 319 1181 359 in
1210 317 1459 364 Alexandro,
1487 318 1528 354 et
1555 326 1597 352 in

155 378 422 419 Constantino
453 391 491 431 p.
504 381 584 418 497
606 383 648 418 ct
662 379 757 418 505.
788 380 1003 429 praeterea
1028 374 1144 415 huius
1169 372 1332 414 loannis
1359 370 1598 412 mentionem

157 433 310 474 faciunt
352 433 585 483 Anonymus
614 431 927 473 Combefisianus
958 430 1001 470 in
1028 429 1264 470 Alexandro
1289 441 1327 468 n.
1361 431 1400 476 2,
1428 425 1468 466 ἰιι
1496 426 1596 464 Por-

156 488 428 542 phyrogcnito
458 501 497 529 n.
517 492 557 537 3,
585 488 628 529 in
657 489 870 541 Lacapeno
898 499 937 527 n.
950 489 1017 537 28,
1047 484 1251 535 Scylitzes
1279 496 1319 537 p.
1337 486 1418 523 607
1448 486 1488 521 et
1503 483 1598 530 623,

157 547 200 584 ct
226 543 414 584 Zonaras
438 556 477 596 p.
499 546 592 585 148.

266 622 362 670 245,
391 623 459 660 21.
523 617 862 670 χειροβολίστραι
903 622 1035 659 autem
1073 621 1166 658 sunt
1191 616 1399 658 machinae
1427 613 1598 655 bellicae

156 688 230 716 seu
255 674 461 717 ballistae
488 675 653 726 species.
720 674 893 715 Glossae
934 673 1008 715 Gr.
1037 674 1127 714 Lat.
1170 669 1495 724 χειροβαλίστρα
1527 665 1599 720 fa·

158 730 318 774 larica-
374 730 468 771 vide
498 729 743 771 Salmasium
769 729 819 769 de
847 728 995 770 Militia
1019 742 1057 782 p.
1087 730 1185 768 224.

266 809 360 858 249,
390 809 454 848 11.
511 804 753 857 α’θροίλους]
781 805 965 847 mendum
998 809 1073 846 est.
1104 804 1264 845 Menas.

194 868 197 871 Ι
264 884 360 932 250,
391 885 456 924 14.
514 875 714 935 Κώνστα]
759 877 1044 927 Κώνσταντος.
1122 880 1382 921 Constantem
1410 890 1507 918 vero
1537 877 1602 918 hic

158 938 341 990 appellat
369 938 545 991 scriptor
580 942 721 978 noster
750 937 1027 978 Constantium
1056 935 1272 984 Chlorum,
1302 940 1347 976 ut
1375 946 1489 975 nemo
1519 945 1602 973 non

162 993 298 1043 videt3
335 997 376 1033 et
407 993 467 1034 ita
493 993 615 1034 etiam
639 993 844 1034 aZonara
870 997 1061 1042 vocatur,
1090 997 1131 1032 ct
1157 991 1199 1031 in
1227 990 1407 1031 Menaeis
1421 993 1472 1029 21
1488 988 1602 1030 Maii.

266 1060 362 1111 251,
399 1062 440 1100 ’7.
505 1054 671 1110 θειότης
710 1059 850 1099 titulus
896 1070 974 1112 quo
1017 1057 1281 1110 imperatores
1310 1055 1603 1108 compellantur

150 1113 280 1155 'etiam
308 1114 350 1154 in
380 1113 536 1164 synodo
566 1113 889 1154 Chalcedonensi
924 1117 1029 1166 part.
1058 1117 1082 1153 1
1123 1112 1251 1165 Epist.
1281 1116 1349 1153 37.
1390 1112 1480 1152 Act.
1511 1115 1534 1151 1
1560 1123 1600 1163 p.

159 1171 253 1210 246.
310 1169 404 1210 vide
432 1169 658 1210 Filesacum
688 1169 738 1209 de
765 1168 1005 1209 Idololatria
1032 1168 1213 1221 politica.

268 1234 380 1277 Ihm.
399 1240 464 1277 11.
525 1231 815 1287 φιβλατούραν
848 1235 952 1275 dixit
971 1229 1371 1288 porphyrogenitus,
1402 1232 1508 1286 quod
1533 1244 1603 1283 φι-

154 1288 407 1387 ἱξῦἰιέιιῖιιίευζςιιον
434 1290 604 1343 Suidas‚
643 1291 710 1360 qui
738 1291 1030 1344 interpretatur
1069 1286 1337 1341 περιβόλαιον
1376 1284 1604 1340 Περσικόν.

271 1414 366 1463 252,
395 1416 460 1453 12.
518 1408 824 1463 Κρισκορόνου]
863 1412 927 1453 hic
968 1412 1155 1465 princeps
1184 1410 1460 1464 Bosporianus
1486 1408 1603 1449 initio

158 1466 440 1521 huiusgcapitis
458 1468 687 1521 appellatur
706 1480 731 1508 a
749 1468 945 1520 scriptore
963 1471 1102 1508 nostro
1126 1465 1323 1518 Κρίσκων
1346 1463 1459 1515 Ορου
1481 1466 1602 1512 παῖς;

160 1522 400 1619 ggggatputo
437 1523 502 1564 hic
543 1523 622 1563 duo
658 1523 732 1564 illa
777 1523 904 1564 verba
942 1523 984 1564 in
1026 1535 1145 1564 unum
1185 1522 1236 1563 ab
1275 1521 1436 1562 indocto
1469 1519 1602 1560 scriba

269 1646 364 1695 254,
390 1648 456 1685 21.
512 1640 615 1693 μίαν
645 1639 848 1698 κραυγήν]
880 1648 920 1684 et
949 1644 1070 1700 paulo
1100 1643 1211 1685 infra
1238 1643 1342 1684 idem
1371 1641 1603 1683 Constanti-

158 1710 236 1738 nus
263 1697 365 1748 μίαν
396 1696 551 1752 φωνήν,
580 1698 699 1740 Anna
726 1699 820 1740 item
849 1699 1053 1740 Comnena
1081 1700 1110 1740 l.
1139 1703 1167 1740 8
1196 1712 1235 1752 p.
1255 1703 1338 1740 292
1366 1697 1442 1750 μιᾷ
1471 1695 1601 1748 φωνῇ.

161 1765 211 1794 ea
240 1754 387 1807 quippe
416 1754 494 1794 fuit
532 1759 572 1794 et
594 1759 775 1795 veterum
800 1754 1057 1795 Tacticorum
1085 1753 1298 1805 sententia,
1335 1752 1485 1794 hostes
1514 1755 1603 1792 ter-

160 1811 255 1850 reri
283 1810 326 1850 si
351 1820 447 1850 cum
475 1809 657 1851 telorum
685 1811 807 1852 iactu
850 1809 1060 1851 clamoris
1089 1808 1247 1851 horror
1272 1809 1530 1857 accesserit,
1559 1810 1604 1846 ut

164 1869 227 1904 est
255 1864 362 1918 apud
391 1864 602 1917 Vegetium
630 1869 657 1906 :3
685 1868 752 1906 18.
817 1864 957 1918 hisque
995 1878 1173 1905 consona
1210 1864 1337 1905 tradit
1378 1868 1417 1903 et
1447 1863 1530 1902 Leo
1560 1861 1603 1902 in

160 1919 278 1960 Tact.
307 1923 362 1959 20
390 1918 414 1973 §
443 1922 536 1960 114.
593 1923 683 1962 erat
709 1923 842 1960 autem
878 1921 1030 1960 clamor
1059 1920 1135 1960 iste
1170 1920 1382 1972 permistus
1411 1918 1603 1959 exhorta-

161 1973 284 2026 tione,
312 1974 639 2027 quemadmodum
669 1975 727 2016 ait
744 1975 966 2015 Sallustius
994 1975 1044 2014 de
1070 1975 1177 2016 bello
1205 1974 1468 2028 Iugurthin03
1498 1972 1604 2012 unde
1635 1999 1639 2003 ·

161 2025 504 2079 παρακελευσμός
534 2029 683 2071 dicitur
702 2030 967 2071 Constantino
985 2030 1214 2072 Manassae.
1271 2029 1470 2070 interdum
1498 2024 1604 2066 (ἰλα-

160 2079 320 2134 λαγμὸς
346 2088 387 2124 et
412 2080 570 2136 λαλαγὴ
610 2078 778 2136 ἆρεϊκή;
823 2079 1012 2131 ἐνυάλιος
1048 2084 1221 2131 κέλαδος
1259 2085 1476 2139 Heliodoro
1505 2084 1533 2124 1.
1563 2086 1602 2123 1.

159 2137 361 2179 harditum
391 2140 594 2180 vocabant
622 2140 735 2181 Galli
763 2139 930 2193 antiqui,
957 2145 1001 2180 ut
1028 2140 1169 2181 scribit
1195 2141 1374 2181 Tacitus.
1443 2151 1495 2180 ex
1523 2150 1602 2192 quo

159 2197 293 2234 autem
318 2193 360 2234 in
390 2195 528 2236 orbem
538 2195 772 2236 Christiana
792 2195 939 2248 religio
967 2195 1130 2236 invecta
1157 2197 1245 2248 fuit,
1274 2196 1480 2236 desierunt
1507 2206 1604 2234 con-

158 2248 276 2288 fusae
304 2248 403 2290 illae
446 2256 487 2290 et
514 2250 693 2291 incertae
722 2263 748 2291 a
786 2250 977 2291 militibus
1016 2251 1070 2292 ad
1107 2251 1276 2292 fiduciae
1306 2250 1505 2304 specimen
1534 2249 1604 2289 vel

158 2306 295 2343 notam
319 2305 496 2356 proferri
539 2307 686 2346 solitae
721 2318 863 2357 voces,
895 2306 1097 2359 subiitque
1123 2307 1165 2347 in
1195 2319 1336 2347 earum
1364 2306 1494 2346 locum
1522 2317 1602 2344 uuo

159 2357 332 2398 omnium
359 2371 430 2399 ore
457 2360 499 2400 in
530 2362 683 2402 caelum
711 2361 832 2401 missa
861 2360 986 2400 divini
1015 2362 1155 2402 auxilii
1183 2361 1428 2415 deprecatio.
1484 2359 1603 2399 huius

158 2416 293 2452 autem
320 2414 445 2454 moris
473 2419 676 2455 auctorem
706 2414 836 2455 innuit
850 2415 1158 2457 Constantinum
1186 2429 1377 2469 magnum
1405 2415 1603 2455 Eusebius

155 2464 208 2505 de
245 2467 341 2507 Vita
382 2467 556 2509 eiusdem
585 2469 842 2510 Constantini
880 2473 907 2510 4
934 2474 987 2511 19
1025 2475 1065 2511 et
1095 2476 1148 2511 20
1189 2477 1230 2512 et
1267 2473 1311 2513 in
1338 2472 1523 2512 oratione
1552 2470 1603 2509 de

156 2521 333 2584 eiusdem
355 2523 530 2575 Augusti
554 2525 755 2576 laudibus,
786 2538 903 2578 quem
933 2526 1074 2566 scribit
1100 2527 1185 2567 suis
1215 2527 1471 2580 praecepisse
1498 2524 1603 2565 mili-

153 2576 262 2616 tibus
303 2581 347 2617 ut
390 2579 432 2618 in
475 2592 635 2632 pugnae
675 2580 886 2632 procinctu
931 2579 1056 2622 hacce
1094 2583 1276 2623 oratione
1311 2584 1427 2623 deum
1455 2581 1531 2621 sibi
1559 2580 1603 2620 in

152 2632 318 2682 praeliis
361 2635 576 2686 propitium
617 2635 901 2677 conciliarent:
943 2634 991 2675 σὲ
1019 2632 1144 2687 μόνον
1184 2634 1356 2688 οἴδαμεν
1400 2634 1522 2686 θεόν,
1554 2633 1602 2672 σὲ

149 2686 326 2736 βασιλέα
352 2687 617 2743 γνωριζομεν,
646 2689 693 2731 σὲ
719 2688 877 2743 βοηθὸν
908 2688 1250 2745 ἄνακαλούμεθα,
1278 2688 1392 2746 παρὰ
1423 2690 1502 2732 σοῦ
1527 2685 1603 2735 τοὶς
