1780 3132
129 737 223 772 1²11

253 147 316 191 28
518 149 884 192 CONSTANTINI
915 150 1411 196 PORPHYROGENITI

252 258 514 311 καλουμένου,
550 260 650 302 ἀλλὰ
677 260 744 301 διὰ
773 259 816 301 τὸ
837 261 1119 304 ἐπακολουθεῖν
1137 270 1218 313 τοῖς
1238 262 1495 318 στρατιώταις
1519 267 1583 306 καὶ
1602 265 1674 316 τὰς

250 326 404 381 τροφὰς
443 327 572 368 αὐτῶν
609 327 868 381 ἐπιφέρεσθαι
906 328 1212 384 (βουκελλάριος
1239 331 1314 384 γὰρ
1344 331 1444 373 κατὰ
1467 329 1672 384 (Ρωμαίων

251 392 452 434 διάλεκτον
473 392 492 434 ὃ
516 393 646 448 φύλαξ
663 397 734 434 τοῦ
754 393 876 448 ἄρτου
893 394 1100 448 καλεῖται),
1136 397 1234 438 ὥστε
1253 396 1347 438 εἶναι
1363 398 1456 446 τοὺς
1474 399 1670 454 στρατιώ-

248 477 320 508 τας
344 459 542 515 ἐλαφροὺς
569 461 634 500 καὶ
665 459 827 515 ἇβαρεῖς
854 461 952 516 πρὸς
977 461 1044 502 τὸν
1071 461 1262 517 πόλεμον·
1295 462 1508 516 βούκελλος
1526 465 1602 520 γὰρ
1623 465 1668 507 τὸ

249 528 501 581 κρικελοειδές
525 527 685 579 ψωμίον
711 531 906 578 καλεῖται,
939 527 1143 583 κελλοὶριος
1170 531 1212 571 δὲ
1237 529 1257 571 ὃ
1288 530 1419 586 φύλαξ
1446 536 1517 573 τοῦ
1533 531 1700 587 &prov-5

248 594 293 635 τὸ
312 594 386 648 γὰρ
405 596 545 635 οἰκεῖον
562 593 686 646 ὄνομα
706 599 775 635 τοῦ
793 594 935 644 ἔθνους
954 597 1019 636 καὶ
1035 587 1261 650 Ἑλληνικὸν
1278 600 1560 654 ,Μαριανδυνοὶ
1581 599 1671 640 ὃνο-

247 659 457 712 μάζονται,
493 659 768 714 ἔπεκλήθησαν
794 662 836 702 δὲ
870 661 1056 704 Γαλάται.
1125 663 1206 705 ἔστι
1225 665 1267 705 δὲ
1284 664 1385 721 ἀρχὴ
1402 669 1475 706 τοῦ
1494 665 1671 718 θέματος

250 727 326 768 ἀπὸ
353 729 424 779 μὲν
456 732 527 781 τῆς
552 726 812 779 κωμοπόλεως
833 731 1055 782 ΖΙῖΙοδρηνῆς
1075 729 1304 784 ἀρχόμενον,
1338 731 1460 786 ἤγουν
1478 736 1549 784 τῆς
1567 740 1672 784 συμ-

248 794 485 848 πληρώσεως
507 800 578 836 τοῦ
604 793 866 848 Ὀπτιμάτου,
901 795 1114 848 ἀναβαῖνον
1146 798 1190 838 δὲ
1215 798 1314 854 πρὸς
1336 799 1407 852 τὴν
1429 797 1671 854 μητρόπολιν

245 860 474 917 Ἀγκύραν,
516 863 582 903 καὶ
614 869 862 916 παρεκτεΐνον
891 863 1005 918 μέχρι
1037 867 1115 904 τῶν
1142 862 1259 920 ὁρίων
1287 867 1576 914 Καππαδοκίας
1605 867 1669 907 καὶ
1682 874 1724 908 10

251 930 373 970 αὐτοῦ
392 934 462 970 τοῦ
481 930 674 984 φρουρίου
697 933 769 970 τοῦ
785 930 1026 982 καλουμένου
1045 931 1218 972 Σανίανα
1227 962 1240 981 ,
1286 933 1327 973 ἓν
1347 931 1407 982 οἷς
1428 933 1671 987 παρεκτείνε-

249 1013 314 1037 ται
346 996 389 1037 τὸ
418 999 498 1037 τῶν
524 997 717 1036 Γαλατῶν
745 995 874 1044 ἔθνος.
950 996 987 1037 οἳ
1023 996 1066 1037 δὲ
1099 995 1279 1039 Γαλάται
1305 997 1465 1040 ἄποικοί
1492 1001 1566 1040 εἰσι
1593 1003 1672 1040 τῶν

253 1061 448 1117 Ψράγγων
458 1094 470 1113 ,
514 1063 659 1116 ἐγένετο
680 1063 721 1103 ὁὲ
740 1060 764 1114 ἡ
785 1062 934 1104 τούτων
954 1063 1113 1103 ἀποικία
1133 1065 1174 1104 ἔν
1190 1071 1276 1113 ταῖς
1294 1063 1460 1121 ἡμέραις
1481 1068 1520 1107 ἐν
1541 1064 1605 1115 αἷς
1623 1060 1672 1119 ἦν

240 1128 447 1178 ’Λτταλος
466 1127 486 1170 ὁ
503 1129 768 1184 Περγαμηνὸς
784 1131 848 1170 καὶ
868 1129 1102 1183 Νικομήδης
1119 1128 1139 1171 ὃ
1158 1135 1228 1172 τοῦ
1247 1133 1456 1173 Ζειποίτου
1474 1131 1572 1179 υἱός.
1621 1132 1672 1174 τὰ

249 1197 291 1237 δὲ
321 1196 420 1252 πρὸς
453 1194 668 1237 θάλασσαν
696 1198 761 1237 καὶ
791 1196 859 1237 τὸν
882 1201 1035 1251 βορρᾶν
1065 1195 1299 1238 πλατύνεται
1326 1196 1427 1252 πρὸς
1457 1196 1577 1238 αὐτὸν
1603 1197 1671 1238 τὸν
1683 1206 1745 1240 15·

245 1261 402 1304 Πόντον
419 1265 484 1303 καὶ
502 1262 573 1315 τὴν
593 1262 837 1315 καλουμένην
852 1260 965 1302 πόλιν
974 1260 1227 1316 ιΗροὲκλειαν,
1248 1264 1312 1303 καὶ
1328 1263 1443 1318 μέχρι
1463 1268 1534 1305 τοῦ
1551 1265 1672 1319 Παρ-

246 1331 381 1371 θενίου
411 1333 611 1382 ποταμοῦ,
653 1330 719 1370 καὶ
743 1329 866 1382 αὐτὴν
887 1328 959 1381 τὴν
985 1331 1095 1370 Τίον.
1162 1328 1525 1384 συμπεριλαμβάνει
1545 1330 1587 1371 δὲ
1606 1332 1673 1371 καὶ

246 1397 370 1450 αὐτὴν
386 1394 706 1438 Κλαυὸιούπολιν
727 1393 909 1452 Κρατιάν
925 1413 966 1437 τε
987 1398 1052 1436 καὶ
1073 1394 1168 1437 αὐτὸ
1189 1396 1234 1437 τὸ
1254 1397 1486 1448 Βασίλαιον,
1512 1398 1578 1438 καὶ
1601 1396 1674 1446 ἕως

245 1468 323 1506 τῶν
352 1463 469 1519 ὁρίων
500 1464 788 1519 Παφλαγονίας
828 1465 893 1504 καὶ
922 1463 1037 1518 μέχρι
1068 1460 1209 1512 Ἅλυος
1239 1468 1434 1516 ποταμοῦ.
1501 1465 1566 1505 καὶ
1596 1457 1672 1505 ὧδε

244 1531 317 1584 μὲν
335 1530 544 1584 καταλήγει
567 1529 586 1571 ὃ
609 1527 920 1586 Βουκελλάριος,
966 1531 1038 1571 εἰσὶ
1068 1530 1110 1570 δὲ
1141 1528 1272 1578 πόλεις
1303 1531 1344 1571 αἶ
1369 1534 1670 1587 συμπληροῦσαι
1680 1543 1726 1578 20

244 1598 288 1640 τὸ
314 1599 424 1651 θέμα
445 1602 523 1639 τῶν
548 1599 849 1653 Βουκελλαρίων
874 1601 1086 1646 τοσαῦται,
1114 1595 1251 1651 πρώτη
1272 1597 1343 1649 μὲν
1369 1595 1559 1653 Ἀγκύρα,
1592 1615 1673 1651 μη-

243 1663 430 1721 τρόπολις
455 1663 479 1718 ἡ
509 1669 587 1706 τῶν
608 1666 647 1704 Γ
644 1668 814 1715 αλατῶν,
861 1664 1024 1719 δευτέρα
1049 1664 1091 1704 δὲ
1110 1662 1452 1715 Κλαυδιούπολις,
1486 1666 1552 1705 καὶ
1572 1662 1671 1718 αὕτη

334 1792 358 1846 2,
379 1788 448 1846 γᾴρ
473 1802 523 1824 om
548 1790 577 1823 C
677 1791 698 1825 5
721 1790 881 1823 καλεῖται
902 1789 1047 1834 ψωμίον
1069 1790 1098 1823 C
1196 1791 1218 1824 7
1240 1787 1293 1834 δὲ]
1316 1785 1355 1823 δὲ
1377 1787 1439 1823 καὶ
1465 1789 1495 1823 C
1585 1786 1625 1823 δὲ
1645 1786 1673 1831 η’

334 1848 423 1879 αρχη
451 1836 480 1869 C
610 1835 631 1869 8
653 1835 826 1889 μοδρίνης
849 1835 878 1868 C
991 1835 1034 1869 14
1059 1831 1228 1877 Ζηπότου
1250 1835 1280 1867 G
1306 1839 1341 1867 et
1361 1838 1453 1869 teste
1475 1833 1620 1869 Μαι-8110
1642 1836 1671 1868 Α

333 1883 375 1916 15
398 1881 514 1926 βοραν
535 1880 564 1914 C
699 1881 742 1914 17
764 1890 832 1923 την
857 1891 909 1913 om
934 1878 965 1912 V
1099 1881 1144 1914 20
1166 1878 1206 1912 αἱ
1227 1891 1280 1913 om
1302 1879 1332 1913 C

243 1993 357 2027 seclae
380 1997 495 2026 essent
516 1997 551 2026 et
574 1994 792 2024 commeatum
816 1990 866 2023 eis
884 1990 1051 2024 veherent
1081 1988 1328 2034 (buccellarius
1351 1988 1438 2022 enim
1461 1987 1587 2022 Latina
1609 1988 1674 2022 lin-

244 2050 310 2082 gua
334 2045 478 2071 vocatur
501 2036 530 2069 is
558 2036 617 2079 qui
639 2036 691 2069 rei
713 2036 875 2079 panariae
895 2035 1081 2069 custodiam
1105 2035 1224 2078 gerit),
1256 2040 1294 2068 ut
1318 2033 1442 2068 milites
1466 2033 1617 2078 expediti
1642 2038 1677 2068 et

246 2085 288 2116 ab
313 2082 403 2116 omni
426 2093 529 2115 onere
551 2081 651 2114 liberi
673 2081 718 2114 ad
739 2080 860 2114 bellum
884 2085 1011 2114 essent.
1060 2079 1228 2114 buccellus
1250 2079 1379 2123 quippe
1400 2083 1542 2112 vocatur
1563 2078 1674 2122 panis,

242 2128 439 2161 circularem
466 2127 606 2169 figuram
631 2137 713 2170 prae
737 2138 774 2160 se
796 2126 930 2166 ferens3
960 2124 1115 2158 cellarius
1137 2136 1219 2157 vero
1242 2129 1356 2157 custos
1380 2124 1490 2168 panis.
1534 2122 1676 2168 proprio

244 2178 356 2206 autem
380 2178 415 2206 et
434 2171 650 2205 Graecanico
673 2171 807 2205 nomine
829 2171 946 2216 populi
967 2170 1018 2204 illi
1037 2169 1256 2212 Mariandyni
1278 2174 1525 2213 nuncupantur,
1547 2179 1675 2212 cogno-

245 2217 364 2251 minati
397 2217 498 2250 etiam
534 2215 690 2249 Galatae.
738 2222 792 2250 est
823 2221 934 2249 autem
962 2215 1094 2248 initium
1128 2214 1227 2247 huius
1257 2213 1416 2246 thematis
1445 2225 1466 2246 a
1495 2212 1675 2256 Comopoli

241 2264 429 2297 Modrenae
451 2262 525 2295 sive
547 2273 566 2294 a
583 2261 826 2304 complemento
843 2261 1063 2305 Optimatum,
1086 2263 1189 2303 atque
1211 2259 1260 2291 ita
1281 2259 1467 2291 ascendens
1486 2258 1528 2291 ad
1547 2254 1680 2291 metro-v

240 2309 342 2353 polim
366 2309 546 2350 Ancyram,
572 2312 607 2338 et
631 2307 838 2349 protendens
861 2317 900 2339 se
921 2317 1028 2349 usque
1051 2305 1092 2338 ad
1114 2303 1261 2337 confinia
1283 2303 1540 2347 Cappadociae,·
1559 2308 1595 2336 et
1617 2313 1675 2336 us-

241 2366 309 2397 que
341 2353 383 2386 ad
416 2351 701 2396 propugnaculum
726 2351 876 2384 saniana
898 2351 1043 2393 dictum,
1072 2350 1107 2382 in
1139 2360 1226 2394 quae
1259 2348 1454 2381 extenditur
1480 2347 1675 2381 Galatarum

242 2399 348 2432 natio.
397 2402 476 2430 sunt
497 2408 580 2429 vero
605 2396 751 2428 Galatae
774 2395 886 2429 coloni
909 2397 1132 2430 Francorum.
1178 2393 1324 2427 deducta
1357 2404 1460 2436 porro
1493 2393 1560 2426 fuit
1590 2392 1676 2425 haec

241 2443 374 2477 colonia
407 2442 618 2485 temporibus
647 2440 751 2473 Attali
782 2441 983 2484 Pergameni
1014 2445 1048 2473 et
1079 2438 1274 2472 Nicomedis
1296 2437 1435 2481 Zipoeti
1465 2437 1540 2472 filii.
1585 2447 1673 2480 quae

242 2500 326 2521 vero
350 2488 393 2521 ad
417 2498 508 2520 mare
533 2491 568 2518 et
589 2485 792 2527 aquilonem,
817 2486 858 2518 ad
882 2485 1026 2519 Pontum
1046 2484 1154 2529 ipsum
1180 2494 1286 2526 usque
1309 2483 1547 2520 extenduntur,
1572 2486 1607 2514 et
1629 2480 1673 2514 ad

242 2535 359 2567 urbem
391 2544 478 2575 quae
502 2530 667 2564 Heraclea
696 2530 839 2573 dicitur,
877 2536 913 2564 et
942 2541 1050 2573 usque
1077 2530 1120 2562 ad
1151 2528 1370 2562 Parthenium
1400 2527 1539 2560 fluvium
1570 2530 1674 2568 atque

242 2579 349 2623 ipsam
373 2577 490 2610 Tium.
533 2575 790 2620 comprehendit
820 2586 902 2608 vero
935 2575 1036 2608 etiam
1064 2573 1170 2617 ipsam
1195 2571 1440 2616 Claudiopolim
1465 2576 1499 2605 et
1521 2570 1672 2603 Gratiam

243 2629 348 2666 atque
378 2621 487 2665 ipsum
511 2620 722 2663 Basilaeum,
757 2620 799 2653 ad
834 2619 978 2653 confinia
1002 2618 1253 2664 Paphlagoniae
1286 2628 1395 2661 usque
1429 2622 1464 2650 et
1492 2626 1599 2658 usque
1629 2614 1673 2647 ad

242 2669 360 2710 Halyn
394 2666 548 2700 fluvium.
593 2671 696 2708 atque
728 2664 783 2697 hic
814 2665 946 2708 quidem
983 2670 1036 2698 est
1067 2663 1228 2697 terminus
1255 2661 1549 2706 Buccellariorum.
1595 2665 1675 2692 sunt

243 2724 327 2746 vero
352 2712 455 2745 urbes
477 2722 567 2754 quae
599 2711 712 2743 thema
733 2709 1016 2742 Buccellariorum
1051 2709 1260 2742 constituunt
1287 2708 1372 2749 hae,
1406 2706 1514 2749 prima
1537 2704 1673 2747 Ancyra

244 2756 441 2802 metropolis
462 2756 672 2800 Galatarum,
697 2754 803 2789 altera
825 2754 1070 2800 Claudiopolis,
1097 2760 1133 2795 et
1154 2753 1229 2797 ipsa
1251 2750 1448 2796 metropolis
1471 2749 1672 2792 Mariandy-
