1780 3132
337 155 431 204 422
565 194 568 197 .
860 166 1204 206 WESSEmNGn

335 273 523 366 kzmgeuisg
538 271 921 366 sinulilggfinthiaco
957 275 1168 326 adponunt.
1223 275 1313 315 vide
1340 275 1409 317 ch.
1438 275 1652 317 cellarium
1679 276 1727 318 G.

372 357 381 366 ·
552 339 587 376 Ρ·

437 393 538 434 392,
564 393 602 427 9.
661 383 885 437 Ῥιιπόριον
924 387 1165 440 Κρομμών]
1207 389 1444 440 Κρομμυιὸν
1477 397 1724 445 oportuerat,

334 442 566 482 maritimum
595 442 634 480 in
652 443 832 482 Corinthi
859 449 899 483 et
918 445 1134 496 Megaridis
1161 445 1302 485 finibus
1331 446 1523 497 oppidum.
1579 447 1729 487 seriore

334 500 465 535 aetate
506 500 765 536 mercatorum
813 498 1037 560 frequentia
1079 498 1234 539 celebre
1271 499 1392 539 fuisse
1433 503 1473 539 et
1517 505 1730 552 propterea

334 548 497 599 emporii
526 561 665 588 nomen
692 549 893 602 indeptum
919 551 1088 591 videtur.

439 610 545 653 Ibid.
598 609 765 662 Αἴγινα]
792 616 998 666 superbum
1034 615 1118 654 eius
1157 617 1216 654 est
1243 614 1284 654 in
1314 614 1398 655 vita
1424 614 1467 656 S.
1496 616 1730 657 Theodorae

333 665 698 706 Thessalonicensis
726 668 897 732 elogium
923 681 956 709 c.
975 673 997 708 1
1026 667 1150 730 quinti
1167 668 1317 720 Aprilis
1344 681 1479 721 magni
1494 670 1729 710 Sanctorum

334 719 486 783 operis:
518 715 602 757 ἔστι
629 717 767 758 τοίνυν
797 717 899 772 αὕτη
912 722 1060 785 νῆσος,
1088 721 1215 785 inquit
1240 721 1347 761 vitae
1372 722 1455 762 eius
1479 728 1628 784 auctor,
1654 723 1731 761 τῶν

332 773 376 810 ἑν
407 768 575 809 ‘Endon
608 770 854 823 κεφάλαιον,
893 772 948 819 ὥς
984 774 1115 812 εἵιεκα
1142 773 1217 822 μὲν
1242 774 1440 824 μεγέθους
1466 790 1530 814 και
1559 771 1730 822 κάλλους

329 839 396 863 και
425 825 578 870 θέσεως
614 824 740 873 μείζω
771 823 960 875 καθάπαξ
996 827 1074 865 τῶν
1111 825 1335 892 προσοίκων
1361 827 1626 893 ἀναφανῆναι,
1657 843 1726 868 και

330 874 436 916 οὕτω
470 878 660 941 μεγίστῳ
683 878 978 929 παραλλάττειν
1020 880 1074 933 τῷ
1117 879 1228 946 μέσῳ
1255 893 1310 925 ως
1344 879 1414 919 καί
1437 882 1568 920 δοκεῖν
1593 880 1728 929 πάσας

329 928 402 975 τὰς
431 928 593 980 νήσους,
627 945 761 997 ωσπερ
789 931 860 971 οιῖκ
888 919 1094 982 ἀνταίρειν
1120 947 1293 983 εχουσας
1319 933 1482 988 Αἰγίνῃ,
1510 935 1606 983 μεθ’
1634 933 1728 985 ἡδο·

329 985 401 1034 νῆς
437 998 514 1022 των
538 984 762 1034 πρεσβείων
795 991 1067 1038 παραχωρεῖν.
1121 989 1318 1028 adduntur
1346 989 1464 1040 plura
1488 989 1529 1029 in
1554 990 1725 1041 laudem,

330 1050 430 1090 qnae
459 1051 536 1077 non
564 1040 767 1081 exscribo:
804 1041 845 1080 id
873 1041 1000 1080 obiter
1040 1042 1225 1090 monebo,
1264 1054 1342 1080 non
1369 1041 1494 1082 videri
1521 1043 1567 1084 Ι).
1600 1043 1728 1110 Pape-

328 1093 528 1132 brochium
568 1098 674 1131 recte
711 1095 943 1134 sententiam
978 1094 1114 1134 horum
1152 1096 1359 1135 verborum
1395 1108 1510 1147 perce
1537 1097 1628 1143 isse,
1658 1111 1724 1136 και

324 1148 536 1210 χορηγεῖν
553 1140 664 1194 ἔχειν
702 1145 887 1185 ἐντεῦθεν
926 1143 1027 1195 μετὰ
1068 1149 1220 1185 πολλοῦ
1256 1143 1462 1199 περιόντος
1595 1145 1652 1190 ὧν
1680 1148 1725 1189 αἱ
1770 1150 1772 1153 ’

327 1197 466 1243 πόλεις
509 1197 719 1250 ἀμείνους,
747 1213 832 1240 cum
860 1206 1033 1240 verteret
1059 1213 1139 1254 quo
1171 1199 1222 1252 fit
1250 1205 1296 1242 ut
1332 1200 1460 1242 urbes
1486 1205 1531 1244 in
1555 1217 1610 1245 ea
1636 1206 1724 1246 sint

328 1252 562 1304 plurimae:
591 1253 631 1293 id
662 1254 764 1293 enim
791 1254 932 1294 falsum
959 1258 1030 1302 est,
1063 1267 1135 1294 nec
1163 1256 1319 1295 Graeca
1343 1255 1532 1306 innuunt,
1560 1262 1722 1311 tantum,

325 1306 473 1345 habere
501 1319 586 1345 eam
616 1318 716 1357 quae
738 1308 1069 1348 abundantissime
1098 1308 1187 1347 aliis
1214 1310 1386 1358 urbibus,
1413 1310 1515 1349 unde
1542 1312 1724 1352 meliores

327 1361 512 1408 evadant,
535 1361 746 1410 praebeat,
775 1362 998 1401 indicantia.
1067 1363 1168 1401 adde
1194 1363 1405 1402 Pindarum
1434 1364 1476 1403 in
1502 1365 1639 1405 laudes
1665 1366 1725 1406 in-

328 1415 439 1454 sulae
468 1413 614 1464 passim
644 1419 684 1453 et
709 1415 750 1454 in
782 1415 918 1466 primis
946 1416 1029 1454 Ode
1053 1418 1080 1454 5
1107 1417 1336 1455 Nemeorum
1366 1423 1647 1460 excurrentem.

432 1475 538 1518 Ibid.
608 1477 877 1528 Ποιτοιόυσα]
916 1491 987 1518 nec
1014 1480 1146 1519 urbem
1194 1491 1319 1530 neque
1357 1479 1525 1520 insulam
1565 1494 1612 1522 eo
1653 1496 1725 1523 no-

325 1531 429 1570 mine
458 1530 561 1570 novi.
617 1531 702 1570 fors
727 1531 847 1570 fuerit
873 1533 966 1571 olim
986 1530 1199 1580 Ποιήεσσα
1231 1531 1362 1580 Κεάς,
1389 1537 1433 1572 ut
1459 1535 1629 1576 Poeessa
1657 1537 1722 1577 in-

324 1586 435 1624 sulae
461 1585 566 1624 Ceae
597 1584 671 1633 sit,
699 1597 814 1636 quam
841 1585 882 1624 in
909 1586 1115 1625 ruderibus
1150 1586 1270 1625 fuisse
1297 1586 1506 1626 Strabonis
1534 1593 1574 1628 et
1603 1590 1722 1631 Plinii

324 1643 468 1688 aetate,
495 1638 563 1676 ille
594 1638 620 1676 l.
643 1642 694 1677 10
718 1651 754 1689 p.
781 1641 873 1688 486,
897 1639 961 1678 hic
990 1640 1017 1679 1.
1039 1643 1065 1678 4
1092 1652 1125 1677 c
1143 1643 1193 1677 12
1211 1640 1343 1688 docet3
1377 1651 1399 1678 e
1426 1641 1565 1692 quibus
1590 1654 1723 1683 resur-

325 1704 424 1742 gere
448 1692 620 1742 potuisse
646 1703 717 1730 cur
743 1694 957 1744 negemus²
1000 1693 1092 1744 quia
1121 1693 1279 1733 dubium
1306 1697 1436 1733 tamen
1464 1694 1506 1734 id
1534 1700 1607 1747 est,
1634 1697 1725 1737 vide

324 1758 378 1784 an
405 1745 494 1793 Pity
497 1757 566 1784 usa
595 1745 725 1784 Melae
753 1749 779 1784 2
808 1749 834 1785 7
863 1749 917 1785 80
945 1757 1033 1785 esse
1057 1750 1186 1798 queat.

429 1806 777 1855 1ῠὶά.1(υ’θνος]
804 1808 909 1850 eeae
933 1811 1086 1850 locum
1075 1823 1116 1850 ιιι
1145 1822 1205 1850 ιιι5
1230 1805 1394 1856 Κῦτνος
1409 1815 1586 1865 occupat,
1612 1825 1727 1867 quam

322 1863 383 1903 illi
411 1862 631 1915 proximam
659 1863 700 1902 in
727 1863 925 1916 integrum
953 1865 1162 1904 restituere
1190 1865 1349 1916 placuit.

430 1926 535 1968 Ibid.
559 1932 623 1967 10.
680 1927 813 1979 Δῆλος
839 1920 1002 1979 αδηλος]
1029 1941 1109 1968 mss
1136 1928 1235 1969 haec
1262 1929 1498 1982 coniungere
1511 1929 1729 1972 Holsteinio

327 1982 481 2021 doctori
510 1981 723 2031 credimus3
751 1995 823 2022 nec
853 1994 948 2022 sane
963 1994 1195 2045 perperam:
1224 1983 1396 2035 quisquis
1423 1984 1524 2023 enim
1538 1985 1637 2024 Delo
1662 1986 1726 2026 in-

324 2037 436 2075 sulae
463 2035 503 2074 id
531 2013 747 2086 cognomen
776 2036 928 2086 indidit,
959 2037 1001 2076 in
1029 2037 1158 2076 animo
1179 2041 1304 2099 atque
1331 2037 1456 2076 oculis
1481 2038 1725 2080 notissimum

324 2090 504 2137 Sibyllae
530 2101 686 2128 versum
716 2089 850 2130 habuit
876 2102 898 2128 e
919 2068 951 2130 ⁷1.
979 2093 1006 2129 3
1034 2095 1073 2129 et
1098 2093 1145 2129 8:
1174 2085 1288 2128 ἔσται
1317 2090 1387 2127 καί
1413 2087 1549 2139 Σάμος
1576 2105 1723 2141 αμμος,

323 2143 477 2179 ἑσιῖται
508 2143 640 2192 Δῆλος
673 2136 821 2192 ἄδηλος
850 2157 918 2181 και
946 2137 1083 2193 Ῥώμη
1115 2139 1234 2194 ῥύμη.
1308 2143 1601 2184 hallucinantur
1627 2158 1725 2199 ergo

323 2197 388 2247 qni
419 2197 586 2236 insulam
614 2196 780 2236 Adelum
807 2197 948 2236 ceteris
976 2197 1253 2236 mediterranei
1279 2197 1399 2236 maris
1427 2197 1616 2239 inserunt.

427 2259 535 2300 Ibid.
594 2260 824 2312 Ταλαμὲνη]
855 2261 1082 2313 conspirant
1108 2261 1148 2300 in
1176 2262 1275 2301 vitia
1302 2262 1400 2301 haec
1430 2261 1524 2301 editi
1553 2267 1593 2302 et
1619 2274 1722 2308 mss;

320 2324 422 2363 qnae
451 2314 485 2352 si
521 2314 672 2353 medica
710 2327 827 2354 manu
858 2315 1188 2364 contrectaveris,
1230 2328 1367 2355 sanum
1405 2316 1575 2356 colorem
1602 2317 1721 2356 facile

319 2367 551 2417 receperint.
628 2367 866 2419 Ταλαμὲνη,
895 2373 938 2408 ut
962 2369 1125 2420 pulchre
1151 2368 1319 2408 Carolus
1347 2381 1372 2409 a
1398 2368 1441 2409 S.
1471 2369 1623 2421 Paullo,
1650 2371 1721 2410 ob-

317 2421 611 2460 stetricantibus
639 2421 815 2461 librariis
847 2434 898 2462 ex
922 2421 1110 2470 Σαλαμίς
1137 2420 1255 2472 νῆσος
1282 2426 1377 2462 nata
1402 2422 1568 2463 videtur.
1625 2423 1721 2462 reli-

317 2485 406 2524 qua,
437 2474 502 2513 tbi
528 2487 664 2525 parum
693 2475 864 2526 auxeris,
890 2474 1015 2524 μέχρι
1036 2473 1312 2525 Θερμοπυλῶν
1340 2475 1499 2527 dabunt,
1525 2476 1642 2516 sicuti
1669 2488 1720 2516 ex

316 2527 498 2566 Hierocle
526 2540 551 2565 a
579 2528 838 2568 Constantino
865 2529 893 2569 l.
921 2533 948 2568 2
971 2529 1107 2568 Them.
1136 2531 1164 2569 5
1190 2530 1404 2581 profertum
1429 2530 1558 2569 Lucas
1567 2529 1717 2594 itaque

316 2581 555 2619 llolsteinius
584 2594 663 2620 non
697 2582 841 2622 iniuria
866 2583 906 2621 id
932 2583 1130 2634 probavit,
1158 2582 1391 2635 praesertim
1418 2595 1502 2622 cum
1528 2581 1581 2629 μὲ
1614 2581 1721 2631 Θερ-

314 2632 508 2682 μοπυλῶν
542 2634 583 2674 in
609 2635 786 2687 principe
830 2637 883 2677 sit
912 2636 1093 2677 editione.
1160 2636 1234 2676 etsi
1273 2648 1368 2677 vero
1396 2636 1495 2676 bene
1524 2635 1715 2676 hactenus
