1780 3132
300 134 355 174 ιΝ
394 132 758 175 SYNECDEMUM
796 133 1237 177 COMMENTARHJS.
1391 124 1482 173 547

163 249 260 297 399,
281 249 350 287 22.
407 242 593 298 Ἀντινώ]
626 247 684 286 sic
712 251 752 287 et
779 248 966 288 Moschus
989 248 1031 288 in
1056 248 1166 288 Prat.
1198 246 1340 300 Spirit.
1369 260 1402 286 c.
1431 251 1487 288 37

55 306 96 345 et
123 302 291 342 Rufinus
319 302 362 342 iu
389 302 471 342 vit.
502 301 666 341 Patrum
703 306 835 342 c.12:
880 303 1062 344 vidimus
1101 306 1144 343 et
1183 301 1313 343 alium
1342 314 1486 343 senem

53 355 360 404 venerabilem,
402 355 546 397 Elium
585 358 776 408 nomine,
816 359 861 397 in
885 356 1041 407 finibus
1082 360 1277 398 civitatis
1315 354 1486 407 Ammo,

53 423 164 466 quae
192 415 262 453 est
289 410 541 478 metropolis
565 409 811 452 Thebaidis.
868 413 1074 452 Palladius
1107 414 1205 453 llis-t.
1241 414 1357 453 haus.
1378 427 1410 455 c.
1430 417 1488 453 85

0 504 2 506 ,
54 472 95 508 et
119 470 176 508 87
203 463 324 505 πόλιν
347 463 556 506 Ἀντινόου
587 471 721 506 vocat.
754 468 874 519 plura
900 467 953 506 ad
980 469 1068 507 ltin.
1098 468 1190 508 Ant.
1218 481 1261 520 Ρ.
1283 471 1374 508 167

158 531 270 574 11ήά.
322 528 547 580 Ἁκοὺασα]
573 532 633 573 ita
662 532 835 572 schedae
860 532 1088 573 Leidenses.
1116 533 1360 574 Holsteiuius
1391 530 1486 573 Φά-

49 599 183 626 κουσα,
214 588 426 635 emendat,
468 591 508 626 et
535 599 594 627 ms
625 583 767 632 Κάσος
804 589 944 640 legere
973 589 1183 638 admonet3
1212 590 1275 629 cui
1305 590 1484 642 adstipu-

49 643 142 694 lari,
173 643 249 683 etsi
276 654 524 694 magnopere
555 642 687 692 velim,
718 655 797 682 non
826 655 998 695 possum.
1032 643 1214 685 Phacusa
1243 645 1353 685 vicus
1382 651 1484 696 erat,

47 697 256 750 Stephano
283 702 408 747 teste,
438 697 667 750 Aegyptum
691 696 796 737 inter
824 703 864 737 et
892 698 1109 738 Arabicum
1136 711 1246 739 mare
1262 731 1272 747 ‚
1301 701 1412 750 sive,
1439 706 1484 740 ut

47 753 322 804 Ptolemaeus,
357 754 592 805 metropolis
629 753 737 792 nomi
762 752 951 793 Arabiae.
1010 759 1223 805 praeterea
1250 754 1400 795 Strabo
1431 760 1484 795 17

47 820 86 860 Ρ.
103 810 188 848 805
212 809 349 848 fossae
378 807 658 859 ptolemaicae,
687 819 791 859 quae
819 820 871 848 ex
898 808 1112 848 Bubastico
1141 821 1257 849 amne
1287 811 1328 849 in
1356 811 1483 850 sinum

47 863 263 903 Arabicum
290 867 380 902 erat
409 863 616 915 perducta,
646 875 672 902 a
700 863 904 903 Phaccusa
945 864 1022 914 (sic
1051 864 1154 903 enim
1176 866 1376 916 appellat)
1404 866 1483 905 ini-

48 918 146 958 tium
171 930 261 958 esse
289 917 488 958 adfirmat.
545 930 647 970 quae
679 919 814 958 omnia
843 919 1063 958 Phacusam
1095 920 1136 959 in
1166 920 1482 973 Augustamnica

46 972 177 1025 prima
204 973 328 1013 fuisse
347 977 387 1012 et
413 972 648 1025 longissime
678 972 770 1012 hinc
795 978 987 1013 semotam
1006 973 1196 1014 indicant.
1255 988 1392 1015 verum
1422 980 1482 1014 est

48 1027 231 1079 Κοῦοαι,
260 1028 368 1067 unde
396 1027 513 1068 Cusis
541 1028 631 1068 ltin.
663 1028 755 1069 Ant.
790 1041 830 1081 p.
849 1030 941 1079 157,
970 1029 1074 1081 quod
1104 1029 1186 1069 adi.

154 1092 266 1135 Ihm.
295 1097 362 1134 23.
421 1090 594 1142 Λύκων]
625 1094 660 1134 si
688 1091 806 1138 πόλις
837 1095 1035 1145 addatur,
1076 1095 1221 1136 bonum
1251 1095 1347 1135 erit:
1377 1100 1482 1134 cete-

45 1148 163 1202 roqui
189 1145 321 1188 Λυκοό
354 1148 644 1201 Aegyptiorum
675 1161 787 1189 more
819 1149 899 1190 dici
925 1151 1089 1200 assolet,
1117 1154 1162 1190 ut
1182 1151 1366 1191 Palladio
1381 1150 1480 1191 nist.

44 1203 165 1243 Laus.
193 1216 226 1242 c.
256 1206 308 1244 41
339 1209 380 1244 et
421 1204 616 1244 Cassiano
667 1204 718 1244 de
757 1205 886 1244 instit.
927 1206 1099 1245 Renunt
1133 1207 1160 1246 4
1188 1207 1482 1258 23:71rimum

47 1256 244 1299 abbatem
270 1257 499 1309 Ioannem,
531 1261 603 1312 qui
633 1263 922 1300 commoratus
949 1264 1018 1301 est
1045 1262 1175 1301 iuaeta
1203 1258 1339 1314 Lyco,
1372 1260 1483 1314 quod

44 1316 118 1353 est
146 1313 345 1367 oppidum
369 1313 626 1355 Thebaidos.
670 1319 711 1353 et
741 1314 889 1355 Collat.
919 1315 936 1354 1
966 1328 999 1356 c.
1029 1319 1095 1356 21.
1154 1316 1258 1356 adde
1290 1328 1482 1356 canonem

43 1367 259 1421 Theophili
290 1370 395 1422 apud
418 1369 613 1422 Revereg.
633 1373 725 1410 tom.
745 1373 772 1409 2
793 1382 832 1422 p.
852 1373 951 1421 371,
979 1374 1020 1410 et
1047 1382 1150 1424 quae
1166 1371 1222 1411 ihi
1251 1371 1481 1412 Balsamou.

43 1422 162 1464 ensis
189 1425 244 1465 M.
277 1425 320 1464 P.
351 1428 408 1465 36
430 1425 520 1465 ltin.
551 1425 646 1464 Ant.
675 1424 879 1465 dissociat.

153 1488 262 1532 Ibid.
312 1486 446 1542 Ὑψηλ
453 1486 492 1542 ἡ]
522 1489 598 1530 hoc
625 1503 745 1532 manu
773 1494 967 1532 exaratus
994 1491 1111 1542 liber,
1140 1491 1209 1545 qui
1230 1490 1414 1544 Lugduni
1443 1492 1484 1532 in

47 1543 217 1586 Batavis
247 1548 321 1596 est,
347 1546 507 1598 probat.
535 1545 761 1586 Athanasio
776 1547 951 1599 Apolog.
970 1559 1004 1587 c.
1023 1547 1163 1587 Arian.
1191 1561 1227 1599 Ρ.
1245 1550 1327 1587 185
1350 1544 1480 1611 Ῡψη-

43 1599 170 1638 λιτῶν
195 1576 337 1651 πόλις,
367 1600 595 1663 EPlphanio
623 1601 789 1643 Haeres.
818 1606 874 1642 66
911 1615 944 1640 (3.
977 1605 1004 1641 2
1026 1597 1184 1653 “Ῡψηλή
1225 1600 1340 1646 πόλις
1371 1596 1483 1638 οὕτω

40 1652 276 1707 καλουμένη
310 1656 407 1707 περὶ
443 1653 516 1706 την
548 1654 754 1707 Θηβαΐδα.
822 1657 914 1697 vide
945 1656 1018 1698 Ch.
1047 1656 1267 1698 Cellarium
1297 1657 1346 1698 G.
1378 1656 1426 1695 A.
1458 1659 1483 1695 4

42 1712 66 1749 1
95 1722 134 1762 p.
165 1713 232 1762 70,
261 1710 379 1750 etde
407 1711 592 1767 sequenti
621 1712 712 1751 ltin.
743 1711 795 1754 A.
822 1725 861 1764 Ρ.
894 1714 987 1752 158.

150 1773 260 1816 Ibid.
315 1773 500 1825 Ἀντέου]
523 1789 597 1829 pro
622 1773 833 1826 ’'‚Avrazov
862 1777 1030 1817 solemni
1047 1775 1338 1817 recentioribus
1358 1788 1481 1825 more,

41 1833 87 1870 ut
116 1830 169 1871 ad
189 1831 338 1872 Anton.
367 1832 458 1872 ltin.
502 1832 688 1872 vidimus.
753 1845 935 1872 caussam
975 1832 1146 1872 nominis
1173 1832 1332 1894 locique
1362 1831 1480 1871 situm

36 1885 239 1926 Diodorus
269 1890 292 1926 1
325 1899 364 1939 Ρ.
388 1890 441 1927 18
468 1887 628 1952 signat,
656 1885 853 1950 γενέσθαι
883 1887 1067 1950 inquiens
1097 1882 1168 1938 τήν
1196 1882 1336 1937 μάχην
1365 1882 1479 1950 παρὰ

35 1935 107 1978 τὸν
138 1937 337 1992 ποταμόν,
364 1940 535 1993 πλησίον
558 1940 628 1992 τῆς
655 1940 730 1980 νῦν
753 1939 949 1987 Ἀνταιάς
978 1938 1117 1992 κώμης
1133 1939 1402 1991 καλουμένης,
1431 1953 1482 2002 ην

36 1994 205 2034 κεῖσθαι
241 1996 319 2046 μὲν
353 1994 544 2046 λέγουσιν
575 1996 620 2036 ἐν
653 1996 710 2050 τῶ
747 1992 851 2034 κατὰ
890 2009 966 2047 την
993 1994 1198 2046 Ἀοαβιάν
1226 1994 1372 2045 μέρει,
1403 1993 1479 2045 την

33 2047 341 2116 προσηγορίαν
350 2049 387 2089 δ’
427 2047 539 2101 ἔχειν
576 2047 658 2089 οἷπό
685 2035 762 2089 τοῦ
800 2050 1071 2096 κολασθέντος
1116 2047 1191 2102 ὑφ’
1223 2047 1479 2101 (Ηρακλέους

34 2101 237 2158 Ἀνταιου,
265 2118 337 2145 του
366 2107 473 2145 κατὰ
501 2102 578 2158 τήν
602 2104 805 2155 Ὀσίριδος
835 2103 996 2157 ἡλικίαν
1025 2104 1258 2155 γενομένου.
1314 2104 1478 2145 Rhodo-

32 2171 203 2200 manuus
231 2159 363 2202 vicum
390 2162 585 2202 vertendo
608 2162 653 2202 in
679 2164 808 2214 parte
837 2161 1018 2215 quadam
1036 2157 1228 2201 Arabiae
1256 2160 1475 2209 collocans,

34 2213 143 2255 haud
170 2227 271 2256 sane
297 2217 470 2258 attendit
496 2229 581 2257 rem
608 2216 650 2256 in
666 2217 853 2268 Aegypto
882 2229 971 2256 esse
988 2220 1157 2268 gestam.
1215 2214 1347 2267 posita
1377 2214 1474 2254 urbs

34 2267 122 2312 sive
150 2270 264 2312 vicus
292 2272 345 2313 ad
391 2273 586 2312 orientem
622 2275 712 2311 erat
738 2271 833 2320 Nili,
866 2275 910 2310 ut
935 2271 1188 2312 Ptolemaeus
1217 2282 1372 2323 quoque
1401 2269 1475 2308 do-

34 2328 119 2374 cet;
147 2337 263 2378 quem
292 2331 464 2367 tractum
491 2326 673 2367 Arabiae
701 2325 874 2366 vicinum
903 2326 1067 2366 faciunt.
1135 2325 1228 2365 vide
1260 2325 1348 2364 ltin.
1377 2324 1471 2364 Ant.

32 2391 72 2432 Ρ.
93 2382 195 2431 164,
238 2386 280 2421 et
316 2381 367 2422 de
404 2378 556 2427 Πανὸς
600 2381 679 2434 (sic
719 2380 825 2421 euim
867 2385 978 2420 recte
1013 2393 1074 2421 ms
1104 2378 1332 2431 Leideusis)
1373 2379 1473 2419 urbe

142 2498 251 2541 Ibid.
297 2490 447 2546 ’Ώασις
474 2494 648 2565 μεγάλη]
667 2494 814 2545 ’Όασις
829 2494 1003 2552 μεγάλη,
1032 2501 1090 2542 uti
1116 2500 1279 2542 Socrati
1303 2500 1350 2540 Η.
1373 2499 1419 2539 Ε.
1445 2503 1474 2539 2

28 2556 85 2595 28
110 2555 274 2595 dicitur.
331 2555 558 2596 Athanasio
601 2552 625 2605 ἡ
669 2548 755 2594 ἅνω
784 2550 929 2600 Ὄασις
963 2556 1064 2597 nist.
1093 2556 1236 2596 Arian.
1268 2569 1306 2619 Ρ.
1321 2558 1404 2596 387
1433 2558 1474 2594 et

29 2606 190 2661 μεγάλη
222 2603 370 2654 Ὄασις
411 2610 587 2662 Apolog.
628 2611 681 2651 ad
720 2609 997 2652 Constantium
1039 2624 1079 2664 Ρ.
1099 2615 1195 2653 316.
1259 2611 1406 2651 siccam
1432 2613 1473 2648 et

31 2664 164 2705 exiliis
193 2666 390 2706 famosam
418 2665 541 2706 fuisse
573 2670 738 2718 praeter
763 2666 870 2707 alios
887 2665 1088 2707 Diodorus
1120 2665 1336 2708 Tarsensis
1364 2663 1470 2717 apud
