1780 3132
306 186 377 226 DE
415 183 858 227 ADMINISTRANDO
900 184 1121 227 IMPERIO
1145 183 1282 226 'CAR
1323 184 1390 229 46.
1478 178 1573 225 209

145 287 236 326 m‘ov
262 282 535 333 Κώνσταντος
581 287 653 326 καί
690 287 966 339 δρουγγαρίου
996 285 1069 325 τοῦ
1101 283 1289 336 πλωΐμου
1315 283 1360 324 ἒν
1390 283 1576 336 Νικομη-

147 351 236 406 δείᾳ
264 347 534 403 τυγχάνοντος
571 350 641 391 διὰ
681 349 758 404 τήν
798 354 1110 405 προρρηθεῖσαν
1142 350 1214 403 τῆς
1256 350 1462 403 προβολῆς
1501 341 1578 388 τοῦ

140 415 373 469 μαγίστρου
409 418 483 457 τοῦ
524 418 739 471 Κουρκένη
769 411 932 470 Ἴβηρος
969 413 1194 469 ὑπόθεσιν,
1232 416 1278 456 ἐκ
1318 413 1579 467 προστάξεως

142 482 219 521 τοῦ
240 482 446 533 βασιλέως
474 479 598 534 ἔλαβε
633 481 680 522 τὸ
715 479 926 523 πιττάκιον
958 482 1032 522 τοῦ
1058 481 1273 535 πατρικίου
1303 480 1478 533 Συμεών
1505 481 1580 521 τοῦ

108 546 392 600 ὅᾶσηκρῆτις,
432 545 488 595 ὥς
517 543 583 587 ὅτι
611 546 770 588 κελεύει
798 546 819 587 ὁ
852 545 1050 600 βασιλευς
1070 543 1189 599 ἡμῶν
1218 545 1240 586 ὁ
1265 542 1380 599 ἅγιος
1407 549 1580 586 καταλι-

141 617 232 653 πεῖν
259 627 306 654 σε
335 614 472 660 πᾶσας
499 627 576 654 σου
613 611 687 661 τὰς
715 612 926 663 δουλεάις,
971 613 1044 653 καί
1081 608 1279 652 ἀπελθεῖν
1309 613 1353 652 ἐν
1379 608 1580 667 συντομία

141 674 247 732 πρὸς
282 677 356 718 τὸν
397 679 611 732 πατρίκιον
633 678 834 721 Ἀσώτιον
872 676 943 719 τὸν
982 679 1055 719 καί
1090 675 1309 730 Κισκάσην
1351 676 1579 730 λεγόμενον,

140 741 214 784 καὶ
234 746 491 797 παραλαβεῖν
532 742 579 785 τὸ
617 743 796 797 κάστρον
826 743 960 785 αὐτοῦ
996 741 1040 784 τό
1070 739 1389 797 Ἀδρανούτζιν,
1433 739 1574 795 ἐπειδή

141 805 211 849 dac}
250 808 326 849 τοῦ
359 810 548 862 μουαχοῦ
582 809 783 863 Ἀγαπιόυ
824 810 1094 863 ἑδηλοποίησε
1134 806 1203 849 τὸν
1237 810 1415 860 βασιλέα
1461 806 1580 860 ἡμῶν

87 872 216 916 lotor
253 871 368 928 ἅγιον
405 876 481 915 τοῦ
507 876 749 917 α’ποστεῖλαι
791 874 937 916 πιστὸν
963 871 1184 927 ἄνθρωπον
1218 876 1292 915 καί
1329 874 1476 915 οἰκεῖον
1506 874 1580 913 τοῦ

140 942 400 993 παραλαβεῖν
429 939 475 981 τὸ
520 939 696 994 κάστρον
725 943 861 981 αὐτοῦ
887 941 933 982 τὸ
973 939 1281 995 Ἀδρανούτζιν.
1340 941 1413 981 καί
1452 938 1581 990 α’περ-

136 1007 318 1058 χομένου
361 1021 439 1047 σου
479 1008 524 1048 ἐν
552 1007 720 1063 Χαλδίᾳ
749 1008 964 1060 α’ναλαβοῦ
993 1001 1198 1061 ἄρχοντας
1223 1003 1478 1060 χρησᾴιους,
1507 1002 1582 1052 οὕς

139 1072 362 1118 ἐπίστασαι
406 1067 512 1112 εἶναι
559 1071 887 1126 ἦνὸρειωμένους
933 1075 1007 1113 καί
1052 1071 1254 1126 πιστούς,
1302 1072 1375 1112 καί
1417 1070 1581 1112 εἴσελθε

139 1136 212 1177 καί
237 1135 440 1191 κράτησον
477 1136 521 1178 τὸ
566 1140 747 1179 τοιοῦτον
775 1137 968 1191 κάστρον.
1024 1139 1099 1179 τοῦ
1128 1137 1174 1178 δὲ
1202 1139 1423 1191 πατρικίου
1449 1136 1580 1177 Κών-

86 1211 127 1245 15
140 1216 309 1250 σταντος
352 1202 423 1243 καί
460 1203 738 1257 δρουγγαριόυ
783 1205 858 1244 τοῦ
888 1204 1078 1254 πλωϊμου
1105 1202 1359 1250 ἀπελθόντος
1387 1203 1431 1243 ἐν
1455 1205 1578 1243 Χαλ-

139 1265 232 1321 δίᾳ,
261 1269 334 1307 καί
369 1268 680 1319 α’ναλαβομένου
712 1270 985 1321 τουρμάρχας
1013 1270 1243 1322 χρησίμους
1271 1269 1344 1309 καί
1371 1263 1580 1321 ἄρχοντας

135 1333 208 1373 καί
232 1330 335 1372 λαὸν
363 1334 489 1386 μέχρι
517 1330 561 1385 τ’,
592 1334 784 1386 εἰσῆλθεν
814 1335 858 1374 ὲν
888 1334 896 1347 ’
913 1334 1061 1388 βηρίᾳ,
1094 1332 1166 1374 καί
1190 1334 1417 1387 ἐκράτησεν
1448 1334 1581 1375 αὐτὸν

135 1393 157 1438 ὅ
190 1396 395 1451 μακάριος
424 1400 565 1451 Ausim
602 1395 622 1439 ὁ
661 1397 846 1454 α’δελφὸς
876 1400 1077 1440 Ἀσωτίου
1113 1399 1186 1439 τοῦ
1234 1399 1389 1453 α’ρτίως
1429 1413 1574 1452 κουρο-

134 1463 334 1518 παλάτου,
364 1465 492 1517 λέγων
519 1463 623 1517 πρὸς
655 1463 786 1506 αὐτὸν
806 1464 915 1505 “ποῦ
941 1465 1173 1518 α’πεστάλης
1200 1464 1314 1516 παρὰ
1342 1465 1418 1505 τοῦ
1445 1467 1574 1516 βασι-

78 1531 248 1584 Ξθλὲως,
281 1531 352 1570 καί
375 1529 464 1571 τίνα
496 1530 688 1571 δουλείαν
708 1530 889 1586 ὀφείλεις
918 1531 1140 1585 ἐκτελέσαι,
1169 1527 1231 1571 ὅτι
1258 1532 1455 1571 τοσοῦτον
1474 1530 1578 1571 λαόν

133 1595 310 1651 ἐπιφέρῃ
349 1593 454 1647 μετὰ
490 1596 718 1647 σεαυτοῦ”;
755 1597 992 1638 ἐσκέπτοντο
1035 1594 1114 1649 γὰρ
1158 1594 1228 1636 διὰ
1268 1595 1314 1637 τὸ
1347 1596 1575 1637 ἀποθανεῖν

131 1661 363 1715 Ἀδρανασὲ
389 1661 463 1702 τόν
501 1661 574 1703 καί
599 1661 930 1717 κουροπαλάτην,
965 1660 1026 1703 ὅτι
1053 1660 1201 1716 μήπως
1230 1660 1250 1702 ὁ
1278 1661 1478 1713 βασιλεὺς
1505 1659 1574 1702 τὸν

132 1727 387 1780 Κουρκὲνιον
412 1725 559 1784 ὀφείλῃ
585 1729 757 1781 τιμῆσαι
789 1728 1122 1782 κουροπαλάτην,
1160 1726 1303 1781 ἐπειδὴ
1332 1724 1575 1776 α’ναμεταξύ

133 1789 171 1832 οἱ
189 1794 265 1833 τοῦ
292 1793 522 1847 Ἀδρανασὲ
555 1795 630 1834 τοῦ
666 1791 982 1847 κουροπαλάτου
1021 1796 1166 1841 παῖδες
1206 1795 1281 1834 τοῦ
1307 1791 1467 1845 πατρὸς
1495 1793 1572 1832 αὕ-

75 1862 120 1897 25
132 1858 213 1898 τῶν
241 1855 552 1912 τελευτήσαντος
575 1860 850 1914 φιλονεικείας
872 1857 990 1907 τινας
1018 1857 1141 1912 ἔσχον
1170 1857 1272 1911 μετὰ
1303 1859 1378 1899 τοῦ
1405 1858 1570 1908 ἑξαὸέλ·

223 1958 264 1990 11
292 1955 406 1993 αὐτοῦ
455 1957 524 1991 add
550 1959 574 1991 B
701 1959 744 1993 21
770 1954 822 2006 τὸ]
854 1959 959 1994 τοῦτο
987 1960 1091 2004 vulgo

128 2036 294 2070 Curcenii
321 2037 432 2070 Iberis
463 2038 645 2081 negotium
673 2038 863 2084 deputatus
881 2065 889 2080 ,
928 2051 970 2072 ex
1005 2039 1172 2072 mandato
1198 2038 1420 2083 imperatoris
1445 2038 1566 2074 literas

126 2085 264 2129 accepit
292 2095 311 2117 a
337 2085 486 2129 patricio
513 2085 688 2128 Symeone
710 2087 889 2126 afferetis,
913 2098 1059 2131 quarum
1086 2085 1171 2118 haee
1196 2096 1354 2118 summa:
1379 2084 1504 2118 “iubet
1530 2091 1565 2118 te

126 2136 265 2164 sanctus
290 2137 411 2164 noster
434 2133 626 2176 imperator
653 2132 786 2166 relictis
811 2133 916 2166 rebus
941 2132 1105 2165 omuibus
1135 2132 1178 2164 ad
1197 2133 1354 2165 Asotium
1378 2133 1563 2177 patricium

124 2177 198 2211 sive
226 2178 390 2211 Ciscasen
421 2191 440 2212 e
465 2180 614 2222 vestigio
641 2179 738 2213 abire
763 2185 799 2213 et
823 2180 944 2212 urbem
971 2179 1223 2212 Adranutzium
1251 2179 1296 2211 ab
1322 2190 1364 2212 eo
1388 2181 1563 2223 accipere,

123 2223 415 2269 quandoquidem
449 2236 513 2270 per
537 2227 707 2270 Agapium
746 2226 955 2259 monachum
982 2238 1099 2259 sacrae
1136 2226 1358 2270 imperatoris
1386 2226 1561 2259 maiestati

124 2271 335 2314 significavit
367 2272 420 2305 uti
460 2273 616 2318 aliquem
658 2285 676 2306 e
715 2275 787 2306 suis
818 2274 925 2306 (idum
951 2274 1070 2307 mittat
1097 2278 1133 2307 et
1157 2273 1409 2306 Adranutzium
1435 2273 1558 2305 urbem

123 2318 234 2361 ipsius
258 2319 418 2363 accipiat.
467 2319 528 2351 ubi
554 2326 670 2353 autem
699 2321 734 2352 in
760 2320 945 2354 Chaldiam
974 2321 1122 2359 veneris,
1148 2320 1302 2363 adiunge
1332 2320 1396 2352 tibi
1422 2320 1558 2363 princi-

120 2374 185 2409 pes
213 2365 340 2405 utiles,
364 2376 454 2410 quos
482 2367 588 2399 sortes
622 2366 783 2412 fidosque
823 2368 1050 2410 cognoveris,
1088 2367 1282 2412 urbemque
1311 2365 1495 2410 ingredere
1523 2371 1559 2399 et

121 2409 242 2455 cape.''
290 2422 438 2456 cumque
463 2413 637 2447 Constans
661 2414 832 2459 patricius
858 2420 894 2447 et
919 2415 967 2446 rei
993 2414 1126 2446 navalis
1150 2413 1367 2457 drungarius,
1392 2413 1427 2444 in
1454 2412 1561 2445 Chai-

121 2456 215 2490 diam
240 2458 444 2502 profectus,
480 2460 604 2505 ibique
629 2462 782 2494 strenuis
824 2467 960 2494 turmae
986 2462 1174 2505 praefectis
1204 2460 1496 2504 principibusque
1523 2465 1560 2493 et

118 2504 293 2538 militibus
322 2507 508 2550 assumptis
534 2509 720 2548 trecentis,
746 2509 781 2540 in
810 2508 961 2540 iberiam
987 2509 1150 2548 venisset,
1180 2507 1338 2540 detinuit
1363 2517 1440 2539 eum
1470 2506 1560 2539 hea-

117 2555 176 2584 tae
197 2552 384 2585 memoriae
409 2553 530 2594 David,
554 2554 666 2587 Asotii
689 2554 823 2600 pridem
839 2555 1064 2599 curopalatae
1084 2555 1204 2596 frater,
1223 2555 1442 2597 interrogans
1463 2563 1557 2597 quo-

117 2608 199 2630 nam
225 2597 269 2630 ab
306 2599 515 2644 imperatore
543 2606 576 2633 et
599 2601 699 2634 cuius
737 2602 786 2634 rei
821 2613 923 2634 causa
947 2602 1072 2634 missus
1095 2607 1229 2635 tantam
1252 2611 1370 2633 secum
1393 2599 1558 2632 multitu-

117 2644 239 2679 dinem
264 2644 430 2679 traheret.
479 2647 653 2680 timebant
685 2649 778 2681 enim
812 2654 956 2692 propter
987 2654 1136 2681 mortem
1165 2648 1343 2682 Adranase
1366 2647 1555 2690 curopala-

118 2695 187 2730 ωε,
213 2701 260 2724 ne
294 2692 487 2725 Curcenius
518 2704 557 2727 ea
583 2694 754 2737 dignitate
791 2695 834 2727 ab
862 2696 1074 2740 imperatore
1101 2701 1300 2734 ornaretur,
1326 2693 1555 2738 quandoqui-

83 2782 87 2786 .
117 2735 197 2770 dem
225 2738 317 2771 inter
341 2738 517 2773 Adranase
539 2742 765 2786 curopalatae
792 2742 903 2783 filios,
943 2748 1023 2788 post
1045 2743 1152 2788 patris
1181 2752 1302 2775 eorum
1327 2740 1465 2775 obitum
1482 2764 1491 2780 ‚
1517 2744 1553 2772 et

193 2800 311 2835 Consi.
341 2803 470 2848 I’orplz.
1252 2810 1295 2846 14
