1780 3132
509 179 584 222 DE
619 179 976 223 THEMATIBUS
1010 178 1115 222 LIB.
1151 177 1208 221 11.
1531 175 1594 222 59

137 296 302 336 Σικελοῦ
325 288 490 342 τούτου,
526 289 572 341 ὃς
593 292 659 333 καὶ
682 291 723 333 ἓν
744 290 848 347 αὐτῇ
865 289 1141 344 ἕβασίλευσε.”
1213 290 1280 332 καὶ
1308 287 1524 338 Μένιππος
1550 288 1595 331 δὲ

136 358 265 404 ταῦτά
297 377 420 417 φησιν
448 357 666 410 κἐλθόντες
693 360 749 409 εἷς
775 361 960 402 Σικελίαν
991 359 1163 416 στρατὸς
1189 357 1315 408 πολὺς
1351 358 1394 407 ἐξ
1422 356 1591 406 Ἰταλίας
1615 363 1643 397 Ρ
1666 364 1712 399 28

136 426 232 479 τούς
248 445 291 471 τε
308 427 505 478 Σικανοὺς
526 426 794 485 κρατήσαντες
811 426 924 484 μάχῃ
942 426 1176 471 ἀπέστειλαν
1194 429 1248 477 εἷς
1267 425 1317 469 τὰ
1337 425 1593 480 μεσημβρινὰ

137 498 206 539 καὶ
224 496 275 539 τὰ
295 495 459 553 ἑσπέρια
478 497 581 553 με’ρη
601 496 725 550 αὐτῆς
733 527 747 547 ,
781 497 849 538 καὶ
869 495 956 538 ἀντὶ
973 497 1163 546 Σικανίας
1181 495 1365 537 Σικελίαν
1382 494 1454 547 τὴν
1472 497 1593 548 νῆσον

105 566 327 620 ὄὲποίησαν
355 568 590 617 καλεῖσθαι,
624 566 691 607 καὶ
718 563 770 606 τὰ
798 561 995 621 κράτιστα
1022 568 1093 619 τῆς
1114 568 1188 620 γῆς
1208 563 1370 621 ᾤκησαν
1389 561 1589 617 Ξ’χοντες.”

134 634 299 689 μεγίστη
332 633 375 675 δὲ
406 632 507 688 αὐτὴ
533 638 795 691 μαρτυρεῖται
826 636 906 676 τῶν
938 630 1062 684 ἑπτά,
1108 630 1222 675 καθά
1256 648 1379 690 φησιν
1408 630 1596 682 Ἀλέξιος

136 699 160 743 ὃ
183 700 370 756 κωμικός.

354 773 435 813 τῶν
456 766 556 811 ἔπτὰ
573 765 729 823 νήσων,
764 767 813 818 ἃς
836 767 1008 822 ὁέδειχεν
1023 766 1050 823 ἡ
1069 765 1190 825 φύσις

355 842 521 892 θνητοῖς
537 837 748 892 μεγίστας,
783 838 944 880 Σικελία
964 836 1036 891 μέν
1046 869 1059 888 ,
1096 835 1150 887 ὡς
1171 835 1301 892 λόγος,

85 912 130 948 10
356 906 440 948 ἐστὶ
455 903 632 960 μεγάλη,
667 906 734 947 καὶ
752 905 916 962 δευτέρα
935 903 1105 962 Σαρδώ,
1140 906 1252 961 τρίτη

230 970 237 980 ’
356 971 542 1030 Κύρνος,
578 971 745 1031 τετάρτη
768 972 811 1015 <5²
833 971 860 1027 ἦ
883 973 986 1023 Διὸς
1006 972 1150 1030 Κρήτη
1172 970 1338 1030 τροᾳός,

356 1041 514 1095 Εὔβοια
535 1042 691 1098 πέμπτη
714 1040 950 1098 στεινοφυής
960 1073 973 1094 ,
1010 1043 1101 1096 ἕκτη
1126 1040 1307 1098 Κύπρος.

357 1111 527 1164 Λέσβος
548 1111 591 1152 δὲ
610 1108 722 1161 τάξιν
742 1107 919 1165 ἑβδόμην
937 1110 1106 1164 λαχοῦσ’
1132 1109 1223 1164 ἔχει.

101 1191 106 1195 ’
140 1181 220 1221 τῶν
239 1177 283 1220 ὁέ
300 1183 504 1232 νησιωτῶν
526 1179 562 1220 οἱ
581 1179 654 1232 μὲν
672 1182 871 1234 ἰθαγενεῖς
887 1177 1012 1220 πάλαι
1029 1179 1183 1233 Λίγυες
1199 1179 1241 1228 ἐξ
1253 1176 1425 1226 Ἰταλίας
1441 1178 1598 1218 Σικελοὶ

87 1254 131 1290 15
141 1246 341 1301 λέγονται,
377 1246 414 1288 οἳ
435 1247 479 1289 δὲ
497 1245 691 1300 ἐπήλυδες
703 1246 890 1301 ’Ἑλληνίς
911 1248 986 1289 εἶσι
1004 1249 1259 1297 Σικελιῶται,
1296 1243 1350 1295 ὡς
1367 1244 1599 1286 Ἰταλιῶται.

141 1314 219 1369 ἔχει
247 1314 291 1355 δὲ
321 1312 455 1365 πόλεις
479 1307 700 1368 ἐπισήμους
724 1313 797 1369 τήν
825 1331 867 1356 τε
895 1313 1163 1370 Συράκουσαν
1189 1315 1256 1356 καὶ
1282 1314 1326 1356 τὸ
1356 1311 1600 1366 καλούμενον

143 1382 439 1438 Ταυρομένειον
465 1384 532 1424 καὶ
561 1382 687 1437 αὐτὴν
714 1382 786 1436 τὴν
807 1380 1097 1439 Ἀκράγαντα,
1127 1383 1193 1424 καὶ
1215 1381 1287 1432 τὰς
1307 1380 1451 1430 λοιπὰς
1469 1379 1603 1431 πόλεις

141 1449 216 1500 τὰς
241 1451 314 1504 μὲν
339 1450 608 1506 ἠρημωμένας
635 1450 709 1500 τὰς
739 1451 783 1492 δὲ
812 1451 1088 1507 κρατουμένας
1107 1450 1218 1507 παρὰ
1240 1454 1320 1492 τιῦν
1340 1452 1602 1505 Σαρακηνῶν.

141 1517 216 1573 τὴν
241 1519 315 1572 μὲν
343 1513 414 1561 οὗν
442 1517 709 1575 Συράκουσαν
744 1520 808 1561 ἐπὶ
838 1521 1054 1562 Βασιλείου
1086 1524 1158 1561 τοῦ
1188 1519 1373 1572 ἀοιδίμου
1404 1518 1604 1571 βασιλέως

86 1587 373 1643 2οπαρέλαβον
398 1587 436 1630 οἳ
462 1589 717 1643 Σαρακηνοί,
751 1587 798 1630 τὸ
829 1588 872 1630 δὲ
901 1587 1199 1645 Ταυρομὲνειον
1230 1588 1292 1629 ἐπὶ
1321 1587 1504 1636 Λέοντος
1530 1591 1605 1628 τοῦ

142 1653 383 1712 σοφωτάτου
411 1657 622 1709 βασιλέως.
691 1654 769 1699 ὅσα
787 1657 919 1699 τοίνυν
939 1657 1265 1714 κατελείφθησαν
1281 1653 1457 1711 κάστρα,
1492 1654 1604 1711 παρὰ

141 1727 221 1766 τῶν
248 1723 384 1766 ἀθέων
409 1727 657 1781 Σαρακηνῶν
687 1729 949 1781 κρατοῦνται·
984 1723 1087 1779 μόνη
1111 1725 1154 1767 δὲ
1178 1724 1390 1780 ἀντιπέραν
1413 1721 1439 1778 ἦ
1461 1725 1606 1765 Καλα-

233 1847 427 1894 6”Αλεξις7
566 1852 610 1886 12
631 1849 778 1895 πέμπτη
802 1847 934 1896 εὔβοια
958 1852 988 1887 C
1128 1855 1171 1889 17
1194 1850 1438 1898 ταυρομὲνιον
1462 1853 1492 1887 C

144 1975 235 2010 quae
267 1967 340 1998 tum
372 1964 415 1998 ab
441 1962 506 1996 hoc
529 1961 644 1996 Sicelo
668 1962 790 1997 Sicilia
813 1969 1008 2010 nuncupata
1032 1969 1105 2008 est,
1140 1965 1199 2009 qui
1231 1966 1268 1999 in
1300 1965 1378 2010 ipsa
1408 1964 1605 2011 regnavit.”

142 2012 231 2046 haec
262 2021 348 2044 vero
382 2008 569 2054 Menippus
600 2008 654 2042 his
684 2010 804 2044 verbis
835 2016 966 2044 narrat.
1013 2007 1187 2055 “profecti
1212 2011 1247 2046 in
1272 2011 1426 2046 Siciliam
1450 2023 1524 2046 cum
1548 2013 1604 2048 in-

142 2055 240 2100 genti
264 2053 419 2090 exercitu
444 2066 487 2088 ex
509 2053 631 2098 Italia,
665 2053 802 2089 Sicanis
827 2056 958 2100 praelio
982 2056 1175 2101 superatis,
1213 2057 1258 2091 ad
1292 2057 1536 2092 meridionales
1570 2064 1622 2096 et,

144 2101 308 2136 occiduas
329 2100 485 2144 regionis
508 2105 627 2145 partes
652 2111 711 2134 eos
736 2100 959 2145 delegati-unm
985 2107 1020 2136 et
1045 2108 1082 2136 ut
1106 2114 1168 2147 pro
1192 2103 1333 2137 Sicania
1352 2103 1474 2137 Sicilia
1492 2103 1606 2138 insula

142 2153 330 2182 vocaretur
359 2147 570 2189 effecerunt,
605 2146 882 2191 uberrimamque
914 2147 979 2181 soli
1010 2147 1187 2192 regionem
1222 2149 1419 2183 habitantes
1450 2150 1603 2183 incolue-

144 2189 264 2227 runt.”
306 2191 455 2226 maxima
488 2197 600 2225 autem
633 2191 746 2226 insula
778 2204 798 2226 e
829 2199 962 2238 septem
992 2205 1070 2228 esse
1091 2194 1261 2238 probatur
1285 2196 1387 2232 etiam
1411 2195 1526 2233 Alexii
1549 2207 1608 2231 co-

146 2238 227 2273 mici
246 2237 464 2281 testimonio,
492 2237 589 2271 cuius
614 2237 651 2270 hi
674 2244 755 2272 sunt
777 2249 918 2272 versus:

362 2295 406 2317 ex
426 2282 549 2317 insulis
570 2288 724 2327 septem,
749 2284 919 2318 indicavit
939 2296 1025 2329 quas
1048 2296 1175 2329 parens

362 2334 488 2363 natura
507 2329 716 2373 terrigenis,
741 2330 862 2364 Sicilia
886 2335 940 2364 est
962 2330 1122 2375 maxima,

364 2378 403 2408 ut
427 2374 518 2408 fama
540 2375 632 2416 fert3
659 2376 811 2410 secunda
834 2376 969 2419 Sardo,
991 2376 1098 2410 tertia

364 2420 527 2464 Cyrnus3
552 2420 647 2456 Iovis
671 2433 761 2465 quae
783 2423 891 2456 Creta
913 2421 1030 2456 nutrix
1054 2426 1178 2466 quarta
1200 2425 1282 2456 stat.

363 2464 514 2499 Euboea
537 2466 658 2510 quinta
683 2473 848 2512 angusta,
877 2473 976 2501 sexta
1001 2467 1141 2512 Cyprus
1167 2473 1239 2502 est:

363 2515 402 2545 at
422 2510 558 2545 Lesbus
581 2512 735 2547 ordinem
759 2519 814 2547 est
838 2514 964 2558 adepta
988 2513 1183 2557 septimum.

147 2566 252 2601 porro
276 2566 320 2588 ex
340 2555 548 2590 insularibus
573 2557 759 2602 indigenae
793 2559 963 2603 quondam
984 2559 1133 2604 Ligures
1158 2570 1201 2593 ex
1225 2559 1327 2594 Italia
1351 2559 1462 2594 Siculi
1487 2560 1609 2596 dicun-

148 2609 227 2645 tur,
258 2600 418 2636 advenae
448 2607 561 2636 autem
585 2605 716 2639 Graeci
741 2611 822 2639 sunt
845 2604 1052 2648 Siceliotae‚
1087 2609 1125 2639 ut
1147 2605 1324 2639 Italiotae.
1372 2611 1523 2641 ceterum
1554 2608 1610 2642 in-

149 2646 266 2690 signes
290 2649 395 2682 urbes
418 2648 541 2691 habet,
566 2649 760 2692 Syracusas
784 2656 821 2684 et
841 2650 1110 2684 Tauromenium
1135 2651 1283 2695 dictum,
1309 2651 1491 2696 ipsumque
1506 2653 1610 2697 Agri-

147 2697 311 2736 gentum,
336 2697 372 2727 et
395 2699 531 2728 ceteras
555 2694 738 2740 civitates,
772 2696 895 2740 partim
920 2697 1078 2731 desertas
1101 2696 1224 2741 partim
1251 2709 1272 2731 a
1295 2697 1483 2732 Saracenis
1507 2710 1611 2732 occu-

147 2742 261 2782 patas.
308 2738 503 2784 Syracusas
538 2747 634 2775 certe
666 2743 729 2776 sub
764 2741 896 2776 Basilio
927 2741 986 2776 illo
1009 2742 1187 2788 praeclaro
1212 2742 1423 2788 imperatore
1446 2750 1613 2789 ceperunt

148 2783 338 2828 Saraceni,
380 2784 650 2821 Tauromenium
692 2799 778 2822 vero
822 2789 888 2822 sub
928 2787 1049 2823 Leone
1086 2788 1345 2834 sapientissimo
1387 2788 1612 2836 imperatore.

149 2834 319 2874 quotquot
341 2829 450 2875 igitur
471 2831 608 2868 deserta
630 2832 730 2869 suere
751 2834 904 2881 oppida,
926 2834 1012 2870 haec
1035 2835 1078 2869 ab
1102 2834 1218 2881 impiis
1242 2834 1427 2870 Saracenis
1451 2836 1612 2871 detinen-
