1780 3132
346 134 399 172 lN
441 131 803 173 SYNECDEMUM
845 130 1299 172 COMMENrAmts.
1429 129 1522 173 537

88 242 258 285 daemon
272 239 451 292 Σχεδιάς
479 242 551 283 καί
565 243 826 284 Μενελαΐτου
856 246 1065 299 episcopus
1092 245 1133 286 in
1162 244 1277 298 epist.
1309 243 1523 286 Athanasii

89 299 141 340 ad
163 299 407 339 Antiochen.
438 300 623 352 intellige
653 305 785 340 autem
823 314 983 341 nomum
1010 302 1276 342 Menelaiten:
1308 311 1398 340 nam
1427 303 1523 341 urhs

87 354 310 396 Menelaus.
367 355 402 394 si
440 360 571 395 tamen
603 355 740 395 urbem
779 368 867 395 esse
896 357 1019 404 velis,
1057 355 1300 396 lastinianus
1329 356 1435 396 Edit.
1470 361 1524 397 13

88 422 123 450 c.
153 413 206 451 18
235 409 387 450 auxilio
415 410 503 451 erit.
524 409 697 449 Schedia
715 422 841 462 prope.
859 411 1044 451 Chaereu
1074 411 1332 458 mansionem,
1361 411 1410 450 dc
1443 424 1523 464 qua

87 465 175 505 ltin.
198 464 300 505 Ant.
327 478 365 517 Ρ.
390 468 477 515 154,
509 468 609 504 erat.
641 464 776 505 Schol.
806 466 997 506 Nicandri
1015 466 1201 507 Theriac.
1233 470 1336 506 623:
1366 465 1523 515 Σχεδιά

88 518 135 558 δὲ
163 515 280 563 πόλις
305 516 538 572 Αἰγύπτου,
565 517 735 570 πλησίον
776 519 979 569 Χαιρέου.
1037 521 1140 562 adde
1168 522 1196 562 l.
1223 525 1250 562 3
1282 521 1458 561 Maccab.
1488 535 1523 565 c.

87 577 115 616 4
142 579 207 627 11,
213 574 306 616 *ubi
330 575 499 616 Latinus
527 575 727 627 interpres
748 574 961 615 Schediam
992 576 1130 616 videre
1159 589 1238 616 non
1268 577 1410 629 potuit.

197 645 293 689 399,
324 639 625 693 7.]11έτηλις]
658 646 767 681 recte
794 642 1104 682 1,.1111151111111115
1133 643 1322 682 correxit.
1380 642 1524 682 aberat

85 695 195 737 haud
222 696 347 750 longe
367 695 618 736 Alexandria
643 695 850 748 Stephano
883 701 1059 737 auctore.
1117 698 1223 738 numi
1255 696 1521 736 METHAI.

86 764 170 790 των
197 756 289 793 suut
317 751 421 804 apud
451 751 702 792 Harduinum
739 756 779 790 et
805 753 1090 803 Vaillantium,
1121 765 1170 792 ac
1197 752 1404 806 episcopus
1432 753 1521 794 Ma-

86 806 219 848 carius
247 805 493 859 Μετηλιτῶν
522 806 564 846 111
591 806 794 858 Ephesino
823 806 991 847 concilio
1022 821 1058 859 Ρ.
1077 784 1171 848 '531

66 906 68 909 ,
194 869 303 914 Ibid.
361 870 542 924 Βοῦτος]
585 871 690 912 haud
737 873 863 925 longo
901 873 1118 913 intervallo
1159 877 1312 913 semota
1351 873 1428 913 fuit
1468 872 1520 913 ab

84 927 189 968 ostio
207 927 475 975 Sebennitico‚
490 923 641 965 Βουτώ
672 939 839 980 quoque,
858 927 916 967 uti
937 928 1162 980 Epiphanio
1185 934 1278 969 tom.
1295 932 1318 968 1
1347 942 1385 990 Ρ.
1400 933 1521 980 1092,

0 989 3 994 “
83 982 375 1036 Aegyptiorum
395 994 516 1022 more
545 981 665 1022 dicta.
723 983 913 1023 Theonas
942 984 1153 1034 episcopus
1181 981 1396 1021 Βουτιτῶν
1423 983 1520 1023 sub-

84 1038 227 1079 scribit
254 1037 420 1087 synodo
450 1036 756 1090 Constantinop.
793 1038 865 1077 sub
894 1037 1103 1078 Gennadio
1133 1038 1237 1089 apud
1268 1039 1522 1079 Lambeciuni

83 1093 187 1134 Bibl.
215 1093 388 1134 Vindob
406 1096 435 1133 8
462 1107 501 1147 p.
519 1095 613 1145 423,
641 1093 808 1134 Ammon
836 1092 1070 1145 Βουτητῶν,
1098 1093 1179 1134 levi
1209 1093 1321 1145 vitio,
1350 1094 1521 1147 Ephesi-

83 1160 162 1190 ¹¹³⁶
190 1151 656 1266 11ὀ1511318Κοίβασσα]
690 1210 874 1263 Κάβασα
900 1214 1163 1265 Ptolemaeus,
1193 1217 1232 1254 et
1262 1213 1522 1254 KABACI-

83 1267 168 1308 τῶν
193 1270 315 1310 11111111.
371 1270 669 1322 Theopemptus
703 1267 928 1321 Καβάσων,
966 1282 1040 1322 pro
1070 1283 1147 1323 quo
1176 1282 1236 1310 ms
1266 1263 1520 1320 Καυάσσων,

82 1337 260 1433 ggii-ixit
267 1325 468 1379 Ephesiuo
517 1325 687 1366 concilio
729 1338 768 1378 Ρ.
784 1326 864 1365 531
901 1329 941 1365 et
979 1324 1222 1366 Chalcedon.
1263 1337 1301 1377 Ρ.
1320 1328 1399 1364 127
1444 1324 1520 1364 ad-

194 1443 301 1487 Ibid„
361 1442 477 1495 Σάϊς]
496 1446 554 1487 ita
578 1446 707 1486 codex
726 1446 1020 1498 Lugdunensis.
1050 1446 1221 1486 nobilem
1239 1446 1342 1485 hanc
1371 1458 1523 1498 cogno-

82 1500 199 1541 minis
226 1501 333 1542 nomi
371 1502 508 1542 urbem
534 1502 734 1542 Nicander
764 1502 950 1542 Theriac.
985 1504 1066 1542 567
1099 1497 1202 1538 Σάϊν
1239 1479 1524 1539 αιθαὶόεσσαν

81 1557 292 1620 appellat,
319 1556 387 1596 ubi
427 1557 690 1607 scholiastes,
718 1552 839 1608 .-.α’ϊ,ς
873 1557 1012 1610 inquit,
1047 1553 1165 1602 πόλις
1194 1552 1426 1617 Αἰγύπτου,
1455 1554 1523 1605 γε’-

83 1624 222 1660 μουσα
249 1607 568 1658 ιπποποτοὲαων·
597 1589 883 1650 αἰθαλόεσσαν
907 1611 952 1649 δέ
974 1624 1112 1663 φησιν,
1141 1609 1232 1648 ἐπει
1259 1605 1524 1659 μελανόγειός

83 1664 185 1704 ἐστι.
242 1667 400 1707 incolae
430 1668 594 1717 Saitae,
625 1672 669 1706 ut
705 1668 755 1707 ab
787 1667 962 1706 eiusdem
993 1666 1162 1706 nominis
1190 1666 1230 1704 in
1260 1665 1438 1705 Thracia
1465 1664 1521 1703 ci-

85 1721 202 1760 vibus
224 1721 543 1797 distinguantur.
601 1723 698 1762 Vita
716 1722 832 1762 Arati
862 1722 901 1761 in
921 1722 1140 1783 Uranolog.
1171 1721 1307 1759 petax
1286 1733 1326 1759 11
1360 1733 1397 1770 p.
1417 1722 1520 1760 184;

82 1775 154 1813 καί
183 1771 262 1842 γάρ
294 1773 395 1822 §dig
428 1773 544 1822 πόλις
583 1773 694 1815 ἔστιν
729 1777 774 1815 ἐν
795 1773 958 1838 Θοάκῃ,
997 1789 1065 1813 και
1100 1769 1222 1823 ἑτέρα
1252 1770 1379 1836 ταύτῃ
1412 1771 1522 1823 ὁμώ-

60 1842 216 1878 ,νυμος
241 1830 286 1868 ἐν
310 1827 541 1884 Atyv'ntrgv
601 1826 692 1869 ἀλλ’
723 1828 804 1869 α’πὸ
835 1831 911 1877 μὲν
941 1828 1013 1880 τῆς
1038 1829 1082 1868 ἐν
1109 1827 1309 1882 Αιγύητω
1340 1825 1378 1867 οἱ
1409 1831 1522 1867 πολῖ-

33 1900 36 1903 ’
82 1898 151 1924 ται
177 1884 326 1924 Σαῗται
348 1885 584 1938 καλοῦνται,
614 1882 651 1924 οἱ
682 1885 727 1926 δὲ
758 1885 829 1937 τῆς
862 1883 1028 1938 Θοᾴκης
1058 1880 1189 1922 Σάϊοι.

192 1960 300 2003 Ιῠίἀ.
359 1958 652 2016 Ναύκοατις]’
642 1977 684 2003 ln
704 1963 841 2003 eodem
862 1968 950 2002 erat
978 1974 1107 2011 nomo,
1137 1961 1283 2000 flumini
1303 1961 1517 2001 accubans.

63 2016 226 2057 ‘Esaias
240 2017 545 2066 Ναυκρατιτῶν
574 2019 727 2068 synodo
754 2017 1060 2069 Constantinop-
1088 2016 1159 2055 sub
1175 2016 1385 2056 Gennadio
1414 2015 1520 2068 apud

81 2072 334 2113 lambecium
366 2072 470 2114 Bibl.
503 2072 667 2114 Caesar.
698 2077 727 2114 8
757 2087 793 2126 p.
812 2076 892 2113 423
922 2072 1170 2123 subscripsit.

191 2136 301 2179 Ibid
353 2134 556 2192 Ἀνδοων]
600 2140 722 2180 habet
758 2140 850 2179 Ant.
895 2139 984 2178 ltin
1019 2151 1057 2190 p.
1080 2140 1170 2177 154.
1217 2136 1391 2177 Carolus
1421 2149 1446 2176 a
1474 2135 1518 2177 S.

81 2193 225 2233 Paullo
254 2194 296 2234 in
325 2192 538 2234 Athanasii
564 2196 616 2235 ad
629 2195 900 2235 Antiochenos
929 2193 1044 2245 epist.
1058 2206 1095 2244 Ρ.
1113 2196 1195 2231 776
1224 2193 1520 2232 Andromenam

80 2249 283 2311 appellari
324 2253 479 2295 censet
506 2262 645 2289 errore
674 2249 858 2289 ridiculo.
933 2252 1204 2287 memorantur
1236 2243 1522 2291 1111111Ζώϊλος

81 2300 252 2354 Ἀνδρώ,
284 2302 438 2354 ΙΙἸηνᾶς
475 2302 705 2356 Ἁντίφρων
744 2303 940 2356 episcopi:
983 2303 1075 2342 hinc
1116 2302 1411 2343 Andromenam
1450 2313 1520 2341 ex-

80 2358 575 2454 {irflm’lmfienedifflni
605 2359 758 2412 pridem
787 2362 1036 2399 monuerunt.
1094 2358 1187 2398 vide
1214 2358 1520 2411 Xenophontem

116 2426 144 2465 Ρ
175 2425 229 2453 es.
277 2443 288 2454 .
374 2441 384 2450 .

192 2486 300 2528 [bid.
359 2486 527 2536 Νικιόυ]
562 2488 653 2528 vide
683 2488 776 2528 Ant.
807 2489 898 2529 ltin.
929 2502 967 2541 p.
986 2490 1077 2528 155.
1101 2488 1313 2541 episeopus
1342 2488 1412 2540 τῆς
1438 2488 1520 2526 Νι-

81 2541 239 2581 mmuh»
266 2547 328 2582 est
355 2543 395 2583 in
413 2543 620 2592 synodica
650 2544 850 2584 Gennadii
877 2544 983 2596 apud
1014 2544 1280 2584 Lambecium.

190 2606 300 2650 Ibid.
356 2604 472 2655 Ξόϊς]
514 2609 611 2649 urbs
642 2610 813 2650 insulam
856 2611 898 2650 in
925 2622 1041 2650 nomo
1072 2610 1341 2661 Sebennytico
1371 2607 1519 2651 inside-

80 2662 166 2716 bat,
192 2664 311 2705 Orac.
340 2663 488 2713 Sibyll.
523 2665 552 2704 1.
581 2666 609 2706 5
636 2678 674 2720 Ρ.
688 2668 771 2707 307
803 2661 931 2712 Ξοῦϊς
957 2666 1089 2707 dicta:
