1780 3132
293 187 364 227 DE
409 183 857 226 ADMlNisTRAN-Do
898 180 1122 225 IMPERIO
1163 179 1279 223 CAP.
1322 181 1387 230 53.
1477 175 1570 220 257

133 285 156 328 ὅ
174 282 410 338 Ἄσανδρος
438 287 656 338 πρέσβεις,
683 286 811 337 λέγων
848 288 934 331 τοῖς
963 284 1246 336 Χερσωνίταις
1273 276 1342 321 ὅτι
1370 277 1444 320 ἐὰν
1474 279 1576 331 ἀλη-

134 351 223 399 θάῖς
252 352 385 403 λέγετε
414 348 486 390 καί
515 349 791 390 πιστοποιεῖτέ
809 363 862 400 με
892 345 955 389 ὅτι
978 346 1188 400 Λάμαχος
1216 347 1405 399 ἀνέχεται
1434 346 1577 395 ζεῦξαι

134 413 208 468 τήν
237 417 452 468 θυγατέρα
484 415 615 455 αὐτοῦ
651 416 706 469 τῷ
743 415 968 470 μειζοτέρῳ
998 428 1081 465 μου
1111 411 1210 469 υἱῷ,
1238 412 1453 453 α’ποστελαῖ
1479 406 1578 461 ὑμῖν

136 477 262 521 αὐτὸν
291 481 448 521 ἐκεῖνον
492 477 642 520 αὐτόθι
676 480 1111 533 ἑπιγαμβρεύσασθαι.
1188 474 1239 532 ἧν
1275 478 1322 518 δὲ
1370 475 1579 528 Λάμαχος

101 548 224 593 stote,-
248 541 338 586 τότε
365 549 539 599 καιροῖς,
568 544 624 593 ὥς
652 541 785 597 λόγος,
819 545 982 601 πλούτῳ
1012 546 1147 600 πολλῷ
1176 544 1315 594 κομῶν
1345 540 1389 583 ἔν
1406 557 1450 582 τε
1473 557 1581 594 χρυ-

137 612 215 666 σίῳ
247 609 320 651 καί
347 610 531 666 ἀργυρίῳ
559 612 685 651 παισί
699 625 743 651 τε
771 609 843 650 καὶ
870 611 1110 658 παιδίσκαις
1135 608 1208 650 καί
1231 605 1396 662 ἀλόγοις
1425 606 1582 660 διαφό-

137 690 227 729 ροις
259 677 330 716 καί
357 675 535 730 κτήμασι
562 678 743 730 πολλοῖς,
770 670 846 716 ’καί
873 677 1073 728 τέσσαρσι
1096 675 1143 715 δὲ
1173 673 1348 729 ῥεγεῶσι
1376 672 1448 714 τὸν
1473 668 1583 713 οἶκον

137 740 270 782 αὐτοῦ
297 741 530 796 ἐπικρατεῖν
557 742 602 783 ἐν
627 738 775 782 πλάτει
803 740 872 782 καὶ
899 742 1033 796 μήκει,
1060 739 1139 789 ἕως
1166 739 1277 781 κάτω
1307 739 1387 780 τῶν
1414 738 1583 790 λεγομέὲ

135 821 219 846 νων
250 807 431 862 Σουσῶν,
458 808 502 848 ἐν
542 802 604 855 οἷς
630 807 704 847 καί
745 807 858 848 ἰδίαν
886 806 1019 861 πύλην
1047 801 1157 858 εἶχεν
1184 805 1229 846 ἐν
1255 805 1313 861 τῷ
1339 801 1483 857 τείχει,
1512 803 1585 843 καί

83 875 126 909 10
138 874 346 926 τέσσαρας
363 873 579 921 πυλεῶνας
596 869 803 926 μεγάλους
818 873 876 921 εἰς
893 870 967 926 τήν
983 870 1147 914 εἴσοδον
1166 872 1239 911 καί
1251 870 1324 924 τήν
1339 868 1490 921 ἔξοδον,
1505 868 1583 909 σὺν

135 934 293 990 ἑτέροις
313 939 359 979 δὲ
381 939 660 992 παραπυλίοις
680 943 846 990 σεμνοῖς
867 933 974 978 ὥστε
995 938 1294 990 εἶσερχομένων
1316 935 1398 976 τῶν
1420 932 1583 987 ἀλόγων

135 1002 274 1043 αὐτοῦ
298 1003 344 1043 ἐν
364 1004 417 1059 τῇ
435 1001 554 1043 πόλει
575 999 752 1057 ἑκάστην
773 1002 923 1056 ἀγέλην
949 1002 1076 1054 ζώων,
1105 1003 1242 1043 ἵππων
1254 1016 1296 1042 τε
1325 999 1399 1041 καί
1416 998 1582 1054 φορβά-

136 1067 232 1120 δων,
259 1069 368 1119 βοῶν
387 1067 459 1108 καὶ
487 1068 718 1120 δαμάλεων,
738 1067 958 1122 προβάτων
974 1083 1016 1109 τε
1043 1068 1116 1108 καί
1145 1061 1263 1118 ὄνων,
1292 1067 1365 1107 καί
1388 1067 1440 1107 δι’
1474 1066 1584 1112 ἰδίας

134 1131 269 1179 πύλας
283 1133 457 1174 εἰσιέναι
475 1135 548 1174 καί
561 1134 620 1182 εἷς
641 1135 753 1174 ἱὸιάν
770 1133 918 1174 στάσιν
939 1135 1116 1174 α’πιὲναι.
1149 1130 1435 1185 παρεκάλεσαν
1451 1125 1526 1172 οὖν
1544 1128 1583 1171 οἱ

81 1199 124 1233 15
137 1198 404 1250 Χερσωνῖται
449 1197 524 1238 τὸν
549 1198 762 1251 Λάμαχον
791 1199 857 1252 ἐφ’
905 1192 983 1254 ᾧτε
1011 1196 1423 1251 ἑπιγαμβρεύσεσθαι
1452 1193 1696 1237 αὕτὸνΡὶὄι

134 1259 208 1302 τὸν
237 1263 311 1302 τοῦ
348 1260 579 1315 Ἀσοίνδρου
608 1262 715 1305 υἱόν.
772 1264 850 1303 τοῦ
881 1265 927 1304 δὲ
958 1260 1172 1315 Λαμάχου
1216 1261 1504 1308 ἐπινεύσαντος
1531 1264 1583 1316 τῇ

134 1324 392 1379 παρακλήσει
431 1328 572 1369 admit*
598 1324 728 1382 ἦλθεν
758 1327 790 1368 ’ὅ
820 1330 898 1369 τοῦ
940 1325 1170 1381 Ἀσάνδρου
1199 1325 1293 1375 υἱὸς
1322 1327 1365 1367 ἐν
1391 1329 1442 1382 τῇ
1469 1328 1584 1379 Χερ-

133 1391 237 1431 σῶνι
263 1392 337 1432 καί
362 1389 488 1446 ἔγημε
512 1391 586 1446 τὴν
614 1398 806 1446 γυναῖκα.
835 1394 908 1434 καί
935 1394 1095 1442 διετοῦς
1119 1394 1275 1447 μικροῦ
1302 1390 1458 1446 χρόνου
1489 1393 1583 1432 δια-

130 1458 355 1508 γενομένου
383 1458 646 1512 ἐτελεύτησεν
670 1457 695 1499 o‘
718 1455 952 1511 Λάμαχος·
1010 1458 1036 1513 ἦ
1066 1457 1144 1512 γὰρ
1166 1457 1305 1511 μήτηρ
1335 1459 1407 1511 τῆς
1426 1459 1466 1498 Γ
1465 1457 1584 1506 υκιάς

75 1518 491 1575 2οπροτελευτήσασα
520 1515 582 1576 ἦν.
639 1522 664 1577 ἦ
695 1519 770 1565 οὖν
787 1524 829 1564 Γ
827 1524 923 1564 υκιἀ
951 1522 1056 1575 μετὰ
1083 1521 1157 1576 τήν
1186 1524 1262 1563 τοῦ
1291 1522 1482 1563 ἐνιαυτοῦ
1513 1536 1583 1562 πε-

131 1588 308 1639 ραίωσιν
344 1587 420 1641 τῆς
457 1588 533 1629 τοῦ
573 1586 732 1641 πατρὸς
767 1590 904 1643 ταφῆς
932 1589 1004 1642 τῆς
1038 1589 1299 1635 ἐνιαυσιαίοις
1327 1584 1486 1641 ἡμέρας
1518 1589 1584 1628 ἐν·-

130 1647 310 1706 στάσης,
349 1651 426 1706 τήν
466 1653 632 1708 μνήμην
659 1655 846 1696 θέλουσα
875 1655 1109 1709 φαιὸρῦναι
1155 1654 1229 1695 τοῦ
1258 1653 1368 1694 ἰδίου
1410 1650 1581 1706 πατρός,

131 1720 549 1772 στεφανηφοροῦντος
592 1721 683 1760 τότε
712 1718 784 1760 καί
819 1718 1107 1774 πρωτεύοντος
1137 1720 1210 1773 τῆς
1239 1720 1464 1773 Χερσῶνος
1492 1716 1580 1771 Ζή-

229 1863 272 1896 10
296 1864 475 1910 τέσσαρσι
498 1865 662 1900 πυλεῶσι
685 1866 722 1899 Μ
819 1864 901 1915 σὺν]
927 1868 989 1901 καὶ
1015 1868 1052 1900 Μ

130 1990 225 2019 esset
245 1985 521 2029 significassent,
547 1988 674 2021 iterum
703 1988 748 2021 ad
773 1989 998 2023 Chersonitas
1024 1989 1183 2023 Asander
1208 1990 1304 2024 misit
1332 1989 1522 2034 inquiens,
1547 1989 1579 2021 si

129 2043 248 2065 verum
274 2032 435 2066 dicerent
458 2039 566 2078 atque
590 2034 684 2067 bona
710 2035 780 2068 fide
806 2042 952 2079 agerent
975 2036 1240 2081 Lamachusque
1266 2035 1343 2069 filio
1361 2036 1486 2068 maiori
1513 2046 1576 2068 suo
1624 2039 1628 2044 ’

129 2078 239 2112 filiam
264 2090 408 2112 uxorem
434 2078 517 2112 dare
542 2081 676 2122 vellet,
712 2093 794 2115 eum
831 2094 868 2115 se
897 2084 983 2116 illuc
1009 2084 1193 2116 missurum
1219 2093 1307 2116 esse.
1359 2088 1435 2115 erat
1458 2088 1576 2114 autem

127 2125 201 2158 inis
225 2126 446 2170 temporibus
471 2127 685 2167 Lamachus,
710 2134 751 2161 ut
776 2128 980 2170 ferebatur,
1005 2130 1104 2162 dives
1128 2129 1319 2163 admodum
1344 2141 1428 2163 auro
1455 2134 1491 2166 et
1515 2140 1574 2160 ar-

128 2176 246 2214 gento,
268 2171 409 2204 famulis
435 2178 472 2205 et
495 2174 656 2214 ancillis,
680 2175 782 2219 equis
811 2187 852 2208 ac
875 2176 994 2209 fundis
1023 2177 1315 2221 quamplurimis,
1340 2181 1377 2209 et
1404 2176 1441 2208 in
1466 2180 1574 2219 quat-

128 2222 211 2250 tuor
247 2218 450 2262 regionibus
487 2219 631 2253 domum
665 2220 822 2255 habebat
849 2223 886 2255 in
915 2223 1107 2256 latitudine
1145 2228 1182 2255 et
1206 2222 1430 2266 longitudine
1460 2233 1572 2266 usque

127 2263 221 2296 infra
248 2263 335 2297 Susa
366 2275 458 2309 quae
484 2266 691 2307 dicebatur,
727 2268 790 2300 ubi
819 2270 925 2302 etiam
951 2270 988 2301 in
1016 2281 1114 2302 muro
1139 2270 1316 2314 propriam
1342 2271 1482 2302 ianuam
1507 2267 1572 2300 ha-

127 2309 239 2343 bebat
264 2316 301 2343 et
327 2317 497 2354 quattuor
523 2319 641 2357 portas
678 2326 819 2358 magnas
847 2315 892 2348 ad
923 2316 1110 2349 introitum
1137 2321 1174 2349 et
1201 2317 1334 2349 exitum
1373 2327 1452 2348 cum
1491 2315 1571 2347 aliis

126 2356 268 2389 ostiolis
294 2356 503 2401 splendidis,
523 2359 571 2392 ita
590 2366 630 2393 ut
655 2361 841 2404 pecoribus
867 2363 943 2395 eius
967 2363 1004 2395 in
1029 2362 1151 2395 urbem
1173 2362 1413 2403 venientibus,
1439 2362 1572 2404 singuli

127 2408 367 2436 armentorum
396 2414 527 2448 greges,
559 2417 804 2452 equorumque
824 2413 860 2440 et
880 2420 1063 2453 equarum,
1088 2409 1269 2454 boumque
1289 2415 1326 2442 et
1347 2409 1587 2447 bucularum,.

126 2449 318 2495 oviumque
345 2454 382 2482 et
404 2451 606 2493 asinorum,
631 2464 710 2486 suas
737 2454 871 2498 quique
897 2466 960 2499 per
986 2461 1104 2500 portas
1136 2456 1327 2489 introirent
1351 2460 1389 2488 et
1414 2455 1459 2488 ad
1485 2466 1570 2497 pro-

125 2496 242 2540 prium
274 2495 452 2528 stabulum
477 2497 713 2533 discederent.
762 2500 942 2534 adhortati
975 2502 1084 2545 igitur
1109 2502 1321 2536 Lamachum
1347 2508 1431 2535 sunt
1454 2500 1571 2534 Cher—

125 2542 265 2575 sonitae
302 2547 342 2575 ut
375 2543 526 2587 Asandri
552 2545 665 2578 filium
692 2557 859 2589 generum
886 2547 1114 2591 adscisceret3
1154 2549 1285 2594 quibus
1309 2560 1388 2581 cum
1414 2548 1476 2580 ille
1503 2550 1568 2579 ³11¹-

125 2588 279 2628 nuiaset,
308 2589 455 2622 Asandri
486 2591 579 2624 filius
605 2592 821 2626 Chersonem
851 2595 950 2627 venit
974 2595 1192 2641 Gyciamque
1215 2595 1328 2628 duxit.
1379 2601 1416 2628 et
1440 2594 1568 2637 exiguo

126 2633 266 2667 biennii
297 2640 454 2679 tempore
482 2637 603 2682 elapso
629 2640 824 2673 Lamachus
851 2640 945 2673 diem
971 2641 1072 2680 obiit,
1101 2654 1178 2675 cum
1202 2644 1272 2675 iam
1297 2643 1429 2684 Gyciae
1453 2646 1568 2674 mater

128 2686 234 2714 antea
259 2687 397 2717 mortua
421 2689 526 2716 esset.
577 2685 686 2727 Gycia
706 2692 823 2719 autem
850 2687 951 2721 finito
977 2699 1069 2722 anno
1093 2700 1114 2721 a
1138 2691 1278 2734 sepulto
1304 2694 1417 2734 patre,
1446 2699 1565 2720 annuo

131 2725 191 2765 die
214 2727 381 2768 instante,
407 2731 684 2777 memoriamque
708 2733 817 2778 patris
847 2735 902 2767 sui
931 2734 1108 2769 celebrare
1135 2737 1302 2782 cupienS,
1325 2735 1565 2782 principatum

207 2789 326 2825 Conse.
353 2792 481 2838 Porph.
1270 2798 1311 2832 17
