1780 3132
227 164 326 211 264.
426 222 433 230 ,
492 170 839 214 CONSTANTlNl
883 171 1350 210 PORPHYROGENJTI

222 269 363 316 τείαις.
419 268 658 319 ἑτοιμάσατε
693 269 738 307 δὲ
779 266 945 314 ἕκαστος
977 267 1020 306 ἐν
1047 270 1130 312 τοῖς
1156 263 1279 313 οἴκοις
1311 266 1426 318 ὑμῶν
1455 268 1554 315 ξύλα
1580 283 1625 308 τε

222 333 292 372 καί
318 335 463 385 φορτία
501 334 570 370 καί
598 331 723 384 δᾷδας
756 329 921 382 στεγνὰς
965 328 1067 382 πρὸς
1093 327 1138 369 τὸ
1163 330 1483 379 μισοποιούντων
1509 329 1626 381 ὑμῶν

221 394 295 441 τὰς
322 395 553 446 εὐφρασίας
589 394 659 432 καί
693 392 786 440 τούς
821 392 970 444 χοροὺς
1012 390 1213 441 δόξασθαι
1257 391 1359 445 πρὸς
1395 393 1625 435 ἀνάπαυσιν

220 457 336 507 ὑμῶν
365 457 544 496 ἀπιέναι.
617 454 689 496 καί
716 457 903 506 ἐμοῦ-δὲ
928 458 1173 508 ταχέστερον
1212 455 1529 510 μισοποιησοὶσης
1554 455 1626 498 κατ’

219 520 459 572 κελευούσης
485 520 797 573 ἀσφαλισθῆναι
834 518 930 566 τούς
967 520 1176 566 πυλεῶνᾰς
1201 535 1296 573 μου,
1326 517 1444 571 ὑμεῖς
1468 522 1656 568 εὕθέωςό

219 586 262 624 ἐν
290 584 440 638 ἡσυχίᾳ
467 585 596 638 πολλῇ
622 583 697 623 σὺν
726 582 847 622 παισὶ
870 582 941 623 καί
962 585 1196 630 παιδί’σκαις
1212 583 1327 634 ὑμῶν
1353 586 1516 624 πανοικί
1542 602 1624 625 πα-

219 644 470 700 ρειέγκὸντες
509 646 557 687 τὰ
586 646 686 695 ξύλα
727 645 797 685 καί
824 649 973 700 φορτία
1011 645 1082 685 καί
1107 647 1234 702 δᾷδας
1261 645 1467 698 παράθετε
1493 650 1625 689 ταῦτα

215 713 260 750 ἐν
286 715 369 758 τοῖς
397 713 582 750 πυλεῶσί
607 725 687 761 μου
730 712 800 749 καί
839 709 1111 760 παραπνλιόις
1148 712 1217 750 καί
1243 710 1374 766 κύκλῳ
1401 714 1472 763 τῆς
1498 711 1626 759 οἰκίας

212 773 366 828 πάσης,
404 776 635 826 ἐπιχέαντες
674 774 745 813 καί
791 772 926 813 ἔλαιον
972 780 1053 821 τοῖς
1093 774 1224 822 ξύλοις
1259 772 1361 827 πρὸς
1402 773 1447 815 τὸ
1486 774 1627 827 τάχιον

213 839 412 891 ἁφθῆναι.
440 838 510 878 καί
538 836 653 890 ἡνίκα
670 838 821 885 ἐξέλθω
849 837 925 889 ἐγώ
943 835 1012 877 καί
1037 834 1136 878 εἴπω
1162 838 1271 891 ὑμῖν,
1299 838 1456 886 εὐθέως
1481 836 1624 892 λάβετε
1637 844 1681 879 10

214 901 290 954 τήν
318 900 477 956 πυράν,
524 904 594 941 καί
627 898 745 952 ὑμεῖς
772 902 816 941 δὲ
845 897 1054 947 ἐν.ῧπλοις
1097 899 1366 954 παρεστήκετε
1394 901 1527 958 κύκλῳ
1553 905 1626 956 τῆς

216 967 358 1018 οἰκίας,
395 967 460 1006 ἵνα
501 961 604 1005 ὅπου
642 963 752 1011 τινάς
783 963 1017 1017 θεωρήσητε
1050 965 1304 1018 ε’κπηδῶντας
1340 966 1384 1005 ἔκ
1410 968 1483 1006 τοῦ
1513 965 1624 1007 οἴκου

217 1029 287 1069 διὰ
315 1028 488 1082 θυρίδος
528 1029 695 1075 τούτους
723 1027 1017 1081 κατασφάζητε.
1088 1027 1335 1076 ἀπελθόντες
1373 1024 1446 1070 οὖν
1471 1027 1517 1071 τὸ
1546 1045 1626 1081 μυ-

217 1091 382 1146 στήριον
412 1095 529 1133 τοῦτο
557 1093 771 1146 λαλήσατε,
800 1091 868 1131 καί
895 1089 1138 1143 ἑτοιμάσατε
1159 1095 1291 1134 πάντα
1318 1091 1347 1134 ἃ
1365 1089 1476 1135 εἶπον
1493 1093 1629 1147 ὖμῖν.”

217 1156 255 1197 οἵ.
283 1159 327 1197 δὲ
357 1161 517 1198 πολῖται
535 1158 665 1198 ταῦτα
695 1156 936 1203 ἀκούσαντες
956 1155 1032 1196 ἀπὸ
1058 1158 1138 1197 τῶν
1157 1159 1281 1209 τριῶν
1300 1159 1461 1210 ἀνδρῶν
1486 1158 1626 1213 ἐποίη-
1638 1170 1680 1204 15

218 1237 295 1262 σαν
321 1219 455 1261 πάντα
485 1222 527 1261 ἐν
555 1221 751 1276 συντομία
778 1218 881 1260 κατὰ
914 1219 984 1260 τὸν
1024 1219 1140 1272 λόγον
1166 1223 1238 1274 τῆς
1264 1224 1303 1262 Γ
1302 1220 1429 1270 υκίας.
1484 1223 1627 1264 ε’νστοί-

217 1300 291 1338 σης
322 1286 367 1325 δὲ
393 1286 464 1337 τῆς
490 1284 751 1337 μνημοσύνου
780 1284 948 1337 ἡμέρας,
977 1283 1031 1331 ὥς
1051 1286 1177 1337 δῆθεν
1190 1288 1415 1339 χαιρομένη
1440 1284 1466 1339 ἦ
1493 1288 1534 1327 Γ
1530 1288 1626 1328 υκιἀ

217 1351 504 1400 μετεπέμψατο
533 1346 629 1395 τούς
659 1349 732 1400 τῆς
759 1346 914 1395 πόλεως
931 1342 1098 1400 ἄνδρας,
1125 1351 1425 1404 προτρεπομένη
1455 1353 1528 1391 τοῦ
1553 1356 1626 1392 λα-

214 1417 302 1464 βεῖν
330 1411 481 1460 αὐτούς
516 1410 565 1452 τοὶ
599 1413 671 1465 τῆς
711 1413 969 1466 εὖφρασιάς·
1038 1414 1254 1465 συνέτρεχε
1292 1415 1337 1454 δὲ
1372 1417 1444 1455 καί
1469 1413 1491 1454 ὅ
1521 1413 1625 1468 α’νῆρ

216 1477 343 1529 αὐτῆς
371 1477 440 1516 ἐπὶ
465 1478 593 1529 τοῦτο,
630 1474 702 1515 καὶ
726 1476 948 1527 παρεκάλει
976 1480 1113 1516 πλεῖον
1143 1474 1249 1517 οἶνον
1275 1479 1448 1531 δοθῆναι
1473 1476 1681 1526 advenis-20

216 1539 284 1580 ε’πί
307 1541 357 1595 τῇ
397 1538 618 1595 εὕφρασίᾳ.
694 1537 732 1580 οἱ
761 1541 806 1580 δὲ
845 1543 1008 1580 πολῖται
1047 1540 1232 1591 ἀσμένως
1256 1540 1386 1582 πάντα
1414 1540 1626 1594 δεξάμενοι

217 1605 489 1657 ηιῖφραίνοντο
518 1602 657 1651 καθώς
683 1606 1031 1658 παρηγγέλθησαν,
1073 1607 1143 1645 καί
1170 1603 1362 1657 ἐχόρευον
1389 1603 1463 1658 τὴν
1489 1608 1626 1647 πᾶσαν

218 1666 396 1722 ἡμέραν·
470 1667 689 1722 φθασάσης
726 1668 770 1707 δὲ
806 1669 875 1720 τῆς
916 1663 1299 1736 &augeam-rmum
1334 1674 1563 1721 μισοποιεῖν
1587 1667 1633 1710 οἵ

311 1808 332 1840 2
355 1805 458 1853 ἡμῶν
480 1806 584 1849 vulgo
699 1806 721 1839 6
743 1808 852 1840 παισὶ
876 1806 1069 1839 Bandurius
1093 1818 1156 1852 pro
1179 1807 1308 1846 παῖδες

220 1923 368 1954 sarcinas
403 1933 442 1954 ac
473 1922 593 1954 taedas
617 1922 748 1954 solidas
764 1947 773 1962 ,
801 1928 840 1954 ut
862 1933 916 1954 me
942 1923 1082 1967 epulum
1112 1935 1151 1956 ac
1175 1924 1315 1956 choreas
1341 1924 1556 1958 detrectante
1582 1925 1627 1958 ad

220 1969 374 2011 ‹puietem
397 1979 457 1999 vos
481 1968 577 1999 abire
603 1969 786 2000 existimet.
836 1979 889 2000 me
914 1980 994 2000 vero
1019 1970 1120 2001 citius
1145 1970 1249 2002 solito
1273 1970 1488 2003 detrectante
1514 1981 1554 2003 ac
1572 1971 1628 2003 so-

219 2025 270 2044 res
298 2024 389 2045 meas
423 2013 577 2045 obserari
611 2014 769 2052 iubente,
793 2025 853 2045 vos
877 2015 1061 2047 confestim
1092 2026 1167 2046 cuin
1194 2015 1302 2047 multo
1328 2016 1470 2048 silentio
1494 2027 1556 2059 per
1573 2016 1627 2048 fa-

217 2059 330 2090 mulos
356 2064 391 2090 et
416 2060 560 2090 ancillas
593 2065 726 2091 vestros
750 2069 791 2090 ex
815 2059 976 2091 omnibus
1012 2060 1243 2104 undecunque
1275 2061 1419 2093 aedibus
1445 2063 1626 2094 afferentes

217 2104 311 2146 ligna
338 2104 487 2136 sarcinas
517 2104 707 2148 taedasque
734 2104 777 2136 ad
802 2105 920 2137 ianuas
945 2116 1037 2137 meas
1060 2111 1096 2138 et
1122 2106 1294 2138 vestibula
1317 2107 1497 2150 apponite,
1520 2107 1626 2139 immo

218 2151 346 2181 circum
374 2155 483 2182 totam
511 2150 664 2188 domum,
689 2155 724 2182 et
750 2151 866 2182 oleum
895 2150 998 2193 lignis
1023 2151 1210 2190 infundite,
1238 2163 1307 2195 qno
1331 2152 1433 2184 citius
1455 2152 1626 2184 flammam

219 2195 431 2238 concipiant.
488 2206 564 2228 cum
599 2202 715 2227 antem
755 2206 818 2238 ego
856 2207 988 2238 egressa
1024 2197 1122 2228 suero
1155 2197 1324 2241 vobisque
1363 2197 1494 2236 dixero,
1529 2198 1628 2230 ocius

219 2241 332 2282 ignem
359 2241 505 2281 inficite,
531 2252 569 2273 ac
595 2252 670 2272 cum
698 2242 798 2273 armis
816 2241 1067 2280 circumsistite,
1092 2248 1132 2275 ut
1154 2253 1240 2286 quos
1267 2253 1329 2286 per
1355 2243 1540 2275 fenestram
1567 2253 1628 2275 ex-

219 2287 375 2317 sinentes
401 2287 565 2318 videbitis
590 2287 817 2319 interficiatis.
876 2287 970 2319 abite
1006 2289 1110 2331 igitur
1131 2293 1167 2320 et
1201 2299 1362 2320 arcanum
1388 2287 1455 2320 hoc
1479 2293 1629 2328 narrate,

219 2337 414 2374 cunctaque
448 2325 539 2376 quie
564 2333 648 2364 iussi
673 2331 871 2375 apparate.”
928 2333 1020 2365 cives
1045 2343 1127 2365 vero
1151 2333 1210 2366 ubi
1234 2344 1304 2366 rem
1328 2334 1586 2366 intellexissent
1607 2344 1630 2366 a

219 2378 330 2409 tribus
354 2377 408 2408 his
430 2379 523 2416 viris,
548 2388 651 2421 quam
678 2378 842 2410 citissime
867 2379 980 2410 omnia
995 2379 1208 2423 peragebant
1232 2389 1274 2411 ex
1298 2379 1462 2412 mandato
1486 2380 1628 2422 Gyciae.

219 2433 295 2453 cum
321 2422 443 2465 itaque
467 2423 615 2455 instaret
636 2423 711 2455 dies
734 2424 917 2456 memoriae
943 2435 1051 2464 sacer,
1075 2429 1110 2457 et
1135 2424 1244 2466 Gycia
1268 2425 1360 2457 laeta
1384 2424 1429 2457 ad
1455 2424 1545 2457 cives
1569 2435 1630 2457 ur-

218 2468 272 2499 bis
296 2467 462 2506 mitteret,
489 2467 756 2513 hortareturque
779 2475 818 2501 ut
835 2470 1034 2512 acciperent
1052 2470 1096 2502 ad
1123 2471 1264 2514 epulum
1287 2481 1377 2514 quae
1402 2470 1629 2514 pertinerent,

218 2514 367 2545 accurrit
390 2515 494 2545 etiam
518 2514 662 2546 maritus
699 2515 774 2546 eius
804 2520 839 2547 et
862 2516 940 2558 plus
963 2516 1035 2547 vini
1066 2516 1169 2548 solito
1195 2516 1268 2548 ‹lari
1291 2517 1402 2548 iussit.
1450 2516 1539 2548 cives
1565 2526 1630 2547 au-

219 2564 290 2590 tem
316 2558 471 2590 libenter
503 2559 619 2590 omnia
655 2560 867 2602 accipientes
905 2561 1139 2604 epulabantur
1178 2562 1227 2593 uti
1259 2562 1342 2593 iussi
1378 2566 1486 2600 erant,
1510 2566 1546 2592 et
1567 2571 1632 2604 per

220 2610 329 2636 lotam
361 2604 454 2639 diem
471 2603 612 2636 choreas
636 2605 832 2647 agitabant:
857 2606 919 2638 sed
941 2607 1123 2648 ingruente
1138 2617 1281 2650 vespera
1306 2607 1405 2650 quasi
1429 2607 1523 2649 epuli
1548 2605 1629 2638 lon-

220 2649 325 2692 gioris
348 2650 498 2695 pertaesi
521 2649 661 2683 domum
694 2662 730 2683 se
757 2662 852 2684 suam
879 2652 1032 2697 quieturi
1065 2657 1282 2697 receperunt.
1309 2651 1544 2697 epulabantur
1567 2662 1630 2684 au-
