1780 3132
299 131 354 172 1N
391 129 757 174 SYNECDEMUM
792 134 1229 178 COMMENTARIUS.
1389 131 1481 179 549

156 244 251 291 399,
281 245 348 283 2⁸7.
414 239 714 293 Ἀπολλωνίας]
753 243 1035 299 Ἀπόλλωνος,
1072 249 1130 289 uti
1165 249 1271 290 aliae
1307 251 1483 292 Notitiae

51 296 227 338 maluntz
258 297 488 340 Ptolemaeo
515 311 664 351 magna
690 301 890 353 Apollinis
921 303 1042 353 urbs,
1071 305 1162 345 ltin.
1192 308 1285 345 Ant.
1317 305 1483 356 Apollo-

48 364 122 447 ilios
151 353 370 405 superioris
406 358 447 394 et
489 353 611 399 Notit.
659 354 751 407 imp.
792 357 943 397 orient.
991 371 1024 398 c.
1057 363 1148 400 143.
1219 373 1314 402 mox
1333 353 1483 410 Ὄμβοι

70 418 161 460 ege.

157 469 268 514 Ibid.
297 475 363 514 29.
420 471 588 526 Λιβύης
624 474 695 525 τῆς
724 468 825 524 ἄνω]
869 477 1054 529 superior
1083 479 1210 529 Libya
1239 480 1362 521 Notit.
1390 480 1482 532 imp.

48 526 202 567 orient.
233 539 267 567 c.
295 531 332 578 1,
363 527 429 568 ubi
458 533 500 569 et
526 529 751 581 praesidem
772 531 905 581 habet,
932 533 1091 573 obvium
1124 547 1278 587 quoque
1305 536 1345 575 in
1372 535 1482 575 Actis

49 581 95 624 S
126 581 241 622 Lucii
268 582 375 635 apud
402 582 659 624 Lambecium
686 585 714 625 l.
743 588 771 625 8
799 599 836 638 p.
860 590 942 627 206
970 587 1074 628 Bibl.
1097 589 1263 630 Vindeb.
1298 595 1338 630 et
1353 590 1483 631 Atha-

48 637 152 678 nasii
180 636 300 690 Apol.
332 641 436 679 cont.
466 639 607 680 Arian.
637 643 731 680 tom.
771 644 792 680 1
822 654 860 693 p.
882 644 973 682 174.

157 701 268 744 Ibid.
298 707 366 744 30.
431 701 651 753 Σώζουσα]
690 706 805 746 liuius
847 708 1017 748 antistes
1057 709 1241 749 Zosimus
1267 706 1483 761 Σωζοὺσης

47 757 218 799 concilio
247 758 450 811 Ephesino
492 761 666 800 secundo
704 761 810 801 inter
836 762 938 802 Acta
967 763 1312 804 chalcedonensia
1344 778 1382 817 p.
1404 770 1484 804 127

46 812 296 866 subscripsit.
346 809 550 862 Σώζουσα
601 814 675 866 τῆς
715 813 1017 863 Πενταπόλεως
1065 819 1213 859 dicitur
1261 820 1485 872 Epiphanio

47 869 214 909 naeres.
246 872 302 909 73
328 881 362 910 c.
382 873 448 919 26,
477 870 578 910 satis
608 874 738 912 recte:
768 884 860 912 nam
877 872 1007 923 Libya
1033 874 1217 926 superior
1248 875 1484 927 pentapolin

49 923 338 977 complectitur.

158 987 269 1030 Ibid·
327 985 520 1045 Κυρήνη]
548 991 798 1033 nobilissima
827 993 922 1033 olim
950 994 1045 1034 urbs
1062 993 1224 1044 synesii
1256 999 1388 1034 aetate
1417 996 1486 1034 de-

49 1044 252 1098 ploranda
280 1049 370 1085 erat
394 1046 634 1096 conditione,
662 1059 832 1099 prorsus
862 1050 1050 1102 neglecta
1078 1054 1116 1089 et
1146 1049 1188 1089 in
1215 1050 1368 1089 ruinam
1389 1062 1487 1101 pro-

50 1100 262 1149 cumbens3
292 1100 397 1140 unde
442 1106 546 1142 orat.
577 1101 627 1140 de
654 1103 797 1155 Regno
827 1117 866 1156 p.
885 1108 912 1143 2
952 1105 1204 1144 meritissimo
1231 1105 1485 1156 imperatoris

47 1167 171 1207 opem
196 1154 399 1207 implorat,
428 1153 545 1202 πόλις
574 1152 775 1208 Ἑλληνίς,
804 1159 951 1211 inquit,
983 1155 1161 1196 παλαιὸν
1188 1151 1318 1207 ὄνομα
1346 1158 1419 1197 καί
1445 1157 1489 1198 ἐν

47 1209 136 1264 ω’δῇ
173 1209 305 1263 μυρίᾳ
339 1209 423 1249 τῶν
462 1207 594 1249 πάλαι
633 1211 797 1263 σοφῶν,
838 1214 912 1252 νῦν
949 1215 1069 1264 πένης
1099 1211 1169 1252 καί
1203 1211 1388 1265 κατηφὴς
1417 1213 1489 1252 καί

47 1264 155 1316 μέγα
182 1260 387 1317 ἐρείπων,
421 1263 493 1304 καί
518 1265 725 1315 βασιλέως
755 1263 973 1319 δεόμενον,
1004 1268 1044 1307 εἰ
1071 1269 1208 1316 μέλλει
1245 1282 1284 1306 τι
1315 1263 1486 1317 πράξειν

47 1319 122 1372 τῆς
157 1315 255 1371 περὶ
295 1315 424 1372 αὐτὴν
462 1318 760 1371 ἀρχαιολογίας
798 1321 977 1369 ἐπάξιον.
1043 1325 1160 1376 plura
1201 1324 1240 1363 in
1273 1324 1364 1363 Ant.
1395 1324 1486 1365 ltin.

49 1390 88 1429 p.
106 1378 173 1416 68.
203 1378 323 1427 portu
367 1376 554 1416 utebatur
581 1376 805 1428 Phycunte,
837 1378 886 1417 de
921 1391 996 1432 quo
1024 1383 1188 1431 praeter
1217 1380 1487 1419 Ptolemaeum

48 1432 153 1472 idem
180 1430 374 1480 synesius
403 1431 517 1483 epist.
546 1432 626 1471 51:
670 1424 846 1480 ἄραντες
885 1431 930 1471 ἐκ
983 1433 1213 1479 Φυκοῦντος
1258 1433 1489 1484 ἀρχομένης

49 1480 169 1536 «inias,
199 1483 335 1538 δείλης
362 1482 486 1535 ὀψίας
511 1483 568 1539 τῷ
595 1485 682 1524 κατ’
708 1483 915 1537 Ἐρυθρὰν
931 1484 1066 1541 κόλπῳ
1097 1487 1393 1540 προσέσχομεν.
1424 1489 1489 1528 ubi

53 1541 159 1582 male
187 1540 237 1580 de
263 1541 366 1583 mari
395 1541 519 1580 rubro
560 1541 606 1581 1).
640 1541 828 1582 Petavius
871 1544 1078 1594 cogitavit,
1111 1545 1212 1596 quod
1243 1546 1418 1584 fortasse
1447 1543 1487 1583 in

52 1597 187 1637 altera
218 1595 394 1637 editione
416 1595 605 1636 correxit.
672 1596 795 1637 scribi
827 1597 944 1638 debet
972 1596 1187 1649 Έρυθρόν,
1224 1611 1301 1651 quo
1333 1599 1489 1639 nomine

52 1653 184 1692 locum
210 1651 449 1692 maritimum
481 1651 523 1691 iu
541 1651 752 1704 Pentapoli
788 1652 1041 1694 Ptolemaeus
1069 1653 1190 1694 habet
1221 1658 1261 1693 et
1292 1653 1487 1702 synesius

52 1707 141 1760 ipse
171 1706 286 1758 epist.
306 1710 373 1747 67.
402 1706 506 1746 adde
535 1707 650 1759 epist.
685 1711 776 1747 100.

161 1781 269 1824 Ibid.
327 1783 586 1832 Πτολεμαῒς]
616 1784 849 1836 provinciae
880 1789 941 1822 est
965 1785 1198 1836 metropolis
1226 1785 1331 1836 apud
1358 1783 1487 1834 Syne-

53 1838 153 1878 sium
181 1838 296 1890 epist.
327 1842 382 1878 67
411 1843 451 1878 et
473 1839 604 1879 Nilum
634 1839 924 1891 Doxopatrium
952 1852 987 1890 p.
1006 1843 1097 1879 223.
1159 1853 1239 1879 non
1269 1840 1389 1891 longe
1416 1839 1487 1879 ab·

52 1897 142 1934 erat
167 1893 308 1944 Barce,
338 1906 441 1947 quae
471 1894 678 1935 festinanti
708 1907 865 1934 manum
893 1894 1031 1934 iniicit.
1090 1899 1185 1946 puto
1217 1894 1364 1934 camin
1400 1894 1488 1933 ani-

52 1962 115 1989 mo
147 1954 267 2003 atque
294 1949 420 1989 oculis
449 1949 572 1988 fuisse
600 1949 861 2001 scriptoribus
891 1950 1070 1996 vetustis,
1101 1949 1166 2002 qui
1194 1950 1328 1988 iacobi
1356 1949 1487 1988 Maio-

52 2004 110 2044 ris
135 2005 282 2045 exitum
312 2005 581 2056 descripsere;
612 2005 715 2057 quod
748 2009 790 2043 ut
814 2008 971 2056 pateat,
998 2004 1106 2056 ipsos
1135 2004 1353 2043 audiamus.
1410 2004 1487 2043 Isi-

0 2078 9 2089 ν
51 2059 187 2110 dorus,
214 2072 286 2099 seu
318 2059 404 2112 quis
435 2060 537 2099 alius
566 2066 721 2109 auctor,
750 2060 791 2098 iu
824 2060 927 2098 libro
958 2059 1007 2097 de
1040 2059 1135 2098 Vita
1165 2063 1203 2097 et
1233 2059 1351 2097 Obitu
1380 2058 1487 2098 San-

52 2118 219 2165 ctorum,
246 2114 318 2155 hic
345 2114 398 2154 ab
419 2112 606 2165 Herode,
638 2115 775 2166 inquit,
806 2113 1031 2154 tetrarcha
1052 2113 1200 2166 yladzo
1228 2125 1387 2154 caesus
1415 2124 1486 2154 oe-

52 2167 212 2220 cubust,
242 2169 441 2222 sepultus
468 2172 513 2210 in
538 2182 644 2210 aree
671 2168 928 2210 Mai-maria.
961 2169 1018 2208 sic
1044 2182 1103 2208 ms
1124 2169 1360 2208 lesuitarum
1387 2169 1488 2208 Ant-

52 2225 335 2277 werpiensium
363 2226 558 2277 praefert,
590 2231 634 2264 ut
662 2225 740 2277 ipsi
768 2225 1005 2276 profitentur
1044 2229 1135 2263 tom.
1185 2227 1212 2262 6
1240 2224 1312 2263 lul.
1352 2237 1390 2275 p.
1420 2226 1488 2263 85.

54 2279 127 2320 alii
152 2279 322 2330 codices,
351 2292 449 2333 quos
481 2280 668 2320 Mariana
696 2280 737 2319 in
768 2279 956 2330 disputat.
998 2279 1048 2317 de
1074 2279 1260 2318 Adventu
1284 2278 1326 2318 S.
1356 2279 1491 2319 lacobi

55 2334 98 2374 in
123 2333 287 2387 Hispan.
308 2339 381 2375 c.·7
407 2335 594 2386 inspexit,
624 2337 670 2374 in
700 2346 806 2374 arce
834 2338 904 2374 aut
934 2345 1042 2374 area
1061 2331 1332 2384 Carmaricta
1364 2331 1490 2374 Mar-

54 2391 236 2438 marica,
269 2387 552 2438 Marmarica,
582 2387 956 2431 Achimarmarz'ea
984 2389 1128 2438 edunt3
1160 2389 1373 2438 Mai-tyrol.
1416 2401 1490 2429 ve-

54 2448 119 2484 tus
146 2448 239 2484 tom.
266 2449 293 2484 3
313 2444 505 2484 Aneedot.
533 2445 594 2484 ed.
642 2445 825 2484 martene
855 2457 892 2496 p.
909 2446 1016 2483 1549
1053 2446 1097 2483 in
1125 2439 1268 2483 Aeaia
1297 2441 1490 2484 Marma-

54 2501 165 2540 rica.
224 2512 246 2537 e
274 2499 415 2552 quibus
441 2500 618 2538 mirificis
645 2499 882 2539 lectionibus
911 2499 1079 2550 Hispani
1114 2499 1333 2550 scriptores
1363 2500 1490 2538 multa

55 2554 419 2604 comminiscuntur,
436 2558 480 2593 ut
492 2554 676 2594 Iacobum
692 2554 800 2594 iutra
829 2566 925 2593 suae
942 2553 1120 2606 regionis
1138 2554 1236 2592 fines
1258 2555 1491 2593 tumulatum

57 2609 180 2648 fuisse
206 2610 382 2649 vincant.
441 2609 628 2649 Mariana
647 2621 783 2649 arcam
803 2609 1079 2648 marmoricam
1098 2609 1279 2657 effingit,
1307 2609 1347 2647 in
1374 2620 1491 2661 quam

56 2663 224 2705 lacobus
254 2663 376 2705 fuerit
407 2663 558 2714 illatus,
591 2676 768 2716 prorsus,
797 2669 841 2704 ut
867 2664 918 2704 de
946 2664 1141 2704 vocabulo
1169 2664 1319 2714 sileam,
1352 2667 1494 2703 eontra
