1780 3132
295 150 388 194 538
799 154 1144 195 WESSELINGII

457 264 616 315 Θμοῦῖς
642 261 715 303 καί
740 258 866 311 Ξοιῒϊς
891 264 1078 315 θλίβεται
1108 262 1179 303 καί
1205 261 1394 306 κόπτεται
1418 264 1547 319 βοῦλη

446 328 700 380 Ἡρακλέους
727 341 770 367 τε
793 327 896 375 Διός
921 342 966 369 τε
992 327 1062 369 καί
1080 326 1281 381 Ἑρμείαο.

297 395 360 448 qui
391 405 530 435 versus
545 425 556 445 ‚
597 394 632 434 si
660 394 701 434 in
729 394 875 446 prioris
910 396 987 434 fine
1013 390 1159 433 Βουτώ
1188 394 1394 447 scripseris
1422 399 1462 435 et
1487 396 1698 449 posteriori

295 448 515 497 addideris,
556 459 607 487 ne
633 448 846 500 claudicet,
873 443 1039 500 πόληες,
1081 448 1220 489 melius
1256 449 1466 489 decurrent
1491 450 1700 503 pluresque

295 502 468 555 Aegypti
494 502 823 553 comprehendent
848 503 979 542 urbes.

403 570 507 616 399,
541 569 580 606 8.
650 563 886 617 Φραυύνης]
926 561 1142 616 Φράγωνις
1186 569 1334 606 rectum
1382 565 1559 608 videtur:
1594 570 1701 607 certe

297 620 540 660 Athanasius
571 621 684 672 epist.
715 620 766 660 ad
800 621 1031 660 Antiochen.
1075 633 1112 672 p.
1129 624 1209 660 776
1235 620 1434 685 Agathum
1460 619 1518 660 ait
1544 620 1698 661 antisti-

296 678 376 714 tem
414 669 666 724 Φραγιόνεως
699 671 770 711 καί
813 673 966 724 μέρους
1000 672 1070 723 τῆς
1106 673 1336 725 Ἐλεαρχιας
1378 673 1450 723 τῆς
1486 669 1700 725 Αἰγύπτου

296 729 431 775 fuisse,
462 727 599 779 quibus
621 727 786 780 pariter,
816 728 882 767 ubi
910 727 1133 780 quaerenda
1158 728 1222 778 sit,
1248 728 1452 768 indicavit.
1508 727 1550 768 in
1580 727 1700 767 Libe-

295 782 378 822 rati
405 781 610 821 Breviario
641 794 674 822 c.
705 783 757 821 14
792 786 1058 821 memorantur
1089 781 1330 822 Athanasius
1357 782 1561 834 episcopus
1588 780 1701 820 Busi-

296 836 380 876 rios
410 839 450 874 et
487 836 693 875 Nestorius
732 835 984 887 Phlagoneos
1037 838 1077 873 et
1114 835 1321 875 Auxonius
1362 836 1675 876 Chabasenensis
1689 866 1701 885 ‚

299 900 463 942 quorum
489 890 637 929 medius
650 889 918 940 Phragoneos,
945 888 1104 928 ultimus
1122 888 1373 938 Cabasensis,
1401 889 1450 928 de
1470 889 1578 929 cuius
1606 889 1704 930 urbe

298 947 415 990 ante,
453 943 585 983 verius
626 943 906 995 appellabitur.
982 941 1216 992 Φραγονέας
1243 943 1327 982 sive
1354 941 1587 993 Φλαγονέας
1613 942 1704 994 (va-

297 997 406 1036 riant
438 996 538 1036 enim
567 997 666 1048 mss)
696 998 857 1049 praesul
875 996 1003 1037 adfuit
1029 996 1196 1036 concilio
1213 997 1424 1049 Ephesino.
1453 996 1544 1037 vide
1571 1009 1610 1049 p.
1625 999 1705 1037 439

299 1055 340 1091 et
368 1052 461 1090 530.

410 1123 516 1165 Ibid.
535 1129 574 1165 9.
630 1120 896 1177 Παχνεμόης]
917 1124 1142 1164 Ptolemaeo
1163 1119 1474 1175 Παχναμουνίς,
1487 1121 1707 1165 Athanasio

301 1174 617 1228 Παχνεμουνίςι
656 1179 879 1232 episcopum
915 1179 1017 1219 enim
1066 1179 1107 1219 in
1150 1178 1320 1230 epistola
1353 1179 1404 1218 ad
1441 1178 1706 1218 Antiochenos

301 1233 549 1272 Ammonium
578 1233 699 1272 fuisse
738 1234 795 1273 ait
826 1232 1155 1282 Παχνεμουνέως
1192 1231 1263 1269 καί
1285 1231 1361 1270 τοῦ
1389 1231 1533 1270 λοιποῦ
1559 1231 1709 1281 μέρους

300 1286 371 1335 τῆς
393 1283 653 1336 Ἐλεαρχιάς;
678 1288 781 1326 unde
808 1291 986 1339 apertum
1018 1286 1109 1326 mihi
1140 1290 1200 1325 est
1239 1285 1342 1325 hanc
1366 1285 1560 1338 superiori
1585 1286 1708 1326 fuisse

301 1341 483 1391 vicinam,
516 1345 555 1380 et
581 1341 622 1380 in
650 1341 885 1391 Elearchia,
914 1341 964 1380 de
990 1352 1068 1392 qua
1093 1340 1350 1391 postmodum,
1377 1340 1559 1392 positam.

408 1414 514 1456 Ibid.
572 1412 807 1468 Σεβόνυτος]
839 1411 1084 1464 Σεβεννυτὸς
1111 1419 1311 1467 praestat,
1351 1415 1429 1455 sita
1461 1416 1512 1456 ad
1539 1414 1710 1455 eiusdem

301 1469 469 1510 nominis
512 1469 671 1510 fluvium
719 1471 823 1522 apud
861 1470 1125 1510 Ptolemaeum
1161 1475 1200 1508 et
1226 1469 1480 1522 Stephanum.
1548 1469 1711 1509 Paullus

303 1523 553 1572 Σεβεννυτοῦ
589 1525 799 1564 subscribit
842 1523 1069 1574 synodicae
1098 1523 1293 1563 Gennadii
1332 1523 1435 1575 apud
1461 1522 1710 1563 Lambecium

302 1577 347 1617 B.
376 1577 494 1617 Caes.
523 1580 550 1617 8
576 1591 614 1629 p.
644 1581 736 1618 423.

411 1640 516 1681 Ibid.
563 1633 774 1694 ’Όνουφις]
805 1641 1008 1693 Stephano
1035 1639 1152 1686 πόλις
1191 1638 1264 1678 οὐκ
1289 1633 1506 1691 ἄγνωστος,
1533 1640 1712 1681 Athana-

300 1695 360 1735 sio
381 1687 578 1745 Ὄνουφις
607 1695 677 1745 τῆς
694 1694 873 1744 Λύχνων
903 1697 1016 1748 epist.
1048 1696 1100 1735 ad
1110 1695 1292 1736 Antioch.
1309 1708 1348 1747 p.
1370 1698 1464 1746 776,
1491 1694 1600 1736 haud
1628 1694 1711 1735 scio

300 1762 380 1802 qua
407 1749 456 1787 de
484 1762 637 1789 caussa.
667 1751 716 1788 de
745 1751 860 1790 Tava
886 1750 975 1791 ltin.
1002 1750 1095 1789 Ant.
1127 1763 1165 1802 p.
1187 1751 1278 1790 153.

407 1822 514 1864 Ibid.
531 1829 594 1864 10.
652 1823 916 1877 Κλεοπάτρα]
951 1823 1209 1874 Κλεοπατρίς
1234 1825 1317 1864 alia
1341 1823 1381 1864 in
1392 1823 1566 1873 Notitia;
1595 1834 1712 1876 quam

297 1879 469 1920 Carolus
484 1892 508 1918 a
522 1879 564 1918 S.
587 1879 724 1918 Paullo
739 1891 862 1931 prope
875 1879 1129 1931 Hermopolin
1156 1891 1321 1931 parvam
1348 1879 1467 1927 locat,
1493 1877 1709 1929 indignan-

299 1935 405 1974 tibus
431 1936 471 1971 et
496 1934 605 1972 nullo
635 1937 794 1972 auctore
822 1934 864 1973 id
889 1934 977 1973 fieri
1016 1933 1338 1973 asseverantibus
1365 1931 1626 1971 Benedictinis
1657 1930 1709 1970 ad

298 1987 491 2028 tabellam
520 1987 852 2039 geographicam‚
880 1999 994 2040 quam
1031 1987 1251 2026 Athanasio
1280 1986 1529 2026 addiderunt.
1583 1995 1711 2036 neque

299 2052 397 2082 sane
423 2041 587 2080 iniuria:
627 2042 714 2092 quis
741 2041 842 2080 enim
869 2046 1044 2080 veterum
1082 2041 1187 2080 hunc
1215 2040 1274 2079 illi
1301 2042 1428 2079 locum
1455 2039 1712 2091 assignavit?

299 2095 450 2135 nollem
476 2099 607 2134 tamen
626 2094 916 2146 cleopatridem
942 2096 1092 2134 nullam
1119 2095 1237 2134 aliam
1254 2105 1339 2133 esse
1368 2099 1485 2146 atque
1500 2093 1711 2141 Arsinoen,

299 2153 418 2188 tanta
459 2161 546 2188 cum
590 2150 824 2189 confidentia
865 2150 1151 2189 adfirmassent.
1215 2148 1412 2187 Arsinoen
1441 2145 1710 2198 Cleopatridis

299 2203 458 2243 nomine
495 2203 691 2255 insignem
730 2203 877 2253 fuisse,
906 2203 1097 2243 Straboni
1121 2205 1172 2241 17
1200 2215 1238 2254 p.
1266 2204 1348 2241 804
1373 2201 1636 2240 accredimus:
1665 2202 1708 2239 at

303 2269 354 2295 ca
383 2256 433 2295 ab
460 2256 536 2296 hac
566 2257 773 2308 provincia
789 2257 1016 2310 longissime
1046 2257 1170 2305 abest,
1198 2256 1299 2295 sinui
1314 2255 1486 2295 Arabico
1512 2253 1706 2306 apposita.

302 2311 408 2349 hanc
435 2322 531 2349 vero
559 2323 644 2350 cum
673 2311 847 2351 Notitiae
875 2314 1106 2363 agnoscant,
1145 2314 1183 2349 et
1214 2307 1518 2359 Κλεοπατρίὸος
1545 2306 1710 2347 antistes

303 2363 358 2404 sit
386 2363 427 2401 in
454 2364 630 2404 Concilio
645 2365 788 2416 Ephes.
821 2379 859 2417 p.
877 2368 969 2415 531,
999 2364 1342 2415 distinguaturque
1370 2363 1419 2403 ab
1451 2362 1634 2414 episcopo
1667 2357 1712 2396 ἐν

302 2415 530 2469 Ἀρσινοΐτῃ
572 2419 612 2457 in
651 2419 799 2458 Meletii
841 2419 1046 2458 Breviario
1090 2431 1128 2470 p.
1149 2421 1239 2467 187,
1277 2417 1381 2456 haud
1415 2428 1512 2455 sane
1538 2411 1713 2454 absurde

303 2470 530 2521 Cleopatris
566 2484 676 2511 suum
714 2472 789 2512 sibi
816 2474 942 2512 locum
984 2472 1168 2511 tuebitur.
1224 2471 1331 2510 dices
1359 2469 1430 2507 τοῦ
1456 2466 1712 2517 Ἀρσινοΐτου

303 2525 526 2576 praesulem
564 2538 642 2564 non
675 2527 784 2566 urbis
814 2527 1004 2566 Arsinoes
1042 2526 1111 2565 sed
1149 2525 1240 2577 agri
1277 2523 1395 2564 vicini
1434 2523 1577 2562 fuisse:
1605 2520 1716 2559 unde

304 2589 402 2617 vero
429 2579 695 2630 probabitur?
748 2592 875 2632 neque
904 2581 1005 2620 enim
1034 2581 1121 2619 sine
1149 2578 1371 2618 testimonio
1396 2577 1437 2616 in
1463 2577 1537 2616 hoc
1563 2585 1711 2627 genere

305 2631 484 2685 cuiquam
513 2633 716 2672 credimus.
773 2635 876 2674 addo
901 2633 1179 2687 superioribus,
1207 2630 1499 2683 cleopatridos}
1520 2629 1562 2670 in
1577 2627 1715 2679 Ephe-
