1780 3132
199 198 251 238 IN
294 195 652 238 CONSTANTlNl
693 195 890 236 PORPH.
930 194 1001 233 DE
1039 193 1203 233 THEM.
1242 193 1341 242 Llss·
1424 190 1513 236 291

70 310 171 352 urbe
199 310 402 351 Thraciae
432 311 490 351 ita
521 312 751 362 nuncupata
769 340 780 359 ,
819 308 870 348 de
908 319 987 360 qua
1021 306 1249 347 Herodotus
1286 305 1520 360 Stephanus

71 366 222 420 aliique
251 366 483 418 loquuntur.
541 366 652 405 Mon.

125 449 127 451 ¹
180 434 255 483 47,
283 436 323 472 7.
382 429 606 484 Φίλιπποι]
646 428 823 470 Hierocli
865 432 907 467 et
937 427 1032 468 aliis
1062 427 1163 468 haec
1207 429 1297 482 ipsa
1323 427 1420 468 urbs
1442 424 1520 466 ‘DA-

70 488 216 532 λιππος
248 486 412 526 dicitur.

171 550 281 594 Ibid.
294 555 334 592 8.
392 553 471 592 Pro
497 545 739 599 Κμιμόντου
761 549 974 602 legendum
995 561 1084 589 esse
1105 543 1374 598 Αἷμιμόντου
1402 561 1519 590 nemo

62 620 144 648 non
170 607 294 649 videt.
352 608 411 648 ita
439 611 572 647 monet
602 611 641 645 et
662 605 871 645 Morenus.
930 605 1138 645 Hierocles
1170 604 1332 644 tertiam
1350 604 1518 656 provin-

63 663 167 703 ciam
195 675 267 702 seu
310 663 444 716 potius
470 663 765 714 praesecturam
806 659 1010 700 Thraciae
1050 659 1175 712 ponit,
1204 664 1390 712 quartam
1419 672 1518 699 vero

58 711 326 768 Ἐμιμόντου,
354 717 422 757 uhi
461 729 534 769 pro
561 711 807 765 Ἐμιμόντου
843 715 1057 767 legendum
1090 714 1247 768 quidem
1291 719 1352 754 est
1385 710 1518 763 Αἰμι-

62 769 231 820 μόντου.
289 772 331 813 in
358 771 539 812 Thracia
569 770 717 823 quippe
746 770 821 809 fuit
853 775 893 809 et
910 770 1167 810 Haemimons
1197 774 1237 809 et
1264 769 1519 809 Haemimon-

61 831 170 867 tum:
201 827 302 867 illud
331 827 488 880 quidem
518 825 720 866 Thraciae
758 829 954 873 montem,
985 825 1062 865 hoc
1094 837 1192 866 vero
1222 825 1425 865 Thraciae
1452 837 1519 864 re-

60 881 220 935 gionem
249 882 429 922 denotat.
487 880 588 921 haec
615 880 730 932 regio
762 884 864 919 teste
891 880 1103 920 Ammiano
1132 880 1256 920 habet
1289 879 1518 919 Hadriano-

59 937 185 989 polim
228 941 269 976 et
297 937 524 977 Anchialon
570 942 736 988 praeter
782 940 942 976 ceteras
969 936 1102 976 urbes.
1177 936 1228 974 de
1258 936 1519 986 praefectura

59 991 326 1032 Haemimonti
355 992 414 1032 ita
443 991 548 1044 legit
574 991 654 1031 lac.
684 990 870 1030 Cuiacius
899 994 923 1030 1
947 990 1042 1030 Obs.
1064 995 1119 1030 26
1137 989 1183 1031 C.
1242 990 1292 1029 de
1319 991 1515 1042 appellat.

60 1050 100 1086 et
126 1047 296 1088 consult.
334 1048 362 1088 l.
397 1050 479 1087 23:
522 1058 619 1086 cum
659 1044 900 1098 appellatio
945 1047 1206 1098 interposita
1245 1043 1386 1096 fuerit
1434 1057 1517 1098 per

59 1099 304 1156 Bithyniam
345 1101 680 1155 Paphlayoniam
720 1098 904 1154 Lydiam
943 1098 1298 1154 Hellespontum,
1344 1099 1517 1141 insulas

58 1159 189 1198 etiam
216 1160 262 1198 et
290 1155 519 1210 Phrygiam
559 1155 798 1196 salutarem
815 1187 825 1206 ,
863 1154 1084 1208 Europam
1122 1160 1165 1196 et
1206 1153 1441 1208 Rhodopen
1472 1158 1516 1195 et

58 1209 421 1260 Haemimontum,
447 1210 761 1266 praefecturae
790 1209 917 1251 huius
954 1210 1078 1252 urbis
1106 1211 1312 1251 iudicium
1338 1222 1516 1251 sacrum

59 1266 312 1320 appellator
353 1266 564 1308 observet.
637 1266 691 1306 ad
737 1265 847 1305 cuius
887 1266 993 1317 legis
1034 1271 1073 1306 et
1112 1268 1286 1306 aliarum
1318 1266 1515 1306 eiusmodi

56 1326 227 1363 mentem
258 1323 558 1375 percipiendam
589 1321 678 1375 quis
709 1333 790 1360 non
820 1321 941 1370 videt,
987 1320 1115 1374 inquit
1145 1322 1357 1367 morellus,
1386 1333 1514 1374 quan-

57 1382 139 1418 tam
175 1379 304 1418 facem
344 1379 554 1430 praeferat
594 1376 699 1417 istud
740 1375 996 1415 Constantini
1045 1376 1267 1429 scriptum?
1337 1381 1514 1415 ceterum

56 1445 139 1473 non
171 1444 234 1472 me
261 1433 364 1473 latet
394 1433 626 1472 Mimantem
662 1434 836 1470 montem
869 1443 1025 1483 quoque
1056 1444 1144 1471 esse
1175 1432 1218 1472 in
1249 1430 1440 1482 Thracia,
1469 1434 1514 1470 ut

57 1491 120 1527 est
147 1487 254 1540 apud
283 1488 470 1528 Ovidium
503 1488 599 1527 Met.
617 1491 655 1538 2,
678 1486 845 1526 Suidam
875 1490 914 1525 et
933 1486 1223 1539 Aristophanis
1252 1486 1512 1526 scholiastem

53 1542 96 1582 in
122 1542 329 1584 Nubibus:
372 1555 513 1583 verum
541 1541 726 1582 Mimanti
764 1544 835 1580 aut
863 1541 1071 1581 Mimantis
1112 1544 1396 1595 praefecturae
1423 1542 1514 1581 nul-

54 1597 152 1646 libi,
190 1598 296 1650 quod
328 1597 464 1649 sciam,
492 1598 640 1638 mentio
670 1597 873 1645 occurrit3
919 1597 1025 1636 unde
1053 1610 1127 1650 pro
1158 1591 1408 1647 Κμιμόντου
1440 1608 1513 1636 ne-

52 1652 231 1694 cessario
265 1653 482 1706 legendum
505 1657 602 1706 puto
636 1647 920 1699 Αῐμιμόντου,

162 1705 274 1748 Ibid.
353 1704 494 1753 πόλεις
550 1705 615 1758 ἓξ]
687 1711 731 1747 at
774 1707 895 1747 urbes
939 1706 1113 1759 quinque
1166 1711 1322 1748 tantum
1371 1719 1513 1747 recen-

50 1764 213 1803 sentur:
259 1762 365 1803 unde
405 1764 623 1816 legendum
663 1766 753 1813 est,
781 1766 825 1801 ut
864 1762 974 1814 apud
1008 1763 1259 1813 Hieroclem,
1300 1758 1442 1808 πόλεις
1481 1756 1510 1799 ε’

50 1828 126 1868 pro
153 1812 209 1864 ἓξ.

162 1880 272 1924 Ibid.
302 1887 342 1924 9.
399 1878 622 1933 Δεβελτός]
690 1895 907 1936 perperam
935 1883 1143 1923 Hierocles
1178 1883 1286 1935 apud
1318 1882 1512 1925 Carolum

49 1948 75 1976 a
104 1935 148 1978 S·
179 1938 305 1978 Paulo
331 1937 553 1988 Διβέρτιος
598 1943 637 1978 et
675 1939 782 1990 apud
830 1939 1080 1978 Holstenium
1118 1936 1342 1988 Λιρὲρτιος
1387 1939 1511 1979 habet

46 2003 122 2044 pro
137 1988 353 2044 Λεβελτός,
382 1997 423 2033 et
449 1988 645 2043 Ἀχίαλος
676 2005 752 2046 pro
781 1990 1012 2043 Ἀγχίαλος,
1041 1993 1098 2032 uti
1125 1992 1273 2044 optime
1304 1993 1409 2034 idem
1430 1994 1510 2035 Ca-

47 2047 162 2086 rolus
186 2052 314 2088 notat.
344 2049 438 2089 vide
468 2049 685 2098 0rtelium;
715 2061 809 2088 nam
842 2060 945 2101 quae
974 2048 1040 2088 hic
1067 2048 1265 2088 Morellus
1292 2053 1428 2090 monet
1456 2061 1510 2090 ex

49 2102 205 2143 ortelio
235 2104 462 2156 exscripsit.

157 2166 269 2210 lbid.
329 2166 689 2221 Πλουτινόπολις]
719 2169 952 2209 Ptolemaeo
983 2173 1024 2208 et
1052 2168 1257 2210 Antonino
1302 2168 1404 2210 haec
1437 2183 1506 2212 ea-

48 2222 140 2264 dem
168 2224 269 2264 urbs
297 2224 443 2264 dicitur
478 2222 808 2271 Πλωτινόπολις,

157 2286 267 2330 Ibid.
332 2286 520 2342 Τζόϊδος]
565 2290 775 2330 Hierocles
809 2286 984 2342 Τζοΐδης
1022 2290 1158 2330 habet.
1215 2294 1259 2331 at
1287 2291 1400 2331 urbis
1429 2291 1504 2332 hu-

45 2342 156 2383 iusce
184 2345 356 2385 nominis
385 2346 523 2397 nulla,
553 2346 660 2399 quod
689 2346 836 2397 sciam,
870 2346 1019 2386 mentio
1050 2346 1157 2397 apud
1188 2346 1408 2399 scriptores
1434 2361 1503 2387 oc-

43 2399 182 2440 currit.
239 2399 461 2440 inauditum
489 2414 647 2452 nomen,
678 2400 808 2454 inquit
832 2401 1053 2441 Morellus:
1082 2401 1259 2454 nunquid
1277 2403 1500 2444 Tzurulum

44 2454 111 2493 vel
142 2454 339 2495 Zurulum
368 2455 572 2496 Thraciae
613 2460 684 2496 aut
719 2457 917 2496 Turullus
963 2455 1146 2497 Samae?
1213 2454 1365 2498 Ciorlo
1394 2471 1500 2498 nunc

45 2507 124 2549 dici
154 2509 324 2550 Crusius
352 2511 570 2562 contendit,
600 2511 874 2551 Leunclavius
904 2508 1042 2551 Zotlz‘.

151 2563 260 2606 Ibid.
292 2569 358 2606 10.
417 2563 602 2617 ἐπαρχία
634 2562 818 2618 Θρᾴκης]
877 2567 928 2606 ab
959 2566 1146 2606 Hierocle
1175 2567 1281 2619 apud
1305 2567 1499 2609 carolum

41 2628 68 2657 a
96 2618 140 2660 S.
170 2620 298 2660 Paulo
337 2620 460 2660 urbes
498 2625 655 2661 tantum
698 2626 890 2673 quattuor
932 2625 1215 2672 recensentur,
1254 2635 1306 2664 ex
1351 2624 1496 2676 quihus

40 2672 144 2713 duae
183 2675 358 2716 diversis
402 2676 654 2726 nominibus,
691 2676 878 2716 nimirum
917 2676 1230 2730 Philippopolis,
1259 2678 1392 2718 Beron
1423 2692 1494 2718 seu

39 2726 191 2782 Beroe,
234 2731 596 2783 Diocletianopolis
635 2735 675 2770 et
713 2731 1017 2784 Sebastopolis3
1061 2745 1165 2786 quae
1205 2734 1362 2786 quidem
1390 2735 1495 2775 duae
