1780 3132
300 170 390 215 352
597 176 851 216 BANDURll
891 176 1384 221 ANIMADVERSIONES

781 306 920 347 comes
948 306 1216 358 Comitopulus

556 380 1450 392 —————·———————.

553 497 713 536 Samuel
768 498 896 538 David
950 499 1082 538 Moses
1187 499 1323 540 Aaron

398 581 572 708 Coss'ara
588 681 690 709 uxor
729 582 928 710 Rolmanus
941 670 1066 710 dictus
1163 585 1329 712 lo'annes
1345 672 1471 711 dictus
1486 585 1696 713 Al'usianus

399 731 443 771 S·
471 733 676 774 Vladimiri
730 735 893 774 Radmir
909 738 948 773 et
966 735 1131 775 Gabriel
1161 736 1385 776 Bladislaus

911 820 1051 859 Petrus
1076 825 1333 873 cognomento

965 885 1161 923 Deleanus

403 1013 492 1061 151,
519 1012 557 1050 5.
618 1006 748 1060 Νόνα]
777 1009 901 1050 Slave
926 1014 1172 1062 nuncupatur
1199 1008 1299 1051 Nm.

398 1075 506 1116 Ibid.
563 1073 837 1124 Βελόγραδον]
865 1075 1005 1114 Latine
1034 1072 1286 1126 Belyradum
1315 1076 1377 1114 vel
1409 1072 1520 1116 Alba
1547 1078 1694 1125 maris,

292 1132 342 1171 ad
385 1130 642 1169 differentiam
687 1134 768 1168 tam
805 1130 933 1168 Albae
961 1129 1210 1180 Ungaricae‚
1248 1141 1348 1181 quae
1376 1130 1551 1182 Regalis,
1580 1143 1695 1183 quam

289 1184 599 1291 {ggifft'uffme
627 1184 784 1224 Graeca
814 1182 1029 1222 dicebatur.
1058 1183 1190 1222 nautis
1220 1188 1348 1223 autem
1373 1180 1498 1223 Zara
1523 1183 1696 1224 vect-Ma

394 1301 500 1342 Ibid.
558 1299 767 1347 Βελίτζειν
796 1300 933 1340 forsan
960 1299 1100 1340 Belina
1127 1301 1169 1340 in
1203 1301 1412 1341 Bucoviza.

395 1367 502 1409 Ibat·
559 1360 764 1414 Σκόρδονα
785 1365 926 1404 Latine
943 1365 1086 1404 dicitur
1105 1364 1340 1414 Scardona,
1355 1366 1477 1405 Slave
1495 1363 1693 1406 Scradin.

394 1431 500 1472 lbid.
558 1429 743 1477 Χλεβὲνα
769 1431 834 1468 vel
863 1429 1041 1469 Chlebna
1068 1428 1192 1470 Slave
1222 1430 1447 1481 appellatur
1469 1426 1640 1470 Hliuno.

393 1494 500 1535 Ibid.
528 1499 566 1534 6.
623 1490 803 1530 §vinnons
830 1495 966 1533 forsan
992 1493 1134 1533 Stulba
1161 1506 1284 1545 prope
1312 1493 1524 1533 Bistrizam
1550 1493 1692 1533 flumen

284 1550 429 1600 filiuni,
457 1549 584 1601 inquit
611 1547 765 1587 Lucius.
919 1548 922 1550 ’

391 1613 499 1655 Ibid.
561 1607 687 1662 Τενήν
715 1612 857 1651 Latine
882 1609 1120 1661 Tinninium,
1146 1610 1271 1650 Slave
1296 1609 1421 1652 Knin.

392 1677 498 1719 Iln‘d.
559 1671 668 1727 Κόρι
694 1677 835 1716 Latine
862 1675 1077 1724 Corinium,
1111 1675 1235 1716 slave
1264 1673 1414 1716 Karia.

393 1742 500 1783 Ibid.
559 1736 769 1790 Κλαβώκα
796 1742 935 1780 forsan
959 1741 1117 1792 Klapaz
1145 1752 1268 1792 prope
1297 1742 1427 1780 fontes
1454 1740 1575 1780 Unae.
1630 1752 1693 1780 ce-

286 1803 414 1837 terum
440 1796 566 1836 multa
596 1795 757 1834 nomina
774 1794 987 1841 civitatum,
1016 1794 1143 1846 inquit
1172 1793 1313 1834 Lucius
1341 1807 1379 1846 p.
1396 1797 1460 1845 48,
1488 1806 1572 1834 cum
1597 1793 1694 1846 ipsis

284 1851 548 1904 zupauiarum
575 1849 795 1889 nominibus
825 1848 1073 1887 conveniunt.

391 1914 497 1955 Ibid.
530 1917 568 1953 ³7.
623 1907 923 1963 καβαλλαρικὸν
950 1911 1014 1951 hic
1045 1912 1290 1951 substantive
1316 1923 1389 1964 pro
1415 1912 1613 1965 equitatu.

391 1979 496 2020 Ibid.
529 1982 591 2018 12.
646 1974 691 2014 τὸ
724 1974 799 2013 τοῦ
828 1974 931 2014 λαοῦ
959 1975 1126 2025 πλῆθος]
1169 1976 1283 2016 sicuti
1315 1989 1366 2016 ex
1402 1976 1693 2015 enumeratione

284 2035 486 2074 civitatum
511 2035 678 2084 apparet
703 2030 1085 2082 Porphyrogenitum
1112 2029 1176 2069 hic
1202 2030 1425 2069 describere
1447 2033 1599 2069 tantum
1626 2042 1692 2069 oc-

284 2089 520 2128 cidentalem
548 2086 788 2125 Dalmatiam
814 2084 1076 2131 maritimam,
1106 2096 1131 2123 a
1151 2082 1308 2123 Croatis
1338 2087 1431 2122 tunc
1457 2095 1692 2134 possessam,

283 2147 444 2194 praeter
483 2141 629 2192 oppida
669 2139 887 2188 maritima,
923 2149 1023 2190 quae
1053 2137 1222 2176 Romani
1257 2138 1322 2176 vel
1349 2137 1558 2176 Dalmatae
1584 2142 1694 2176 tene..

282 2198 379 2236 bant
395 2227 404 2242 ,
444 2195 503 2234 ita
528 2195 592 2234 hic
617 2191 774 2233 videtur
810 2192 916 2231 vires
944 2192 1124 2243 integras
1166 2191 1287 2230 totius
1314 2190 1430 2243 regni
1457 2189 1693 2231 Croatorum

282 2250 528 2289 describere:
556 2248 698 2300 quippe
722 2258 817 2298 pars
842 2245 916 2284 illa
933 2246 1021 2284 sola
1048 2245 1304 2284 occidentalis
1320 2244 1542 2284 Dalmatiae
1567 2257 1693 2298 neque

282 2308 343 2343 tot
370 2303 520 2355 equites
550 2315 598 2341 ac
624 2301 776 2354 pedites
802 2300 950 2338 habere
979 2298 1129 2350 potuit3
1157 2310 1282 2350 neque
1303 2300 1392 2338 sola
1415 2300 1506 2337 loca
1534 2299 1693 2339 littora-

281 2358 340 2398 lia
370 2356 607 2396 continentis
634 2356 719 2395 sine
744 2353 884 2394 insulis
923 2356 982 2392 tot
1009 2363 1182 2403 sagenas
1210 2365 1258 2392 ac
1284 2353 1479 2392 conduras
1505 2352 1691 2392 habuisse

281 2411 489 2463 probabile
518 2414 588 2449 est.

388 2474 494 2516 lbid.
522 2479 586 2515 13.
621 2470 891 2522 Κρασημὲρη]
920 2470 984 2509 hic
996 2469 1184 2510 Cresimir
1213 2471 1439 2522 appellatur
1464 2474 1503 2510 et
1529 2470 1691 2510 maioris

281 2530 513 2582 cognomine
542 2529 713 2568 donatur
741 2527 782 2566 in
811 2524 1014 2565 Cresimiri
1053 2524 1163 2576 regis
1193 2524 1397 2576 abnepotis
1423 2525 1562 2575 literis,
1592 2536 1692 2576 quae

282 2586 412 2624 editae
444 2583 640 2623 habentur
664 2582 769 2632 apud
797 2580 957 2620 Lucium
985 2591 1023 2630 p.
1053 2583 1118 2619 76.

388 2647 496 2688 Ibid.
528 2649 590 2687 14.
646 2639 966 2697 Μιροσθλάβου]
994 2642 1057 2682 hic
1085 2643 1135 2683 ab
1166 2642 1256 2682 aliis
1285 2642 1528 2683 Dirc-islavus
1555 2641 1692 2694 appel—
