1780 3132
227 171 288 214 56
485 172 849 215 CONSTANTINI
879 172 1370 216 PORPHYROGENITI

666 270 829 308 Ἔνατον
849 272 948 317 θέμα
969 273 1187 320 Δυρράχιον.

355 346 583 401 Δυρράχιον
602 346 627 399 ἥ
647 363 740 387 ποτε
756 346 1005 399 Ἐπίδαμνος,
1033 347 1108 388 ὑπὸ
1128 349 1405 402 κονσιλιαριόυ,
1432 348 1563 398 πόλεις
1580 348 1640 401 θ’,

223 413 431 466 Σκάμπτα,
444 414 696 461 Ἀπολλωνία,
711 414 892 462 Βουλλίς,
906 414 1107 466 Ἀμαντία,
1119 413 1465 471 Πουλχεριόπολις,
1478 414 1640 467 Αὔλιον,

222 479 439 534 Λήστρων,
460 478 679 528 Suburam,
696 477 895 532 Ἀλήνιὸος
913 479 1168 535 μητρόπολις.

349 546 540 599 Ἔπαρχία
559 546 714 594 Δακίας
731 548 953 600 μεσογαίου,
977 545 1053 588 ὑπὸ
1074 547 1349 599 κονσιλιαρίου,
1369 543 1500 596 πόλεις
1518 547 1639 598 πέντε,
1652 557 1673 591 5

222 614 444 659 Πανταλιά,
468 613 502 651 Γ
500 611 679 667 ερμανός,
699 611 851 661 Νάϊσος
867 611 892 666 ἡ
909 615 1048 668 πατρὶς
1063 618 1134 655 τοῦ
1146 611 1317 667 μεγάλου
1329 614 1641 664 Κωνσταντίνου,

219 677 457 731 Ῥεμεσιάνα.

420 744 585 798 ἐπαρχία
606 748 655 799 τῇ
674 749 845 802 παλαιᾷ,
876 743 953 786 ὑπὸ
973 745 1255 801 κονσιλιαρίου,
1289 742 1419 794 πόλεις
1436 743 1478 787 ε’.

422 811 590 864 ἐπαρχία
610 811 863 866 Δαρδανίας,
896 810 971 867 ὑφ’
995 810 1167 866 ἡγεμόνα
1175 842 1187 860 ,
1220 810 1351 859 πόλεις
1369 809 1417 865 γ’.

420 877 587 930 ε’παρχία
605 879 847 927 Παννονίας,
880 876 956 918 ὑπὸ
975 879 1042 918 τὸν
1060 877 1178 919 αὐτόν
1187 908 1200 927 ,
1233 875 1365 926 πόλεις
1380 875 1435 930 β’.
1652 887 1696 920 10

355 946 436 985 Καὶ
465 937 541 984 ὧδε
570 945 642 995 μὲν
671 946 859 998 ἐπαρχίας
885 949 955 997 τῆς
979 945 1068 992 νέας
1088 945 1299 999 Ἠπείρου,
1333 943 1444 985 τοῦτ’
1468 941 1550 984 ἔστι
1571 947 1643 985 τοῦ

221 1012 452 1067 Δυρραχίου
472 1013 543 1050 τοῦ
560 1009 682 1050 πάλαι
701 1015 940 1063 καλουμενου
956 1009 1209 1063 Ἐπιδάμνου.
1254 1009 1390 1065 ῥητέον
1407 1010 1449 1051 δὲ
1467 1010 1554 1064 περὶ
1573 1013 1644 1063 τῆς

220 1080 434 1131 ὀνομασίας
456 1076 579 1116 αὐτοῦ
587 1108 599 1126 ,
634 1075 760 1117 πόθεν
781 1081 954 1117 καλεῖται
974 1076 1216 1130 Δυρράχιον.
1283 1074 1513 1131 Δυρράχιον
1531 1074 1644 1124 πόλις

215 1143 440 1197 Ἑλληνική,
475 1143 542 1183 καὶ
565 1142 802 1195 Ἐπίδαμνος
822 1147 1014 1196 κληθεῖσα
1033 1142 1109 1184 ὑπὸ
1124 1140 1364 1194 Ἐπιδάμνου
1385 1145 1456 1183 τοῦ
1476 1141 1641 1196 ἀρχαίου

220 1210 363 1266 ἥρωος.
432 1206 570 1251 τούτου
600 1209 781 1263 θυγάτηρ
811 1211 1020 1258 ΖΙἸέλισσα,
1065 1203 1112 1262 ἧς
1145 1211 1210 1250 καὶ
1241 1212 1311 1248 τοῦ
1339 1210 1593 1257 Ποσειδῶνος
1621 1206 1696 1252 515

218 1274 471 1332 Λυρράχιος·
506 1275 582 1330 ἀφ’
605 1270 653 1328 ἧς
674 1276 754 1317 ἔστι
772 1275 890 1324 τόπος
911 1278 951 1316 ἓν
968 1274 1192 1330 Ἐπιδάμνῳ
1211 1272 1507 1324 Μελισσῶνιος,
1543 1274 1643 1315 ἔνθα

220 1345 431 1385 Ποσειδῶν
461 1341 562 1396 αὐτῇ
594 1346 779 1394 συνῆλθε.
847 1343 945 1394 μετὰ
974 1343 1016 1383 δὲ
1045 1342 1113 1383 τὸν
1134 1338 1350 1391 ζΡιζόνικον
1373 1338 1533 1389 Λισσός
1560 1341 1644 1383 ἔστι

218 1409 332 1458 πόλις
368 1410 434 1450 καὶ
463 1406 730 1461 Ἀκρόλισσος
758 1411 823 1450 καὶ
845 1410 1099 1460 Ἐπίδαμνος,
1134 1407 1391 1462 Κερκυραίων
1418 1408 1584 1459 κτίσμα,
1616 1405 1643 1460 ἦ

219 1480 287 1517 νῦν
307 1473 538 1531 Δυρράχιον
558 1472 776 1528 ὁμωνύμως
797 1479 844 1530 τῇ
862 1474 1088 1530 χερρονήσῳ
1111 1473 1293 1528 λεγομένη
1315 1473 1383 1528 ἐφ’
1404 1467 1452 1526 ἧς
1468 1475 1643 1529 ἵδρυται,

220 1541 274 1592 ὥς
305 1543 438 1583 Φίλων
462 1539 619 1596 γράφει.
688 1542 887 1592 Δέξιππος
913 1544 953 1583 ἐν
977 1545 1170 1597 χρονικῶν
1191 1538 1342 1596 δεκάτῳ
1362 1540 1697 1593 Μακεδονικὴνῖο

311 1680 333 1712 3
371 1676 527 1719 Σκάμπα
565 1677 607 1710 ed
645 1682 723 1711 ante
760 1678 982 1720 Bandurium,
1021 1675 1182 1712 Σκάππα
1215 1682 1251 1710 et
1282 1674 1436 1710 Σκάπτοι
1464 1676 1643 1713 Hierocles

308 1719 605 1764 πουλχεριήπολις
630 1723 658 1755 C
769 1723 791 1755 4
814 1723 966 1756 Σκεπαῐν
990 1722 1166 1756 Hierocles
1278 1723 1300 1755 7
1323 1720 1528 1762 Νεμεσιάνα
1550 1722 1642 1757 ACF

310 1769 349 1801 11
373 1764 437 1808 μὲν
462 1765 500 1798 αὶ
524 1763 720 1809 ἐπαρχίαιὶ)
822 1768 863 1801 13
884 1769 1045 1800 καλεῖται
1068 1765 1265 1808 δυρράχιον
1288 1767 1335 1799 C:
1360 1766 1460 1809 vulgo
1483 1767 1644 1801 καλεῖται

309 1809 350 1844 τὸ
379 1809 572 1852 δυρροὶχιον
721 1810 764 1844 14
786 1808 845 1844 ἐπὶ
869 1811 898 1844 C
1041 1812 1081 1846 15
1104 1808 1150 1855 ἧς
1172 1809 1319 1853 ἠράσθη
1342 1811 1531 1846 Ποσειδῶν
1553 1811 1644 1847 AFc

308 1858 352 1890 20
375 1855 565 1898 χερρονικῶ
590 1856 670 1888 AF:
694 1867 770 1888 corr
791 1855 948 1889 Valesius

659 1976 800 2010 Nonum
823 1977 939 2010 thema
963 1975 1209 2020 Dyrrachium.

310 2040 554 2083 Dyrrachium,
610 2042 686 2076 olim
727 2043 955 2086 Epidamnus,
1010 2045 1073 2076 sub
1111 2041 1326 2083 consiliario,
1371 2042 1473 2075 urbes
1509 2053 1642 2088 novem,

221 2085 400 2128 Scampta,
431 2086 630 2129 Apollonia,
661 2088 786 2130 Bullis,
818 2088 988 2131 Amantia,
1018 2086 1303 2130 Pulcheriopolis,
1335 2084 1461 2129 Aulon,
1484 2087 1643 2132 Lestron,

221 2129 413 2170 Sceupton‚
440 2129 601 2164 Alenidus
625 2133 832 2176 metropolis.

310 2174 530 2207 Praefectura
552 2175 679 2209 Daciae
704 2178 991 2218 mediterraneae,
1022 2177 1085 2210 sub
1110 2174 1322 2217 consiliario,
1350 2175 1451 2208 urbes
1480 2176 1643 2221 quinque,

222 2217 396 2260 Pautalia,
421 2219 629 2262 Germanus,
655 2222 801 2264 Naisus‚
826 2221 938 2265 patria
958 2221 1068 2264 magni
1093 2219 1329 2261 Constantini,
1353 2219 1566 2255 Remesiana.

357 2264 570 2306 praefectura
593 2266 753 2308 antiqua,
780 2267 842 2299 sub
863 2265 1075 2306 consiliario,
1099 2267 1200 2298 urbes
1222 2263 1385 2308 quinque.

356 2307 574 2351 praefectura
595 2310 806 2353 Dardaniae,
830 2312 892 2344 sub
915 2312 1020 2351 duce,
1045 2311 1145 2343 urbes
1166 2315 1250 2342 tres.

358 2352 570 2394 praefectura
593 2355 808 2398 Pannoniae,
834 2357 895 2389 sub
918 2356 1052 2397 eodem,
1076 2356 1176 2387 urbes
1199 2353 1299 2386 duae.

311 2393 425 2439 Atque
449 2396 497 2430 ita
519 2409 557 2430 se
579 2398 704 2432 habent
728 2401 964 2443 praefecturae
986 2411 1095 2433 novae
1118 2398 1235 2442 Epiri,
1271 2397 1335 2430 hoc
1366 2398 1420 2430 est
1447 2396 1643 2442 Dyrrachii,

222 2439 315 2483 quod
336 2440 496 2484 oppidum
519 2442 596 2476 olim
620 2444 829 2487 Epidamnus
852 2445 1044 2484 dicebatur;
1077 2444 1120 2477 de
1143 2443 1237 2477 cuius
1259 2441 1403 2475 nominis
1424 2441 1558 2476 ratione
1579 2442 1643 2476 ali-

222 2483 304 2527 quid
336 2487 584 2520 memorandum
618 2494 681 2521 est.
744 2489 966 2532 Dyrrachium
1007 2490 1089 2523 urbs
1122 2487 1334 2521 Graecanica
1368 2491 1403 2519 et
1433 2485 1643 2530 Epidamnus

221 2528 391 2572 appellata
414 2532 457 2563 ab
480 2531 670 2574 Epidamno
695 2533 797 2566 heroe
820 2534 950 2578 prisco:
976 2533 1053 2567 huic
1076 2537 1152 2566 erat
1172 2532 1244 2565 filia
1268 2531 1405 2564 Melissa
1425 2531 1576 2571 nomine,
1599 2543 1642 2564 ex

220 2583 290 2615 qua
318 2579 352 2607 et
375 2574 536 2618 Neptuno
559 2577 768 2619 Dyrrachina
801 2584 899 2611 natus
927 2583 1000 2618 est3
1037 2590 1055 2611 a
1080 2588 1147 2620 qua
1170 2582 1222 2609 est
1245 2575 1338 2609 locus
1363 2575 1543 2620 Epidamni
1563 2575 1642 2609 Me-

219 2616 380 2652 lissonius
399 2619 529 2662 dictus,
555 2621 611 2654 ubi
632 2623 812 2666 Neptunus
836 2634 908 2655 cum
930 2622 1070 2655 Melissa
1090 2632 1160 2655 rem
1182 2621 1359 2654 habuerat.
1404 2625 1483 2664 post
1498 2619 1641 2653 Rizoni-

220 2672 294 2696 cum
322 2669 434 2697 autem
456 2664 564 2698 sinum
588 2666 706 2699 Lissus
730 2672 783 2700 est
805 2669 885 2700 urbs
907 2673 943 2700 et
963 2666 1153 2700 Acrolissus
1176 2671 1210 2698 et
1233 2665 1441 2709 Epidamnus
1466 2676 1487 2697 a
1508 2666 1642 2707 Corcy—

219 2707 311 2740 raeis
342 2708 498 2751 condita,
536 2721 624 2753 quae
647 2722 735 2744 nunc
765 2723 786 2744 a
816 2711 1012 2755 peninsula,
1044 2710 1099 2744 cui
1130 2710 1275 2752 insidet,
1311 2720 1430 2743 nomen
1459 2708 1643 2753 Dyrrachii

222 2757 335 2795 tenet,
379 2758 417 2788 ut
447 2754 566 2789 scribit
595 2755 710 2789 Philo.
764 2756 941 2801 Dexippus
973 2757 1008 2790 in
1043 2757 1086 2791 10
1114 2754 1358 2789 chronicorum
1386 2754 1502 2788 urbem
1533 2754 1642 2798 ipsam
