1780 3132
371 141 425 180 ιΝ
465 139 827 181 SYNl-:CDEMUM
862 137 1284 180 COMMENTARUJS
1442 129 1533 179 461

112 252 251 296 cedou.
278 263 317 303 p.
334 253 413 292 401
445 256 487 292 et
517 250 729 304 Τυρασίου
748 264 795 304 p.
816 255 900 293 669
918 251 1146 300 subscribit,
1175 251 1281 292 male
1308 249 1540 304 utrobique:

111 307 232 354 facile
259 311 393 347 tamen
430 307 570 347 videas
605 306 710 346 unde
746 319 795 347 ea
819 307 900 347 sint
927 307 1163 359 depravata.
1230 306 1406 346 meminit
1434 306 1539 346 eius-

110 362 201 403 dem
226 361 267 402 in
295 362 486 414 Phrygia
512 362 656 402 linibus
684 361 768 401 eius
797 362 959 414 longius
985 362 1168 414 prolatis,
1195 361 1419 424 Xenophon
1448 362 1533 401 Ex-

137 415 312 466 eutcyr.
343 421 367 456 1
393 419 541 470 p.194,
570 416 641 456 sed
668 416 864 464 Τυριαῖον
894 418 1119 469 appellans;
1149 416 1253 469 quod
1281 416 1407 468 ipsum
1420 415 1539 457 Stra-

163 470 219 519 ni.
247 471 282 511 si
306 484 387 512 mss
415 473 552 512 valeat
587 470 819 532 auctoritas,
846 484 933 511 cum
963 471 1116 511 Ortelio
1146 471 1431 511 restituendum
1459 471 1538 511 erit

106 526 136 567 l.
166 529 220 567 14
245 539 288 587 Ρ.
304 530 412 567 663:
441 525 513 564 ἐπι
538 524 583 563 δὲ
608 522 652 564 τὸ
682 522 786 573 πρὸς
818 524 868 577 τῇ
897 524 1118 578 Λυκαονία
1143 525 1271 590 πέρας
1299 523 1372 575 τῆς
1398 538 1540 577 παρω-

105 578 221 647 ρειόυ
249 578 295 618 τὸ
334 581 531 629 Τυριαῖον
551 577 622 618 διὰ
648 577 902 628 Φιλομηλιου
922 579 1058 634 μικριῦ
1085 565 1251 625 πλείους
1279 577 1360 618 τῶν
1388 592 1538 619 πεντα..

105 631 272 674 κοσίων.
327 635 386 676 sic
415 635 518 675 enim
545 634 630 683 illi,
658 647 738 674 non
773 631 1012 687 Τυριοίριον,
1040 639 1083 675 ut
1110 635 1249 687 vulgo,
1275 647 1349 674 nec
1382 631 1539 685 Τετρά-

107 688 221 740 «raon,
251 690 358 742 quod
397 701 450 731 ex
486 690 716 730 Ptolemaeo
760 689 982 730 Palmerius
1019 690 1268 740 advocabat,
1293 689 1538 742 probantes;

107 748 154 785 ut
177 744 279 785 adeo
310 744 420 785 circa
449 745 679 794 Lycaoniae
709 750 902 785 montana
930 758 1010 785 non
1046 745 1212 785 multum
1250 757 1275 784 a
1301 744 1538 785 Philomelio

105 798 279 852 positum
307 799 452 848 fuerin
482 799 586 852 quod
610 805 650 839 et
676 799 796 839 Plinii
832 800 1051 848 Tyrienses
1079 802 1108 839 5
1138 803 1191 839 27
1221 799 1539 840 Philomeliensi-

108 854 182 895 bus
210 866 338 906 paene
365 854 565 894 coniuncti
595 854 782 894 suadent.
836 855 986 906 poterit
1014 860 1145 894 autem
1158 855 1375 903 'syriacum
1402 866 1540 894 nume·

106 919 195 949 rum
221 908 376 950 urbium
415 909 703 962 Geographiae
731 908 897 960 Sacrae,
939 909 981 950 in
1012 921 1092 963 qua
1123 909 1238 950 nulla
1264 908 1349 949 eius
1376 909 1539 961 mentio,

107 974 278 1016 augere·

214 1031 311 1080 394,
339 1032 434 1070 26.
457 1025 837 1080 “Αδριανούπολις]
879 1028 1108 1070 Florentius
1141 1025 1541 1079 Ἀδριανουπόλεως

109 1079 287 1125 Pisidiae
311 1088 374 1124 est
402 1083 446 1125 in
474 1084 718 1125 Chalcedon.
747 1084 915 1125 concilio
945 1096 984 1136 p.
999 1087 1095 1135 670,
1126 1089 1166 1124 et
1179 1084 1429 1124 Thalalaeus
1457 1084 1539 1125 Ha-

106 1139 522 1192 drianopolitanorum
551 1139 728 1180 Pisidiae
755 1138 988 1193 provinciae
1003 1115 1151 1180 Collat-
1178 1142 1207 1180 8
1231 1138 1538 1192 constantinop

106 1205 188 1234 sec.
217 1206 255 1247 p.
271 1197 365 1235 241.

148 1272 150 1274 ’
215 1257 330 1300 [bid
360 1263 431 1300 27.
499 1256 771 1311 Φιλομήλιον]
814 1263 910 1300 noia
938 1260 1034 1300 urbs
1064 1271 1116 1300 ex
1142 1259 1346 1300 Strabone
1373 1262 1416 1299 et
1443 1272 1538 1300 con-

106 1313 287 1355 ciliorum
313 1319 376 1355 est
401 1315 526 1365 Actis,
554 1327 634 1355 non
662 1314 783 1364 item,
810 1315 922 1367 turpi
957 1315 1058 1356 vitio
1086 1315 1350 1356 deformatam
1380 1327 1469 1355 esse
1496 1315 1538 1356 in

105 1369 293 1423 Procopii
333 1369 435 1411 nist.
478 1382 631 1411 arcana
670 1346 799 1410 c-18’
826 1374 972 1410 narrat
998 1371 1134 1422 plures
1163 1370 1284 1410 urbes
1309 1369 1538 1410 vehementi

106 1428 243 1464 terrae
270 1429 380 1490 motu
405 1425 616 1488 corruisse,
662 1429 902 1478 praeterque
930 1429 1086 1465 ceteras
1113 1419 1362 1474 Πολύβοτόν
1391 1436 1436 1462 τε
1462 1421 1539 1476 τὴν

104 1478 150 1517 ἐν
182 1478 348 1533 Φρυγία
377 1478 451 1519 καί
477 1474 528 1529 ἣν
555 1479 738 1518 Πισίδαι
767 1476 1011 1531 Φιλομηδὴν
1037 1478 1249 1518 καλοῦσιν.
1303 1479 1383 1520 imo
1415 1479 1541 1518 Φιλο-

103 1529 265 1630 ζήλων,
292 1546 370 1587 quo
395 1535 552 1576 nomine
567 1534 712 1576 Pisidis
729 1535 866 1575 urbem
893 1534 1030 1587 fuisse,
1060 1547 1143 1576 non
1162 1534 1308 1586 altero,
1335 1534 1440 1575 citra
1465 1534 1540 1575 du-

131 1599 210 1629 ιιιιι
241 1593 317 1628 est.

213 1652 325 1696 Ibid.
379 1650 633 1703 Σωζόπολις]
675 1654 810 1707 patria
837 1655 913 1695 fuit
939 1653 1105 1706 Severi,
1134 1653 1204 1707 qui
1243 1654 1441 1695 Flaviano
1469 1654 1540 1694 de-

104 1708 239 1773 pulso
262 1709 521 1750 Antiochenis
548 1710 763 1772 episcopus
802 1715 864 1750 est
906 1710 1035 1749 datus.
1101 1709 1326 1772 Euagrius
1342 1710 1389 1750 Η.
1434 1710 1480 1748 Ε.
1508 1713 1538 1750 3

106 1766 185 1804 38·
214 1758 262 1807 ὃς
289 1763 472 1827 πατρίδα
508 1761 585 1814 τήν
610 1763 903 1811 Σωζοπολιτων
945 1762 1283 1815 κληρωσάμειος,
1309 1758 1336 1815 ἢ
1363 1761 1441 1813 μία
1463 1762 1542 1802 τοῦ

106 1816 304 1861 Πισιδῶν
329 1814 478 1864 ἔθνους
506 1817 632 1858 ἐστιν.
687 1819 729 1858 in
757 1818 870 1859 Actis
899 1819 1050 1859 Zosimi
1086 1822 1180 1858 tom.
1207 1822 1235 1858 3
1262 1795 1539 1866 Ιίι1.Σωζου.-.

106 1872 284 1966 ποιλιιτῶν
324 1870 443 1919 πόλις
482 1873 593 1914 circa
628 1873 882 1915 Antiochiam
919 1873 1093 1914 Pisidiae
1132 1878 1174 1913 et
1210 1873 1417 1914 Conanam
1446 1886 1480 1914 c.
1512 1877 1537 1914 1

104 1939 152 1966 co
187 1932 341 1969 ocatur.

213 1992 324 2034 Ibid„
385 1987 646 2045 Τυμανδρος]
674 1994 855 2055 iungitur
883 1994 975 2036 huic
1011 1995 1211 2036 artissime
1238 1995 1282 2036 in
1307 1995 1538 2037 schelstra-

103 2047 190 2088 teni
218 2053 259 2088 et
271 2048 463 2089 Bandurii
481 2048 654 2089 editione
670 2046 931 2101 μητρόπολις,
952 2062 1069 2103 quam
1089 2050 1262 2091 Carolus
1291 2050 1374 2092 aS.
1394 2051 1538 2091 Paullo

106 2101 193 2142 iure
221 2103 370 2156 optimo
408 2104 501 2144 hinc
539 2104 751 2145 distinxit.
789 2117 920 2158 neque
951 2106 1054 2146 enim
1092 2106 1265 2146 Pisidiae
1303 2107 1538 2158 metropolis

104 2168 276 2210 unquam
308 2158 407 2209 fuit,
448 2155 668 2207 Τυμανὸὁς
703 2161 969 2212 appellanda,
997 2161 1032 2200 si
1054 2161 1254 2214 Longino,
1282 2161 1351 2214 qui
1379 2161 1535 2225 synodo

104 2211 575 2266 Constantinopolitanae
617 2214 689 2254 sub
717 2215 915 2255 Flaviano
955 2215 1106 2268 adfuit,
1145 2216 1354 2266 credimus,
1382 2216 1539 2269 episom—

102 2278 196 2318 pum
239 2279 284 2307 se
321 2267 393 2318 τῆς
431 2267 713 2319 Τυμανὸηνῶν
752 2265 906 2315 πόλεως
944 2269 1147 2322 ἐπαρχίας
1181 2269 1387 2316 Πισιὸίας
1428 2271 1538 2312 inter

103 2321 208 2362 Acta
244 2322 432 2366 chalced.
475 2337 513 2388 p.
535 2326 616 2363 244
645 2325 841 2376 professo,
874 2324 948 2365 etsi
986 2339 1058 2375 της
1099 2323 1340 2376 Μανδηνων
1378 2325 1536 2372 πόλεως

103 2389 231 2471 &rave
257 2390 297 2432 p.
315 2380 411 2421 247.
475 2390 496 2415 o
530 2376 746 2429 Τομάδνου
778 2384 818 2419 et
853 2376 1075 2429 Τυμάνδου
1107 2385 1168 2421 est
1194 2380 1236 2421 in
1261 2379 1422 2421 Notitiis
1449 2382 1532 2422 lac.

142 2444 228 2473 oar.

211 2495 322 2540 Ibid.
379 2493 669 2550 Μητρόπολις]
706 2499 939 2540 Exorticius
984 2497 1297 2552 Μητροπόλεως
1331 2498 1540 2546 Πισιδίας

101 2552 421 2594 Chalcedonensi
448 2567 486 2606 p.
499 2557 580 2594 401
601 2558 642 2594 et
658 2557 740 2595 644
771 2554 998 2606 subscribit,
1024 2567 1234 2608 perperam
1255 2553 1536 2607 Νικοπόλεως,

102 2620 181 2660 quo
209 2608 368 2649 nomine
394 2608 434 2648 in
460 2609 682 2650 Pisidarum
711 2614 833 2663 gente
859 2610 998 2651 urbem
1025 2612 1272 2663 ignoramuS‚
1302 2623 1342 2663 p.
1360 2614 1443 2651 670
1472 2610 1534 2650 di-

103 2669 204 2704 ctus.
259 2663 353 2706 hinc
384 2677 549 2719 campus
573 2665 912 2719 Metropolitanus
952 2667 1058 2719 apud
1089 2666 1246 2708 Livium
1274 2669 1330 2708 38
1359 2667 1424 2707 15.
