1780 3132
250 142 269 180 1
280 141 337 183 70
516 145 847 185 CONSTANTlN
852 147 866 184 1
905 145 1370 188 PORPHYROGENITI

242 241 480 291 προαίρεσιν
505 238 690 292 μεγάλως
717 242 1024 293 ε’ναποδέχομαι,
1049 243 1120 281 καί
1148 242 1221 295 τήν
1247 243 1510 297 εὐχαριστίαν
1537 241 1638 295 ὄμο-

241 305 345 354 λογῶ
387 318 453 343 σοι
494 305 801 356 προσήκουσαν·
855 304 947 344 ἐπεὶ
980 307 1024 345 δὲ
1061 303 1270 354 α’ὃυνοὶτως
1307 305 1390 358 ἔχω
1430 304 1532 360 πρὸς
1565 308 1638 360 τήν

239 366 427 420 τοιαύτην
454 365 611 419 ἀρχήν,
641 365 874 407 ὑπακοῦσαι
902 368 952 408 ου’
979 368 1182 419 δύναμαι,
1219 369 1323 410 α’λλά
1351 372 1503 421 μᾶλλον
1529 368 1637 412 ἔστιν

239 429 375 482 ἕτερος
415 431 485 470 ἀπ’
521 431 623 480 ἐμοῦ
660 432 872 485 βοέβοδος,
908 430 1118 484 λεγόμενος
1152 430 1413 488 Σαλμούτζης
1450 436 1519 476 καί
1547 433 1637 475 υἱὸν

239 495 476 545 κεκτημένος
504 493 671 544 ὀνόματι
683 493 913 548 Ἀρπαδήν·
969 498 1013 536 ἐκ
1037 494 1192 537 τούτων
1216 498 1368 547 μᾶλλον
1393 495 1471 539 εἴτε
1489 500 1669 547 ἐκεῖνος-5

239 554 501 609 Σαλμούτζης
531 556 608 598 εἴτε
637 557 659 597 ὅ
687 556 776 606 υἱὸς
806 558 937 608 αὐτοῦ
960 558 1170 614 Ἀρπαὸής
1205 560 1272 601 ἵνα
1296 563 1455 615 γένηται
1483 557 1635 616 ἅρχων,

239 621 308 660 καί
333 618 442 660 ἔστιν
471 620 550 660 ὑπὸ
582 623 656 661 τοῦ
685 621 805 675 λόγου
835 623 963 675 ὑμῶν.
1018 623 1206 680 ἐντούτῳ
1227 620 1301 665 οὖν
1330 625 1386 679 τῷ
1414 623 1516 681 λόγῳ
1542 627 1638 678 ἅρε·

237 686 351 731 σθείς
378 683 399 723 ὅ
427 684 607 736 χαγοίνος
638 685 789 734 ἐκεῖνος
818 688 991 728 δέδωκεν
1019 685 1262 742 ἀνθρώπους
1291 691 1422 729 αὐτοῦ
1446 693 1534 741 μετ’
1561 691 1637 730 αὕ-

236 748 308 788 rof,
335 750 405 789 καί
431 749 488 795 εἰς
514 747 611 796 τούς
642 748 842 802 Τούρκους
869 751 1126 806 ἀπέστειλεν,
1156 753 1200 793 οἳ
1223 752 1293 793 καί
1317 751 1636 807 συλλαλήσαντες

236 813 332 864 περί
371 811 519 853 τούτου
561 811 666 864 μετὰ
708 815 786 854 τῶν
822 813 1034 869 Τούρκων,
1078 817 1232 867 μᾶλλον
1273 815 1312 857 οἱ
1353 819 1528 871 Τοῦρκοι
1567 816 1692 863 trivio

235 876 418 930 Ἀρπαὸἠ
456 878 647 929 γενέσθαι
689 881 932 932 προέκριναν
972 874 1151 932 ὄρχον-τα
1177 875 1280 933 ἤπερ
1308 879 1545 934 Σαλμούτζη
1568 879 1637 922 τὸν

236 941 365 981 αὐτοῦ
402 942 587 993 πατέρα,
631 941 686 989 ὥς
727 942 1035 997 ἀξιολογώτερον
1071 940 1164 985 ὄντα
1192 946 1265 985 καί
1288 944 1638 998 περισπούδαστον

235 1002 278 1044 ἔν
304 1019 347 1045 τε
376 1005 567 1058 φρονήσει
609 1007 680 1046 καί
716 1008 846 1060 βουλῇ
889 1006 959 1048 καί
994 1008 1139 1063 ἀνδρία
1165 1007 1237 1050 καί
1262 1007 1402 1050 ἱκανὸν
1434 1008 1536 1063 πρὸς
1565 1009 1636 1063 τήν

236 1068 422 1122 τοιαύτην
450 1068 614 1122 ἀρχήν·
672 1066 718 1110 ὃν
759 1071 831 1111 καί
869 1065 1052 1125 ἄρχοντα
1093 1072 1193 1113 κατὰ
1235 1073 1278 1114 τὸ
1318 1075 1397 1114 τῶν
1424 1074 1637 1126 Χαζὰρων

236 1132 328 1181 ἔθος
369 1133 440 1174 καί
462 1132 633 1183 ζάκανον
667 1134 934 1190 πεποιήκασι,
980 1134 1233 1191 σηκώσαντες
1267 1133 1395 1179 αὗτόν
1424 1140 1482 1185 εἰς
1519 1152 1637 1178 σκου-
1650 1146 1692 1178 15

236 1199 385 1251 τάριον.
440 1197 518 1252 πρὸ
547 1200 593 1240 δὲ
618 1201 692 1240 τοῦ
708 1199 888 1254 Ἀρπαὸή
917 1201 1064 1242 τούτου
1094 1196 1274 1254 ἄρχοντα
1299 1203 1434 1254 ἕτερον
1453 1200 1491 1243 οἱ
1510 1203 1640 1255 Tove-

235 1277 298 1304 κοι
327 1263 401 1303 ov’x
427 1262 642 1316 ἐκτήσαντο
669 1260 856 1305 πώποτε·
911 1266 955 1315 ἐξ
982 1261 1032 1306 οὗ
1062 1268 1271 1322 καὶμέχρι
1298 1267 1367 1320 τῆς
1393 1267 1570 1321 σήμερον
1595 1268 1640 1308 ἐκ

233 1329 307 1381 τῆς
345 1325 488 1368 τούτου
529 1330 670 1381 γενεᾶς
710 1325 854 1382 ἄρχων
899 1330 1098 1382 Τουρκίας
1133 1333 1391 1372 καθίσταται.
1453 1328 1553 1382 μετὰ
1594 1331 1641 1371 δέ

232 1406 343 1440 τινας
367 1393 541 1446 χρόνους
563 1398 645 1441 τοῖς
677 1394 872 1447 Τούρκοις
901 1395 1158 1442 ἐπιπεσόντες
1187 1396 1223 1436 οἱ
1241 1397 1540 1445 Πατζινακῖται
1565 1409 1638 1434 κα-

232 1456 425 1505 τεδίωξαν
454 1455 604 1505 αὐτοὺς
631 1455 736 1509 μετὰ
764 1458 839 1498 τοῦ
866 1453 1058 1512 ἄρχοντος
1087 1458 1220 1500 αὐτῶν
1241 1457 1442 1512 Ἀρπαδή.
1498 1457 1537 1499 οἱ
1564 1452 1692 1499 mimo

239 1521 411 1571 Τοῢρκοι
450 1523 670 1573 τραπέντες
711 1521 783 1562 καί
821 1521 923 1575 πρὸς
958 1526 1188 1576 κατοίκησιν
1229 1525 1301 1576 γῆν
1341 1524 1636 1576 ἐπιζητοῦντες,

232 1582 418 1634 ἐλθόντες
447 1586 676 1635 α’πεδίωξαν
710 1579 819 1626 οὗτοι
860 1584 954 1634 τούς
994 1586 1066 1639 τήν
1101 1586 1279 1640 μεγάλην
1309 1589 1535 1641 Μοραβιάν
1559 1602 1637 1626 κα-

231 1651 480 1703 τοικοῦντας,
519 1651 589 1690 καί
615 1651 674 1697 εἰς
699 1647 771 1702 τήν
789 1651 862 1703 γῆν
887 1649 1021 1691 αὐτῶν
1050 1649 1376 1703 κατεσκήνωσαν,
1404 1652 1462 1698 εἰς
1489 1647 1539 1703 ἢν
1562 1652 1636 1692 νῦν

233 1711 272 1754 οἱ
303 1715 475 1768 Τοῧρκοι
502 1715 627 1768 μέχρι
668 1717 740 1767 τῆς
777 1712 954 1769 σήμερον
985 1717 1218 1756 κατοικοῦσι
1238 1730 1248 1741 ·
1301 1716 1371 1756 καί
1397 1713 1532 1757 ἔκτοτε
1558 1713 1636 1755 πό-

321 1849 343 1882 6
363 1848 573 1895 Ἀλμούτζης
595 1850 631 1882 Μ
745 1852 764 1884 7
793 1851 894 1886 ἔσται
911 1848 983 1886 ὑπὸ
1009 1847 1071 1888 τὸν
1095 1852 1229 1898 Myer?
1356 1848 1422 1887 οὖν
1443 1851 1492 1897 τῷ
1514 1851 1582 1885 add
1609 1852 1633 1884 B

322 1896 362 1927 11
391 1898 492 1942 εἴπερ
519 1896 601 1928 libri
718 1896 761 1929 19
786 1898 957 1935 πεσόντες
981 1898 1016 1930 Μ

230 2000 359 2044 cipatui
387 2011 461 2033 non
488 1999 627 2041 sufficio,
655 2011 774 2045 parere
798 2013 869 2035 non
894 2013 1041 2046 possum.
1089 2001 1149 2034 sed
1177 2006 1229 2035 est
1251 2003 1339 2035 alter
1373 2012 1393 2034 a
1417 2012 1471 2034 me
1497 2001 1633 2035 bocbo-

232 2046 317 2086 dus,
357 2046 546 2078 Salmutzes
587 2048 729 2079 nomine
748 2072 756 2087 ,
782 2048 844 2092 qui
869 2054 904 2080 et
929 2048 1037 2080 filium
1062 2047 1170 2080 habet
1191 2047 1353 2091 Arpaden
1377 2053 1631 2091 nuncupatum:

230 2091 354 2123 horum
382 2092 453 2123 sive
479 2092 553 2135 ipse
578 2093 771 2125 Salmutzes
799 2093 869 2126 sive
895 2093 986 2125 filius
1012 2094 1086 2125 eius
1109 2093 1261 2137 Arpades
1280 2094 1439 2138 princeps
1466 2090 1527 2125 fiat
1549 2093 1635 2126 tibi-

230 2147 299 2179 que
323 2137 564 2170 subiiciatur.''
610 2138 743 2181 placuit
764 2139 884 2183 itaque
911 2138 997 2171 haec
1016 2140 1128 2171 oratio
1152 2139 1325 2182 chagano,
1360 2140 1525 2183 virosque
1557 2149 1634 2171 cum

229 2183 307 2226 ipso
333 2182 377 2214 ad
391 2184 518 2216 Turcas
543 2185 652 2225 misit3
677 2184 739 2228 qui
766 2185 826 2216 ubi
853 2195 929 2217 cum
955 2184 998 2216 iis
1022 2195 1211 2217 sermonem
1237 2185 1556 2223 communicassent,
1581 2184 1634 2216 vi-

231 2239 304 2260 sum
342 2229 458 2271 potius
499 2229 570 2261 illis
611 2230 677 2262 fuit
716 2230 885 2274 Arpadem
918 2231 1109 2273 principem
1137 2231 1347 2263 constituere
1375 2241 1476 2275 quam
1501 2235 1634 2273 patrem

231 2274 448 2311 Salmutzen‚
483 2280 606 2318 utpote
632 2275 823 2318 digniorem
848 2281 884 2308 et
906 2275 1091 2320 prudentia
1114 2276 1258 2308 consilio
1284 2287 1323 2308 ac
1347 2275 1553 2309 fortitudine
1578 2276 1635 2307 in-

231 2320 362 2362 signem
398 2320 530 2363 talique
562 2321 773 2365 principatui
806 2332 942 2365 parem3
979 2332 1082 2365 quem
1120 2322 1222 2353 etiam
1244 2322 1381 2355 solenni
1405 2321 1635 2354 Chazarorum

229 2376 324 2397 more
352 2376 390 2397 ac
414 2366 668 2398 consuetudine
692 2367 728 2399 in
759 2372 855 2399 scuto
882 2372 1032 2399 erectum
1058 2367 1247 2411 principem
1274 2367 1444 2400 fecerunt.
1492 2373 1527 2399 et
1553 2371 1635 2399 ante

227 2409 321 2442 hune
346 2411 516 2454 Arpadem
551 2412 685 2444 'Furcae
720 2413 913 2456 principem
947 2413 1052 2444 alium
1075 2413 1210 2445 nullum
1237 2424 1389 2457 unquam
1415 2411 1635 2452 habuerunt3

229 2467 272 2487 ex
298 2456 392 2488 cuius
418 2458 566 2500 posteris
592 2457 636 2489 ad
660 2457 754 2490 hunc
778 2469 888 2502 usque
925 2457 1014 2490 diem
1040 2459 1200 2502 princeps
1229 2459 1377 2492 'furciae
1399 2458 1634 2491 constituitur.

228 2507 308 2544 post
332 2502 468 2546 aliquot
491 2513 573 2535 vero
597 2514 706 2535 annos
733 2504 862 2536 Tur-cas
890 2503 1094 2536 invadentes
1110 2504 1351 2544 Patziuacitae,
1371 2515 1430 2536 eos
1448 2515 1520 2536 cum
1540 2503 1637 2547 prin-

230 2548 306 2590 cipe
332 2547 467 2591 Arpade
493 2549 666 2591 persecuti
693 2549 962 2582 sunt.rT11rcae
985 2550 1100 2593 itaque
1125 2549 1296 2593 profligati
1315 2550 1484 2593 fugientes
1511 2548 1546 2581 et
1565 2553 1638 2581 ter-

230 2603 300 2624 ram
325 2592 369 2625 ad
396 2593 495 2626 sedes
523 2593 746 2626 collocandas
773 2600 1002 2638 quaerentes,
1027 2605 1182 2637 magnam
1208 2596 1395 2628 Moraviam
1411 2594 1552 2638 ingressi
1579 2594 1638 2627 in-

230 2638 325 2672 colas
348 2639 422 2672 eius
457 2639 670 2684 expulerunt
702 2640 826 2686 ibique
857 2640 955 2675 sedes
978 2651 1055 2674 suas
1081 2647 1284 2685 posuerunt,
1316 2645 1507 2685 tenentque
1533 2639 1637 2673 etiam
