1780 3132
242 145 298 184 ΙΝ
334 142 691 185 CONSTANT1N1
731 141 927 184 PORPH.
968 142 1039 181 DE
1073 134 1554 181 THEM.L.11.297

218 258 395 308 54,11.
464 255 683 309 Κέρκυρα]
724 256 943 306 Dionysius
976 266 1139 306 περιηγ.
1172 254 1275 294 494.
1301 266 1369 291 και
1398 248 1557 302 λιπαροὶ

111 289 344 362 Κόρκυρα,
373 311 497 364 φίλον
525 313 650 351 πέδον
680 309 919 352 Ἀλκινόοιο.
986 312 1054 351 ubi
1084 308 1321 350 Eustathius
1352 313 1487 349 monet
1515 309 1559 348 in

109 367 284 421 antiquis
325 368 531 408 codicibus
571 369 758 422 ambigue
806 367 928 408 scribi
967 365 1187 416 Corcyram
1230 368 1271 404 et
1311 362 1558 415 Corcyram,

108 426 149 462 et
184 422 478 476 quadrifariam
527 424 690 474 vocari,
729 422 971 464 Phaeaciam
1015 420 1226 462 Scheriam
1259 419 1480 473 Drepanon
1518 422 1558 459 et

111 477 270 531 Argon.

218 530 576 574 Ibid.12.11ic
604 532 802 573 Alcinous
845 531 1019 572 Homero
1070 531 1306 584 appellatur
1360 523 1560 580 βασιλεῦς

106 585 315 637 θεοειδής.
346 588 455 629 Μοιι.

219 651 331 694 Ιῠίἆ.
365 657 431 694 17.
490 646 668 701 δώδεκα]
708 653 803 693 item
841 651 1052 693 duodecim
1096 654 1360 693 numerantur
1386 650 1438 691 ab
1465 650 1560 691 Hie-

113 707 249 759 rocle,
279 711 320 748 et
347 708 534 762 singulae
561 713 835 750 recensentur

219 774 288 826 55,
317 777 358 814 6.
416 769 590 824 νικήσας
619 769 642 811 ὅ
673 774 865 821 Καῖσαρ]
906 773 1077 814 Navalis
1104 773 1205 813 haec
1232 772 1285 813 ad
1311 771 1468 812 Actium
1497 771 1560 812 vi-

116 827 248 869 ctoria
274 828 467 882 contigit,
496 832 542 868 ut
570 829 646 868 Dio
674 833 867 879 testatur,
898 828 1078 869 Caesare
1117 827 1276 868 tertium
1314 833 1354 867 et
1381 827 1587 867 Messala,

109 896 219 992 «13,ιέἓὲ
219 896 322 979 bn⁸s¹
368 896 401 925 c.
431 887 541 934 ⁵723,
579 884 761 925 Iulianae
799 861 986 925 editionis
1028 885 1108 936 15,
1143 883 1209 923 die
1239 888 1285 936 2,
1314 883 1392 924 imo
1421 887 1449 923 3
1479 881 1561 923 Se-

218 1001 327 1045 Ibid.
358 1007 399 1045 9.
470 1001 748 1053 ἰνδικτίωνας]
793 1017 896 1058 quae
923 1005 990 1046 hic
1030 1004 1158 1045 tradit
1183 1003 1561 1058 Porpbyrogenitus

113 1071 167 1099 ex
192 1058 394 1109 Hesycbio
432 1058 482 1098 de
510 1059 819 1111 indictionibus,
855 1072 992 1124 nugae
1020 1064 1114 1100 sunt
1149 1073 1199 1101 ac
1224 1061 1353 1101 aniles
1382 1060 1558 1100 fabulae.

106 1114 200 1154 vide
228 1125 332 1167 quae
363 1113 413 1153 de
442 1113 726 1154 indictionibus
755 1115 990 1167 scripsimus
1021 1119 1229 1156 comment.
1259 1116 1302 1155 in
1326 1114 1558 1168 Antiquita-

106 1173 213 1209 tates
245 1167 509 1210 (31²..47‘3
536 1182 576 1210 ιι.
609 1173 675 1210 21.
734 1170 785 1210 de
812 1170 1011 1220 Hesychia
1041 1170 1201 1211 Milesio
1233 1174 1365 1211 autem
1396 1183 1444 1210 ac
1474 1170 1560 1209 eius

105 1223 270 1276 scriptis
308 1223 490 1276 pluribus
520 1224 609 1276 agit
646 1226 937 1266 10.Meursius
969 1225 1084 1266 initio
1112 1230 1302 1266 notarum
1331 1226 1382 1266 ad
1413 1226 1560 1266 librum

110 1279 196 1320 eius
229 1278 281 1317 de
313 1278 423 1319 Viris
453 1278 605 1319 Claris-

213 1342 324 1384 Ibid.
354 1347 419 1386 17.
479 1343 519 1382 Γ
517 1339 729 1395 ρηγοοιος]
759 1345 873 1385 locus
905 1345 971 1386 hic
999 1346 1191 1387 laudatus
1211 1346 1404 1398 Gregorii
1434 1344 1558 1385 Nazi-

104 1399 253 1440 anzoni
283 1403 419 1440 exstat
448 1399 491 1440 in
537 1400 788 1463 panegyrico
815 1413 874 1446 εις
903 1397 954 1439 τά
989 1395 1090 1451 ἅγια
1131 1400 1252 1454 φῶτα
1283 1399 1364 1439 τῶι
1397 1399 1559 1450 ἐπιφα-

105 1452 217 1505 νι’ων,
245 1466 328 1494 nou
354 1455 496 1516 procul
526 1455 577 1495 ab
607 1455 748 1505 initio;
780 1455 848 1496 ubi
877 1456 936 1495 sic
964 1456 1111 1498 habet:
1152 1455 1232 1494 ποῦ
1266 1452 1411 1506 θήσεις
1438 1452 1557 1494 Εκά-

103 1522 173 1559 της
200 1503 250 1547 τοὶ
270 1504 446 1575 φοβερα
484 1522 555 1547 και
595 1486 784 1548 σκοτεινὰ
828 1507 1034 1560 φάσματα
1062 1511 1136 1550 καί
1170 1508 1420 1574 Τροφωνίου
1453 1507 1555 1549 κατὰ

101 1562 176 1626 γῆς
195 1559 368 1614 παίγνια
393 1578 462 1602 και
490 1558 790 1614 μαντεύματα,
822 1561 850 1616 ἢ
877 1564 1138 1612 Δωδωναιάς
1167 1563 1293 1617 δρυὸς
1317 1560 1559 1628 ληρηματας

103 1611 131 1668 ἢ
157 1615 355 1669 τρίποδος
378 1618 595 1684 Δελφικοῦ
623 1620 896 1682 σοφίσματα;
924 1613 950 1671 ἢ
984 1619 1231 1667 Κασταλίας
1258 1617 1457 1671 μαντικὸν
1483 1616 1558 1658 πό-

101 1686 190 1722 μα,·
213 1671 333 1711 τοῦτο
360 1668 489 1722 μόνον
515 1686 561 1711 ου
593 1670 925 1736 μαντευσάμενα,
947 1672 1023 1727 τήν
1055 1673 1215 1715 ἑαυτῶν
1242 1674 1416 1726 σιωπήν.
1445 1676 1557 1717 Mon.

216 1725 327 1768 Ibid.
358 1731 425 1768 18.
483 1725 509 1778 ἧ
540 1724 648 1779 πηγὴ
683 1708 944 1792 Κασταλίας]
983 1730 1242 1772 scholiastem
1273 1732 1472 1771 Graecum
1502 1732 1559 1771 il-

103 1780 184 1821 lius
214 1783 453 1843 panegyrici
477 1782 679 1848 Gregorii
711 1784 770 1823 sic
799 1785 918 1838 lego:
967 1785 1196 1825 Κασταλία
1223 1782 1329 1837 πηγή
1356 1781 1455 1852 περὶ
1482 1781 1558 1836 τὴν

103 1832 378 1889 Ἀντιόχειαν,
405 1836 449 1876 ἐν
455 1837 492 1899 ᾗ
523 1851 590 1876 και
623 1835 644 1875 ὁ
672 1818 886 1877 Ἀπόλλων
907 1835 1126 1905 ἐφοοεύει.
1183 1839 1360 1889 μαντεία
1392 1853 1466 1878 ουν
1495 1853 1558 1885 τις

103 1888 323 1953 ἐξεφέρετο
363 1887 467 1930 κατὰ
503 1906 576 1943 την
615 1888 782 1931 τοιανὸε
790 1891 953 1971 επηγήν,
983 1890 1006 1946 ἦ
1038 1893 1113 1932 τοῦ
1140 1892 1343 1943 νάματος,
1372 1907 1421 1932 ov
1453 1891 1557 1933 κατὰ

104 1941 273 2008 φωνήν·
342 1945 396 1983 ου’
422 1942 503 1997 γὰρ
535 1944 655 2000 φωνή
690 1960 750 1993 τις
780 1946 988 2001 ἑξηχεῖτο,
1028 1947 1121 1988 ἀλλ’
1148 1947 1290 1994 ἁπλῶς
1312 1944 1420 2002 ήχου
1450 1945 1558 1996 τινὸς
1625 1986 1628 1990 ,

101 2011 170 2037 και
202 1993 436 2050 πνεύματος
475 2000 757 2066 α’ναὸιδοιιένη
801 2002 874 2040 καί
901 2003 1070 2055 ἐκροῆς·
1129 2002 1232 2055 πρὸς
1259 2000 1289 2042 δι’
1308 2017 1412 2050 τινες
1441 2000 1558 2043 ἱστά-

98 2065 246 2105 μενοι,
272 2068 343 2093 και
371 2056 557 2104 νοοῦντες
594 2053 643 2096 τὰ
673 2052 868 2107 σύμβολα
896 2072 1059 2109 ταυτα,
1101 2055 1240 2108 ἔλεγον
1268 2060 1416 2099 ταῦτα.
1446 2061 1556 2101 Mon.

102 2120 243 2150 verum
271 2109 476 2152 Castalius
507 2113 621 2162 fons,
655 2112 722 2165 qui
751 2117 791 2152 et
820 2112 1058 2155 Caballinus
1089 2119 1128 2155 et
1156 2115 1362 2156 Libethris
1395 2115 1555 2165 dicitur,

104 2163 155 2203 de
182 2176 260 2217 quo
291 2165 357 2206 bic
382 2167 564 2218 loquitur
593 2168 770 2220 scriptor
794 2173 956 2218 noster,
985 2174 1047 2210 est
1074 2170 1117 2211 in
1145 2171 1351 2211 radicibus
1382 2171 1556 2211 Parnasi

99 2218 227 2258 Musis
255 2232 398 2272 sacer,
439 2222 499 2262 ita
530 2223 659 2263 dictus
698 2235 724 2263 a
753 2224 915 2276 virgine
945 2223 1153 2276 Castalia,
1194 2238 1298 2280 quae
1325 2225 1555 2279 Apollinem

99 2273 264 2326 fugiens
292 2276 563 2339 praecipitata
596 2282 637 2318 et
665 2277 707 2318 in
735 2278 887 2318 fontem
915 2292 1038 2321 versa
1068 2286 1142 2321 est·

209 2330 277 2380 56,
291 2331 333 2372 5.
388 2328 529 2377 πόλεις
557 2332 692 2380 πέντε]
725 2338 770 2373 at
796 2334 918 2374 urbes
935 2339 1091 2377 tantum
1120 2340 1312 2390 quattuor
1339 2349 1556 2377 numeran-

99 2386 167 2422 tur
195 2385 303 2436 apud
332 2383 652 2439 Constantinum,
680 2388 831 2429 omissa
867 2390 1057 2432 fortassis
1087 2392 1226 2445 quinta
1254 2392 1414 2432 scribae
1443 2392 1556 2432 incu-

98 2438 186 2478 ria.
213 2439 286 2479 sed
311 2441 493 2503 suppleri
519 2447 652 2505 potest
671 2456 723 2484 ex
740 2444 950 2495 Hierocle3
980 2459 1005 2488 a
1023 2458 1103 2501 quo
1122 2447 1280 2501 quidem
1305 2448 1434 2501 primo
1464 2448 1555 2487 loco

98 2492 263 2546 ponitur
291 2492 480 2547 Σαρδικὴ
509 2493 722 2548 μητρὸλις.

207 2557 318 2600 Ibid.
352 2565 391 2601 6.
464 2558 626 2608 Νάϊσος
652 2561 819 2611 Ναισός
855 2569 895 2606 et
924 2564 1117 2613 Ναὶσσὸς
1153 2569 1346 2610 scribitur
1374 2569 1452 2610 hoc
1481 2581 1555 2609 no-

101 2625 216 2654 men:
260 2619 304 2656 at
344 2612 510 2662 Νάὶσος
547 2630 621 2681 per
652 2633 678 2657 σ
717 2620 889 2674 simplex
922 2623 1175 2665 scribendum
1212 2626 1271 2665 ait
1308 2624 1554 2668 Holstenius.

103 2669 210 2721 quod
251 2670 293 2711 in
323 2671 510 2712 Hierocle
552 2673 610 2715 ita
636 2675 858 2727 scribatur,
903 2681 944 2718 et
975 2680 1153 2732 gentiles
1181 2678 1488 2720 NAIEITAE
1493 2677 1557 2719 Ol
