1780 3132
233 203 288 242 m
324 199 682 242 consummi
724 197 922 239 Ponpn.
962 198 1032 238 nn
1056 196 1219 238 Tuam.
1260 196 1307 245 L,
1335 195 1387 235 11.
1430 176 1553 234 289‘

269 389 334 428 IN
374 389 631 429 LIBRUM
673 390 706 428 ll
747 389 830 427 DE
889 384 1343 427 THEMATIBUS.

198 535 265 584 44,
296 536 361 574 14.
420 529 641 585 Εὐρώπης]
682 531 917 572 Eustathius
953 531 995 571 in
1034 528 1219 579 Dionysii
1256 520 1535 578 περιηγήσεως

90 601 130 630 v.
158 592 240 629 170
270 589 474 642 Europam
502 589 562 628 ait
587 587 726 628 vocari
745 587 878 626 omnia
906 586 960 626 ad
988 598 1172 625 occasum
1200 583 1306 632 sita,
1334 582 1452 621 ducto
1481 582 1534 622 ab

87 644 350 697 Hellesponto
382 643 606 697 principio;
637 643 825 695 antiquos
865 654 963 681 vero
1004 641 1224 692 scriptore-s
1266 637 1430 678 tradere
1458 637 1539 678 Ve-

89 699 323 753 spasianum
350 698 633 751 imperatorem
656 697 871 738 Thraciam
894 696 945 736 ab
964 696 1130 747 Europa
1155 692 1375 734 diremisse.

199 752 307 795 [bid.
385 750 642 805 Βυζάντιον]
695 752 806 792 urbis
863 750 1102 803 Cpolitanae
1149 749 1327 801 elogium
1374 750 1540 799 praeter

86 813 244 848 eeteros
274 807 494 861 scriptores
534 808 752 848 adornavit
783 806 978 856 synesius
1023 807 1065 846 in
1106 803 1296 846 extremis
1335 801 1539 842 Philadel-

85 863 190 916 phis.
249 863 341 904 vide
368 863 463 903 item
491 863 658 903 Dionem
687 863 729 903 in
755 862 924 902 Severo.

198 931 264 979 45,
296 933 333 970 1.
391 926 672 982 ΙΙΙεσημβριά]
703 929 754 970 cf.
789 927 1018 979 Stephanus
1036 956 1046 976 ,
1078 936 1131 964 ex
1162 936 1239 977 quo
1270 923 1465 977 pleraque
1486 922 1541 963 ad

89 984 270 1034 verbum,
298 987 343 1024 ut
371 984 495 1035 aiunt,
529 984 746 1037 exscripsit
766 979 1150 1035 porphyrogenitus.

196 1037 306 1080 Ibid.
339 1042 378 1079 2.
435 1039 653 1091 Perperam
685 1040 726 1079 in
756 1038 874 1078 editis
903 1041 944 1076 et
971 1036 1012 1076 in
1043 1034 1079 1074 A
1108 1034 1260 1086 legitur
1290 1031 1537 1084 Συληλιιβριά

87 1107 164 1148 pro
195 1090 468 1144 Σηλυμβριάε
497 1094 702 1134 Herodoto
733 1094 879 1147 quippe
907 1093 935 1133 1.
954 1095 982 1131 6
1004 1093 1060 1131 33
1090 1094 1131 1130 et
1158 1088 1354 1130 Straboni
1381 1092 1407 1128 7
1438 1088 1539 1128 haec

86 1150 178 1203 ipsa
206 1148 304 1189 urbs
332 1148 482 1189 dicitur
506 1148 735 1200 Σηλυβριά.

197 1216 264 1265 46,
295 1218 334 1255 1.
394 1208 418 1265 ἦ
444 1213 526 1252 τῶν
554 1209 782 1264 βαρβάρων
809 1208 1051 1263 περαίωσις]
1097 1209 1148 1250 de
1168 1209 1245 1250 hac
1273 1209 1541 1263 Bulgarorum

92 1269 357 1322 impressione
389 1270 482 1309 vide
510 1269 801 1322 Theophanem
832 1268 886 1308 ad
914 1279 1061 1307 annum
1079 1269 1128 1305 11
1161 1265 1318 1317 imperii
1342 1266 1541 1306 Constan-

88 1325 166 1365 tini
197 1324 412 1377 Pogonati.

195 1388 305 1431 Ibid.
338 1391 375 1430 4.
442 1384 835 1440 Ὀνογουνὸούρους]
878 1386 1083 1438 Bulgaros
1113 1385 1410 1438 Onogunduros
1440 1397 1538 1438 quo-

85 1457 162 1499 que
189 1449 230 1485 et
263 1444 493 1498 Controgos
534 1444 663 1484 dictos
698 1443 823 1484 fuisse
865 1441 1006 1482 scribit
1034 1441 1259 1481 Diaconus:
1291 1440 1539 1494 Onogundu-

85 1513 227 1541 renses
257 1511 356 1540 vero
385 1500 571 1540 dicuntur
599 1499 639 1539 in
668 1499 760 1539 hist.
781 1498 966 1538 Miscella
987 1500 1053 1536 19.
1108 1496 1183 1536 hos
1215 1496 1372 1549 quidem
1404 1497 1538 1536 Unno-

87 1555 420 1608 bundobulgaros
463 1558 504 1594 et
535 1552 765 1608 Contragos
796 1552 978 1605 appellat
1005 1551 1277 1604 Theophanes
1305 1551 1357 1592 ad
1390 1563 1538 1592 annum

91 1615 143 1651 11
174 1611 227 1651 im
258 1610 332 1650 erii
363 1609 620 1651 Constantini
650 1608 862 1662 Pogonati.

195 1663 223 1707 l
248 1664 305 1706 id.
334 1667 373 1706 5.
432 1660 512 1702 α’πό
545 1661 730 1718 Θρᾳκὸς]
765 1662 997 1716 Stephanus
1037 1661 1256 1702 Thraciam
1287 1662 1537 1714 appellatam

88 1720 214 1761 fuisse
240 1720 381 1761 scribit
405 1732 430 1760 a
460 1720 637 1772 nympha
664 1719 856 1760 Titanide
883 1722 1064 1768 tantum,
1095 1729 1148 1759 ex
1184 1730 1263 1770 qua
1290 1722 1330 1756 et
1357 1716 1537 1758 Saturno

91 1776 295 1816 Doloncus
319 1779 438 1815 natus
471 1779 544 1815 est.

199 1839 311 1882 Ibid.
338 1844 404 1881 19.
460 1839 533 1890 τῆς
561 1837 642 1878 τῶν
657 1838 857 1889 Δωρι”εων
884 1835 1086 1890 γλώττης]
1115 1838 1336 1888 Byzantios
1365 1836 1541 1878 Dorien-

90 1897 192 1938 sium
219 1896 395 1936 dialecto
429 1907 524 1935 usos
572 1895 698 1934 fuisse
724 1907 839 1934 nemo
881 1895 1061 1947 ignorat.
1127 1893 1221 1933 vide
1259 1893 1539 1933 Demosthenis

91 1951 315 1998 orationem
341 1949 439 2000 περὶ
468 1947 694 2001 στεφάνου.
728 1962 754 1989 a
785 1949 1023 2002 quibusnam
1056 1952 1190 1988 autem
1221 1949 1423 1989 conditum
1451 1950 1540 1989 fue-

88 2008 144 2048 rit
170 2006 424 2056 Byzantium,
455 2009 478 2044 1
512 2004 898 2045 Commentariorum
938 2004 1207 2055 exposuimus.

199 2064 265 2109 4⁷,
294 2065 332 2102 ⁶2.
391 2056 531 2105 πόλεις
560 2055 637 2112 ιδ’]
666 2060 724 2100 ita
753 2064 793 2099 et
820 2059 927 2111 apud
958 2059 1149 2099 Carolum
1179 2071 1205 2099 a
1233 2058 1276 2100 S.
1292 2059 1432 2100 Paulo.
1465 2059 1534 2100 sed

89 2117 184 2170 quia
224 2115 518 2168 Eudoxiopolis
561 2115 702 2155 deerat
746 2115 789 2154 in
834 2114 970 2154 codice
1001 2114 1201 2155 Vaticano
1219 2145 1229 2164 ,
1278 2126 1330 2155 ex
1357 2126 1434 2168 quo
1464 2115 1538 2156 ine

88 2171 286 2212 Hieroclis
314 2171 545 2225 opusculum
565 2182 636 2211 seu
663 2171 798 2223 potius
825 2170 1098 2222 fragmentum
1119 2169 1313 2221 ediderat,
1339 2170 1430 2210 ideo
1459 2182 1535 2224 pro

92 2222 146 2266 ιδ’
177 2227 392 2280 legendum
420 2230 556 2266 monet
587 2221 650 2276 ιγ’.

199 2291 309 2335 Ιὺὶά.
366 2287 708 2342 Εὕδοξιοὺπολις]
750 2303 963 2344 perperam
992 2290 1035 2331 in
1064 2291 1182 2331 editis
1219 2291 1370 2344 legitur
1400 2287 1541 2330 Εὔδο-

93 2342 159 2396 ξῖα
190 2344 333 2397 πόλις;
363 2347 435 2387 sed
465 2347 612 2399 optime
647 2348 846 2387 Morellus
878 2359 929 2386 ex
960 2346 1193 2387 coniectura
1221 2347 1417 2388 emendat.
1458 2347 1540 2388 Eu-

20 2426 24 2430 ’
90 2403 319 2455 doxiopolis
350 2402 496 2455 quippe
528 2403 667 2442 eadem
697 2415 801 2456 quae
834 2401 1037 2451 Selybria,
1068 2402 1165 2442 urbs
1194 2403 1447 2456 episcopalis.
1476 2403 1538 2442 vi-

91 2458 142 2498 de
173 2457 391 2498 Ortelium:
423 2470 515 2497 nam
537 2458 732 2498 Motellus
762 2469 865 2511 quae
891 2457 1028 2497 adfert
1051 2457 1103 2497 ad
1131 2458 1309 2510 verbum,
1337 2462 1382 2498 ut
1412 2459 1539 2506 aiunt,

92 2523 145 2553 ex
176 2513 332 2553 Ortelio
362 2512 588 2565 exscripsit..

175 2587 178 2590 “
202 2576 312 2620 Ιόὶά.
343 2578 625 2631 Arcadiopolis
641 2579 843 2619 Thraciae
859 2579 968 2629 urbs,
996 2578 1091 2618 olim
1120 2579 1229 2620 dicta
1242 2579 1476 2633 Bergulium
1505 2583 1546 2619 et

91 2632 299 2686 Bergula;
339 2637 481 2686 postea
519 2647 545 2674 a
572 2634 803 2674 Theodosio
843 2643 992 2687 magno
1034 2633 1265 2675 instaurata
1308 2640 1348 2675 et
1376 2635 1543 2676 Arcadii

91 2689 166 2729 filii
194 2689 323 2743 ipsius
351 2689 510 2729 nomine
541 2693 785 2743 nuncupata,
814 2694 859 2730 ut
880 2689 1020 2730 scribit
1046 2688 1268 2732 Cedrenus.
1330 2685 1542 2742 Reprobat]

96 2744 327 2785 Ptolemaeo
357 2749 398 2784 et
427 2744 643 2786 Antonino.
701 2745 812 2786 Mon.

188 2830 306 2864 Conse.
332 2830 462 2875 Por-plz-
1242 2829 1285 2863 19
