1780 3132
223 148 280 188 IN
317 144 673 188 CONSTANTINI
712 144 909 187 PORPH.
936 146 1035 185 Lm.
1062 144 1134 184 DE
1160 142 1290 184 ΑΒΜ.
1311 144 1418 183 ΙΜΡ.
1457 138 1552 184 333

115 259 378 313 scriptoribus
406 260 562 300 Latinis
587 258 738 314 Capua
768 257 904 310 Nova,
931 258 1036 299 unde
1063 257 1129 298 hic
1155 256 1370 310 legendum
1397 254 1558 296 videtur

112 328 186 368 pro
215 312 472 366 Καπαντήν,
505 309 687 353 Κάπυαν
715 313 834 354 esav:
863 327 955 354 nam
986 318 1026 353 et
1050 313 1174 365 paulo
1202 313 1311 353 infra
1338 311 1439 352 haec
1466 310 1558 364 ipsa

109 370 206 412 urbs
236 381 262 410 a
289 369 528 422 Landulpho
561 370 746 422 episeopo
775 372 1006 410 constructa
1036 368 1183 408 dicitur
1213 364 1389 406 Κάπυα.

169 435 173 437 “
218 439 311 486 121,
341 438 406 475 14.
464 433 539 487 ἀφ’
569 426 621 472 οὗ
649 434 694 474 δὲ
728 431 914 487 ἐκτίσθη]
950 434 1052 474 haec
1083 433 1224 486 Capua
1251 444 1361 473 nova
1394 444 1420 472 a
1448 431 1556 471 Lan-

109 490 261 543 dulpho
289 491 476 543 episcopo
503 494 735 530 constructa
763 489 839 529 fuit
870 502 907 530 a.
937 489 1031 530 Chr.
1062 491 1170 541 856,
1200 488 1402 541 distatque
1431 499 1458 526 a
1488 498 1559 526 ve-

113 546 192 586 teri
221 545 375 586 duobus
403 545 643 586 miliaribus.
722 545 778 585 ibi
810 549 850 585 et
877 544 1149 585 cathedralem
1179 543 1388 584 ecclesiam
1417 541 1558 582 aedifi-

110 601 232 650 cavit,
260 605 305 640 ut
333 600 475 640 videre
515 604 576 640 est
609 600 651 640 in
683 611 864 640 convexo
896 600 1054 652 pariete
1082 599 1208 649 chori,
1253 598 1407 638 musivo
1435 608 1558 649 opere

110 655 324 705 adornato.
401 659 441 695 et
478 654 521 695 in
552 655 690 695 eadem
721 655 820 695 urbe
862 667 970 695 nova
999 655 1104 695 idem
1135 653 1398 706 Landulphus
1426 651 1559 692 evasit

111 723 244 751 comes
271 723 309 751 a.
341 713 448 751 862:
486 722 524 751 v.
570 710 782 764 Ughellum
823 709 872 749 de
913 710 1113 763 episcopis
1151 709 1355 762 Capuanis
1393 721 1432 760 p.
1461 710 1556 748 380.

112 777 164 806 ex
194 765 330 806 verbis
358 770 489 806 autem
518 766 602 805 illis
642 765 983 818 Porphyrogeniti
1023 762 1110 805 “eas
1153 776 1234 819 quo
1274 767 1415 804 autem
1449 761 1559 802 haec

111 817 263 874 Capua
293 823 548 861 constructa
593 818 682 871 fuit
712 822 812 860 anni
841 824 942 861 sunt
981 816 1062 861 73²·
1090 820 1298 873 colligitur
1325 817 1558 871 Porphyro-

109 875 289 928 genitum
319 874 420 916 haec
448 875 659 928 scripsisse
688 888 725 916 a.
757 875 852 916 Chr.
885 879 993 924 929,
1024 875 1181 928 imperii
1214 874 1275 914 sui
1310 877 1384 915 18:
1413 873 1558 927 quippe

115 929 257 983 Capua
287 942 395 971 nova
424 934 656 971 constructa
681 931 758 971 fuit.
787 943 812 971 a
831 931 1071 982 Landulpho
1100 943 1138 971 a.
1170 932 1266 978 856,
1299 929 1361 969 cui
1390 940 1556 970 numero

112 997 310 1026 annorum
341 985 376 1026 si
407 985 610 1026 addantur
638 986 733 1025 anni
758 989 825 1036 ¹73,
851 986 1079 1026 invenietur
1109 997 1238 1025 annus
1267 989 1364 1025 929.

217 1049 327 1092 Ibid.
362 1054 428 1091 1⁵7.
484 1046 778 1102 μαστρομήλης
807 1055 847 1092 et
875 1050 1180 1101 μαστρομϊλιος
1206 1053 1414 1103 mayister
1441 1049 1556 1090 mili-

109 1109 215 1147 tum.
271 1106 332 1146 ita
369 1106 655 1159 appellabatur
696 1107 807 1147 urbis
845 1106 887 1146 iu
913 1107 1036 1147 ltalia
1075 1107 1307 1159 praefectus
1337 1118 1557 1159 supremus,

115 1161 247 1214 inquit
272 1161 521 1214 Ducangius‚
552 1161 681 1201 citans
711 1161 816 1202 hunc
859 1162 1201 1214 Porphyrogeniti
1226 1163 1368 1202 locum.
1426 1162 1557 1201 Vene-

113 1216 183 1256 tiis
211 1216 306 1256 item
334 1216 436 1256 haec
465 1217 643 1269 dignitas
673 1216 714 1256 in
742 1229 815 1257 usu
845 1221 954 1258 erat:
987 1218 1037 1257 cf.
1067 1217 1253 1257 Andreas
1280 1216 1487 1256 Dandulus
1515 1215 1557 1256 in

107 1270 308 1311 Chronico
335 1271 552 1323 (Murator.
576 1272 670 1312 Rer.
700 1271 955 1324 ltal.Script.
984 1276 1012 1311 t.
1031 1275 1096 1313 12.
1126 1285 1164 1324 p.
1184 1275 1264 1312 136
1284 1272 1370 1322 R).
1400 1271 1451 1310 de
1478 1271 1556 1311 hac

106 1326 288 1378 pluribus
317 1326 406 1378 agit
434 1326 664 1379 Ducangius
694 1339 780 1367 cum
807 1327 849 1367 in
867 1327 933 1368 Gl.
969 1326 1041 1367 Gr.
1072 1330 1154 1367 tum
1181 1327 1222 1367 in
1246 1327 1311 1368 Gl.
1339 1326 1441 1367 med.
1463 1327 1555 1367 Lat.

109 1382 214 1422 inv.
246 1378 464 1433 Mayister
492 1380 684 1422 militum.
753 1377 971 1421 κατεπάνω
1015 1386 1147 1422 autem
1186 1384 1454 1435 capitaneus,
1480 1381 1558 1421 hoc

105 1440 168 1531 {st
203 1434 464 1489 praefectus
508 1438 749 1478 eaeercitus.
825 1437 920 1477 vide
956 1440 1167 1491 utrumque
1208 1438 1288 1478 viri
1329 1436 1552 1477 doctissimi

146 1491 371 1532 lossarium.

216 1544 326 1588 Ibid.
357 1550 423 1587 20.
498 1546 735 1588 Eustathius
775 1547 828 1588 ad
861 1547 1115 1597 Dionysium:
1157 1544 1232 1598 τὴν
1270 1545 1316 1586 δὲ
1345 1544 1553 1599 ῥηθεῖσαν

100 1597 282 1639 Ἑνετιάν
307 1600 384 1639 νῦν
411 1601 489 1649 μὲν
519 1601 720 1640 Βενετίαν
763 1600 905 1654 φασίν.
974 1607 1014 1642 et
1041 1602 1259 1644 Arrianus:
1287 1601 1359 1642 καί
1383 1602 1434 1652 τῆ
1464 1602 1554 1641 ἐπι-

102 1655 248 1709 χωρίῳ
276 1653 432 1710 γλώττῃ
465 1656 635 1695 Βενετοί
662 1654 722 1702 εἰς
748 1655 872 1695 τοῦτο
905 1651 966 1695 ἔτι
994 1653 1086 1696 ἀντὶ
1107 1651 1277 1697 Ἑνετῶν
1307 1642 1552 1710 κληΐζονται.

219 1719 330 1762 Ibid.
361 1725 427 1763 22.
484 1718 767 1774 Ἰουστινιοίνα]
815 1727 911 1775 puto
943 1723 1007 1763 hic
1033 1735 1108 1775 pro
1141 1724 1386 1764 Iustiniana
1413 1724 1554 1776 legeu-

104 1774 196 1815 dum
219 1775 519 1830 Iustinopolis,
548 1789 651 1830 quae
678 1777 797 1817 hodie
825 1777 941 1818 Italis
967 1778 1113 1818 dicitur
1141 1776 1262 1831 Capo
1293 1778 1490 1820 d’lstria.

217 1839 327 1883 Ibid.
387 1837 585 1892 Κάστρον
613 1841 691 1880 τοῦ·
714 1836 900 1896 Νούνου]
930 1843 1049 1883 hodie
1068 1842 1264 1885 Nonnum
1283 1845 1350 1886 vel
1377 1844 1435 1886 ad
1462 1843 1553 1887 No-

24 1941 28 1944 ,
89 1906 215 1948 num,
247 1901 351 1937 teste
379 1897 583 1938 Cluverio.

217 1966 310 2015 122,
338 1967 377 2004 7.
435 1961 676 2014 Κογράδον]
710 1962 776 2004 hic
812 1975 887 2015 pro
920 1961 1162 2018 Copradum
1204 1965 1383 2007 Gradum
1411 1966 1553 2020 legen-
1633 1999 1636 2003 .

104 2017 196 2058 dum
222 2030 311 2058 csse
337 2031 454 2059 nemo
483 2031 563 2058 non
602 2019 735 2060 videt:
777 2018 939 2059 Gradus
983 2020 1129 2072 quippe
1161 2021 1305 2074 (Vulgo
1333 2019 1481 2062 Grada
1512 2027 1553 2063 et

102 2073 269 2114 Venetis
298 2071 437 2126 (ἔναυ)
466 2074 600 2115 insula
632 2078 693 2113 est
721 2085 819 2114 orae
848 2086 921 2113 seu
951 2075 1119 2115 ducatus
1149 2077 1291 2116 Veneti
1324 2077 1548 2119 confinium.

102 2127 218 2168 liuius
250 2133 382 2170 autem
425 2130 582 2170 insulae
611 2128 770 2168 celebre
800 2134 863 2169 est
902 2142 1047 2169 nomen
1076 2131 1127 2171 ob
1156 2132 1412 2183 patriarchas
1442 2132 1550 2173 Gra-

103 2183 277 2277 denges3
327 2185 399 2225 sed
450 2185 500 2225 de
557 2184 718 2237 origine
760 2184 875 2225 huius
923 2185 1224 2237 patriarchatus
1268 2187 1383 2228 multi
1423 2188 1551 2229 multa

102 2241 173 2277 tra
202 2242 284 2278 unt.

210 2290 320 2334 Ibid.
383 2288 650 2345 μητρόπολις]
698 2306 911 2348 perperam
940 2296 1137 2336 Meursius
1178 2296 1281 2349 legit
1309 2292 1551 2348 ἀκρόπολις,-

102 2347 250 2399 quippe
290 2349 499 2411 sequentia
556 2348 728 2388 suadent
769 2347 1026 2402 μητρόπολιν
1070 2351 1125 2392 ibi
1164 2352 1296 2403 potius
1333 2353 1551 2406 legendum

104 2414 222 2456 quam
243 2400 472 2465 ,ἄκροποῇιν
492 2415 562 2443 seu
582 2414 742 2453 arcem,
774 2406 865 2445 dum
888 2406 946 2446 ait
975 2403 1047 2444 καί
1072 2402 1202 2444 πολλὰ
1222 2405 1402 2456 λείψανα
1422 2405 1552 2457 ἁγίων

99 2456 144 2493 ἑν
174 2470 303 2509 ταυτῃ
335 2454 584 2496 α’ποκεινται.
640 2455 888 2510 μητρόπολις
926 2466 1057 2501 autem
1086 2460 1152 2501 hic
1178 2462 1380 2515 significat
1407 2462 1549 2503 eccle-

99 2513 212 2567 siam
252 2512 648 2566 metropolitanam;
692 2514 734 2554 in
774 2527 853 2568 qua
892 2516 1049 2568 quidem
1093 2517 1299 2558 asservari
1351 2518 1549 2571 reliquias

100 2571 330 2608 sanctorum
358 2568 495 2608 verius
524 2569 677 2608 dixeris
719 2581 838 2622 quam
865 2570 906 2610 in
949 2571 1130 2624 acropoli
1159 2585 1230 2613 seu
1259 2583 1382 2614 arce.
1440 2573 1548 2613 Gra-

100 2621 174 2661 dus
204 2627 337 2663 autem
366 2623 511 2664 civitas
537 2625 838 2676 metropolitica
865 2627 974 2666 facta
1004 2639 1030 2667 a
1060 2626 1211 2668 Carolo
1241 2641 1404 2681 magno,
1433 2628 1548 2668 testi-

99 2675 174 2717 bus
202 2677 431 2732 Eginartho
469 2682 508 2720 et
535 2678 786 2734 Rhegiuone.
859 2682 1110 2734 postmodum
1142 2695 1241 2724 vcro
1270 2696 1307 2725 a.
1338 2683 1434 2725 Chr.
1463 2686 1547 2724 967
