1780 3132
283 141 376 190 414
813 152 1155 192 WssssfflNGn

279 260 579 309 παρατείνουσι
643 271 744 312 quae
768 263 898 300 tamen
927 272 1013 301 eum
1052 273 1130 300 non
1158 265 1340 312 poterunt
1363 264 1519 303 firmare
1544 263 1671 326 situm,

279 314 470 367 siquidem
495 313 643 353 serrae
666 314 867 354 Berrhoea
896 318 936 353 et
961 316 1107 376 Tempe
1133 319 1176 353 ut
1200 315 1486 357 diversissimae
1511 318 1672 368 positio-

278 368 340 407 nis
370 369 459 407 loca
485 371 763 408 memorantur.
790 372 1007 442 putavero
1035 369 1141 407 circa
1168 367 1415 416 Strymonem
1440 370 1573 422 fuisse,
1605 383 1673 411 ea-

278 433 352 473 que
380 425 542 472 propter
576 416 626 457 τά
655 433 749 471 περι
783 420 942 473 Σὲρρας
979 434 1046 459 και
1087 419 1302 470 Στρυμόνα
1337 423 1473 472 χωρία
1498 424 1672 464 Nicetam

278 476 370 514 Rer.
398 474 531 513 Alexii
557 473 703 526 Angeli
746 475 773 514 l.
802 479 829 514 2
873 487 910 537 Ρ.
940 477 1017 514 241
1054 474 1312 526 coniungere,
1347 480 1387 515 et
1415 477 1672 529 Nicephorum

278 528 501 579 Gregoram
526 531 553 567 9
581 532 608 567 6
635 528 848 568 Thraciam
878 529 983 568 inter
1024 532 1064 567 et
1090 528 1421 578 Thessalonicam,
1447 535 1565 582 atque
1590 532 1671 571 An-

277 594 368 621 mun
362 559 511 622 BAlex·
537 586 565 621 9
593 595 631 633 p.
658 584 738 621 255
765 582 868 622 haud
892 583 1054 622 multum
1079 594 1104 621 a
1140 581 1382 634 christopoli
1410 595 1566 635 ponere.
1632 625 1645 631 ,

383 647 556 696 391,15.
587 642 800 693 Φίλιπποι]
829 646 962 686 verius
987 646 1055 697 ita,
1083 650 1123 685 et
1150 658 1240 686 mox
1262 640 1523 700 Ἀμφιπολις,
1550 648 1675 690 codex

278 676 527 739 Constantini
554 700 582 739 1.
609 703 635 739 2
656 700 792 739 Them.
824 703 847 739 1
870 704 910 739 et
936 704 975 740 2.

386 761 494 804 Ibid.
556 761 828 809 Ἀπολλωνία]
866 763 944 803 sita
982 767 1069 804 erat
1107 764 1150 804 in
1189 763 1440 816 Chalcidice,
1481 776 1595 817 quam
1633 765 1675 805 in

279 817 491 867 Olynthum
519 829 604 856 cum
618 820 672 856 32
700 817 791 856 aliis
821 817 982 856 urbibus
996 817 1215 878 Philippum
1241 818 1430 858 evertisse
1445 819 1672 859 Demosthe-

277 884 348 911 nes
377 871 544 922 Philipp.
573 875 599 910 3
626 884 665 922 p.
693 875 748 910 68
772 876 830 909 ·et
867 870 1012 910 Suidas
1046 871 1087 911 in
1119 867 1311 921 Κάαανος
1348 873 1501 912 docent.
1556 877 1674 925 atque

276 926 351 965 huc
377 937 496 976 saepe
524 925 704 964 rhetores
730 925 957 976 respiciunt,
985 929 1030 963 ut
1065 925 1262 964 Aristides
1291 930 1384 989 tom
1411 930 1438 965 2
1445 939 1502 991 p.
1528 929 1610 966 225
1635 930 1677 966 et

276 979 464 1019 Libanius
491 983 583 1020 tom.
611 982 635 1017 1
662 991 701 1030 p.
731 982 823 1018 106.
883 976 1110 1023 ''Oltvvn‘hoec
1135 975 1251 1029 ἠφίει
1278 992 1318 1016 τι
1341 976 1494 1030 χωοίον
1520 993 1577 1025 ως
1606 992 1675 1030 φι-

274 1030 474 1083 λόδωρος,
513 1046 579 1070 και
607 1027 754 1082 μικοὸν
795 1026 963 1093 υστερον
998 1030 1183 1092 eddam&
1211 1015 1421 1082 Ὀλύνθιοι,
1446 1031 1600 1081 μᾶλλον
1631 1031 1677 1070 δὲ

277 1085 521 1136 Χαλκιδεῖς,
561 1083 637 1123 δύο
673 1081 744 1123 καί
769 1080 984 1135 τριάκοντα
1011 1080 1170 1135 πόλεις,
1212 1085 1297 1125 sive
1341 1087 1470 1137 potius
1509 1086 1580 1124 καί
1600 1081 1676 1123 δύο

276 1154 311 1178 κ.
340 1141 374 1178 λ.
389 1170 402 1190 ,
447 1145 491 1179 ut
526 1152 577 1181 ex
616 1139 787 1179 eiusdem
816 1139 989 1190 Apolog.
1032 1138 1280 1179 Demosthen.
1321 1152 1360 1192 p.
1390 1143 1467 1180 451
1496 1151 1675 1192 comper-

276 1199 358 1236 tum
385 1198 456 1233 est.

304 1312 329 1352 h
385 1256 491 1299 lbid.
523 1261 588 1298 16.
641 1256 799 1308 Βὲργη]
827 1256 930 1296 male
957 1255 1237 1298 Constantinus
1259 1255 1413 1308 Βέρπη.
1468 1257 1559 1298 vide
1582 1256 1676 1299 Ste-

277 1326 302 1365 P
332 1325 490 1417 dmllbnid.
535 1366 759 1426 ”Apavposs
778 1374 1037 1415 Constantino
1055 1366 1246 1424 ”Λραλος.
1301 1375 1473 1415 fortasse
1494 1367 1677 1428 ’Ἀρωλος
1704 1408 1707 1412 ,

278 1430 492 1470 Ptolemaei
519 1433 591 1478 est,
618 1429 660 1469 in
686 1429 924 1469 Bisaltarum
951 1428 1126 1480 regione.

384 1493 491 1535 Ibid.
548 1494 671 1542 κλίμα
702 1488 930 1541 Μεστικόν]
960 1493 1066 1532 Frid.
1095 1492 1302 1532 Moreuum
1323 1489 1521 1533 Νεστικὸν
1547 1505 1677 1534 emen-

278 1547 436 1589 dantem
483 1551 592 1588 recte
624 1548 808 1598 coarguit
857 1547 1209 1586 Schurzfleischius
1247 1547 1365 1587 Notit.
1403 1548 1497 1587 bibl.
1538 1548 1675 1587 Vinar.

275 1616 314 1655 Ρ.
344 1607 409 1652 71,
439 1613 670 1655 quamquam
704 1602 839 1640 urbem
876 1601 1142 1652 imprudenter
1183 1601 1413 1640 arbitratus.
1477 1601 1676 1641 Thraciae

275 1657 435 1696 fiuvium
457 1658 616 1695 Nestum
638 1655 744 1694 numi
766 1653 1010 1693 ΜΕΣΤΟΝ
1032 1658 1071 1693 et
1098 1666 1176 1693 mss
1195 1655 1324 1695 Solini
1354 1659 1394 1694 et
1418 1655 1546 1706 Plinii,
1574 1659 1676 1694 teste

275 1711 474 1751 Salmasio
502 1711 542 1749 in
568 1708 694 1748 Solin.
723 1721 762 1760 p.
793 1711 884 1757 112,
928 1708 1174 1759 appellitant.
1202 1706 1325 1757 κλίμα
1350 1712 1519 1748 tractum
1546 1708 1677 1761 regio·

274 1765 349 1811 nis,
378 1777 487 1804 more
516 1763 682 1802 Graecis
725 1761 1011 1802 recentioribus
1036 1765 1246 1813 consueto,
1285 1766 1418 1811 notat;
1444 1763 1548 1802 unde
1588 1764 1678 1799 κλι-

274 1815 488 1868 ματάοχαι
517 1817 722 1868 regionum
742 1815 958 1868 praepositi
979 1815 1082 1867 apud
1100 1792 1494 1867 Theop’hylactumll.
1510 1817 1564 1856 M.
1585 1819 1676 1866 39;

276 1873 342 1926 qui
370 1872 666 1912 cumArabibus
692 1871 799 1911 haud
823 1882 936 1909 secus
952 1874 1069 1922 atque
1081 1870 1283 1910 Hierocles
1309 1870 1355 1910 fit
1374 1870 1495 1921 prior,
1525 1882 1678 1910 eorum-

275 1938 351 1980 que
388 1925 668 1978 Geographica
707 1937 788 1965 non
831 1924 1012 1963 videatur
1062 1928 1276 1974 tractasse,
1327 1936 1407 1964 non
1446 1924 1678 1964 accesserim

275 1981 430 2032 Cangio
462 1979 629 2019 climatis
666 1991 753 2019 eum
790 1990 901 2017 usum
927 1977 978 2017 ab
1010 1976 1207 2018 Arabibus
1242 1977 1464 2027 derivanti3
1495 1989 1678 2030 praeser-

275 2036 345 2075 tim
374 2047 460 2074 cum
486 2035 640 2073 (livinus
666 2033 828 2074 Paullus
859 2032 993 2071 Galat·
1023 2036 1047 2071 1
1068 2036 1118 2071 21
1146 2029 1193 2069 τὰ
1223 2029 1397 2080 κλιματα
1429 2029 1500 2081 τῆς
1525 2031 1679 2082 Συρίας

274 2102 343 2127 και
376 2088 566 2132 Κιλικίας
608 2091 648 2126 et
673 2091 700 2126 2
727 2086 903 2127 Corinth·
941 2089 992 2125 11
1030 2090 1083 2125 10
1114 2084 1289 2134 κλίματα
1316 2084 1386 2136 τῆς
1413 2082 1609 2136 ’Λχαϊας,
1637 2089 1677 2124 et

274 2148 435 2195 practer
462 2155 547 2181 eum
575 2142 709 2193 plures
735 2140 806 2181 alii
832 2139 1017 2180 dixerint.
1089 2144 1185 2179 nata
1214 2138 1318 2178 haud
1347 2138 1463 2178 dubie
1490 2140 1564 2179 illa
1590 2138 1678 2179 voci

275 2197 511 2249 significatio
542 2201 629 2245 cst,
672 2195 775 2248 quod
805 2194 1027 2248 geographi
1066 2194 1226 2233 climata
1273 2193 1374 2232 coeli
1403 2192 1679 2233 inclinationes

276 2256 317 2290 et
344 2251 541 2290 subiectas
570 2255 702 2290 terrae
730 2250 917 2302 regiones
951 2252 1234 2310 nuncuparent.
1287 2247 1421 2310 itaque
1452 2248 1568 2287 clima
1595 2247 1679 2286 Me-

277 2305 404 2345 sticon
432 2304 529 2344 nihil
564 2303 639 2343 erit
668 2303 776 2343 aliud
807 2315 855 2343 ac
881 2303 994 2354 regio
1024 2302 1085 2341 illi
1111 2301 1230 2341 fluvio
1258 2301 1401 2352 vicina,
1430 2314 1507 2355 qua
1537 2302 1586 2341 de
1611 2300 1679 2341 Li-

275 2359 363 2399 vius
393 2362 446 2398 45
470 2364 535 2398 29.
591 2357 817 2398 Acontisma
845 2357 942 2397 alibi
971 2355 1182 2408 tetigimus.

379 2421 484 2464 Ibid.
518 2427 581 2463 19.
638 2420 799 2470 Στόλοι]
829 2417 977 2470 Στόβοι
1007 2424 1259 2473 oportuerat3
1300 2424 1434 2474 estque
1462 2423 1574 2460 vetus
1599 2419 1675 2459 hoc

273 2482 501 2529 peccatum,
541 2478 619 2517 iam
655 2480 748 2517 ante
787 2475 1036 2516 Constantini
1064 2475 1466 2527 Porphyrogennetae
1510 2477 1678 2514 aetatem

274 2532 501 2571 admissum
557 2531 673 2571 Stobi
691 2531 947 2570 Macedoniae
975 2530 1172 2570 secundae
1198 2530 1282 2568 sive
1295 2529 1506 2577 Salutaris,
1534 2532 1577 2566 ut
1592 2528 1672 2566 No-

275 2586 387 2625 titiae
413 2586 502 2637 imp
532 2586 681 2625 orient.
717 2585 881 2632 dicitur,
909 2583 1137 2644 metropolis
1175 2588 1288 2632 erat3
1318 2583 1420 2622 unde
1445 2583 1610 2644 primam
1638 2585 1678 2620 et

275 2640 523 2691 praecipuam
553 2639 806 2679 Macedoniae
843 2639 989 2689 urbem,
1030 2634 1192 2689 πρώτην
1219 2636 1287 2688 τῆς
1315 2634 1575 2680 Μακεδονίας
1601 2632 1678 2672 πό-
