1780 3132
297 142 391 187 522
823 151 1168 190 WESSELlNGll

401 259 496 308 378,
525 258 563 295 4.
619 253 840 310 Εὕρωπός]
868 259 985 299 Iosua
999 259 1167 308 stylites
1191 259 1380 299 castrum
1407 261 1464 301 ait
1490 259 1702 316 Europus,

294 310 404 362 quod
431 313 475 350 in
531 312 722 350 rovinciu
750 309 1022 364 Mubuyensi‚
1049 313 1134 352 sive
1162 313 1475 366 Hierapolitana‚
1503 317 1560 357 ud
1586 320 1700 358 ocei-

295 364 458 404 dentem
532 363 725 416 uphratis
759 370 828 405 est
856 369 1041 418 positum
1068 367 1169 406 Bibl.
1202 367 1352 406 Orient.
1382 372 1460 412 tom
1490 375 1514 409 1
1537 384 1574 422 p.
1597 376 1702 421 2823

294 419 356 456 cui
386 417 599 468 Procopius
626 419 745 458 Fabr.
773 421 976 461 Iustinian.
1014 426 1040 460 2
1067 426 1095 461 9
1123 427 1162 459 et
1189 421 1232 462 B.
1262 421 1303 459 P.
1333 425 1359 460 2
1386 425 1440 467 20
1467 424 1701 466 adsentitur.

293 472 433 511 merito
462 483 560 523 ergo
593 473 789 512 Lucianus
818 474 1008 514 insulsum
1041 475 1274 527 scriptorem
1309 474 1563 519 historiarum
1586 483 1702 520 taxa-

293 526 363 574 vit,
391 524 457 576 qui
483 525 532 564 de
560 526 659 565 urbe
688 527 763 566 hac
791 523 816 576 ἦ
845 527 891 566 δὲ
917 525 1116 576 Εὖρωπὸς
1155 531 1282 567 κεῖται
1307 529 1383 576 μὲν
1410 529 1453 566 ἐν
1480 531 1531 582 τῇ
1559 531 1704 570 Meno-

293 578 474 640 ποταμίᾳ
502 575 712 628 σταθμούς
750 577 826 619 δύο
854 581 927 619 τοῦ
965 579 1191 633 Ειῖφράτου
1232 579 1468 635 α’πέχουσα,
1497 582 1705 636 ἀπῴκισαν

293 631 340 670 δὲ
366 629 492 682 αὐτην
518 630 751 675 Ἐδεσσαῖοι.
806 634 1006 687 Europus
1029 639 1118 677 situ
1146 635 1309 690 quidem
1336 640 1404 677 est
1430 639 1476 677 in
1503 635 1703 691 Mesopo-

296 687 427 725 tamia
442 717 452 735 ‚
479 687 765 737 mansionibus
794 688 848 729 ab
877 688 1095 742 Euphrate
1134 689 1296 731 duabus
1323 689 1552 744 disiuncta,
1579 696 1624 732 et
1650 691 1702 733 ab

292 738 527 781 Edessenis
565 742 748 783 condita.
815 757 957 783 nomen
987 749 1047 784 est
1083 758 1108 784 a
1136 744 1431 796 Macedonibus,
1459 745 1525 798 qui
1552 746 1704 787 urbium

291 795 448 846 patriae
475 807 571 835 suae
598 797 757 837 nomina
778 799 933 850 oppidis
963 798 1108 847 Syriae
1134 799 1374 838 indiderunt.
1430 800 1522 839 vide
1549 799 1701 852 Appia-

290 861 382 887 num
413 848 569 897 Syriae.
598 863 636 902 p.
653 855 730 890 201
759 856 799 892 et
823 853 920 892 Abr.
947 852 1172 892 Berkelium
1200 852 1239 892 in
1267 851 1458 904 stephan.
1488 849 1702 904 Εὕρωπός,

292 902 357 941 ubi
386 903 598 943 commixta
641 905 793 945 videbis
830 918 932 960 quae
971 907 1092 959 longo
1129 912 1326 946 terrarum
1352 907 1430 947 situ
1457 907 1704 948 distinctissi-

292 968 356 995 ma
384 958 507 996 fuere.

398 1030 504 1073 Ibid.
535 1034 574 1073 5.
638 1029 882 1086 Ὀσρωὴνης]
917 1029 1147 1086 Ὀσροήνης.
1189 1047 1329 1074 nomen
1370 1035 1614 1087 provinciam
1652 1036 1705 1076 ab

294 1087 420 1125 051·υό
449 1087 663 1138 Procopius
691 1089 735 1127 B.
767 1090 809 1130 P.
841 1095 864 1129 1
896 1093 946 1129 17
974 1090 1172 1141 accepisse
1199 1095 1403 1140 memorat,
1430 1101 1503 1129 nee
1529 1091 1703 1139 multum,
1735 1111 1738 1115 ·

290 1144 334 1179 ut
362 1140 465 1180 alias
495 1142 812 1192 observavimus,
852 1144 902 1183 ab
942 1156 988 1183 eo
1018 1143 1181 1183 dissidet
1218 1144 1430 1193 Dionysius
1457 1144 1702 1184 Patriarcha.

289 1195 498 1244 provincia
522 1201 613 1246 post
643 1196 941 1237 Constantinum
971 1211 997 1237 a
1025 1197 1311 1249 Mesopotamia
1351 1198 1508 1237 videtur
1533 1197 1701 1247 divulsa,

288 1260 367 1298 qua
392 1250 441 1287 de
469 1261 513 1288 re
542 1250 723 1290 Norisius
751 1252 844 1290 diss.
861 1257 886 1291 2
912 1253 960 1290 de
980 1251 1128 1303 Epoch.
1157 1265 1193 1303 p.
1216 1256 1306 1291 110.
1337 1263 1500 1303 praeses
1527 1252 1699 1291 Osdroe-

289 1314 360 1341 nes
392 1307 452 1342 est
480 1303 521 1343 in
550 1305 578 1343 1.
601 1307 680 1343 105
705 1318 739 1345 c.
770 1306 846 1346 Th.
875 1306 925 1345 de
946 1307 1088 1346 Decur.
1121 1311 1160 1345 et
1190 1305 1341 1345 Notitia
1368 1306 1398 1346 1.
1425 1307 1470 1346 0.
1494 1317 1528 1346 c.
1558 1308 1596 1346 1.

392 1370 500 1413 Ibid.
561 1366 753 1423 Ἔδεσσα]
794 1377 1024 1428 provinciae
1068 1377 1298 1428 metropolis
1340 1376 1434 1426 fuit,
1462 1372 1703 1425 περιβόητος

289 1422 360 1475 τῆς
386 1422 603 1478 Ὀσροήνης
631 1428 835 1478 ἐπαρχίας
859 1428 1109 1481 μητρόπολις
1133 1430 1368 1481 Theophani
1398 1429 1702 1482 Chronograph.

289 1490 329 1529 p.
355 1482 444 1520 146.
473 1482 575 1522 Acta
603 1483 645 1522 S.
681 1483 889 1524 Thaddaei
920 1485 1025 1536 apud
1066 1484 1317 1524 Lambecium
1345 1483 1450 1524 Bibl.
1483 1483 1647 1523 Caesar,
1674 1487 1702 1522 8

289 1537 441 1583 p.202:
471 1528 520 1584 ἦν
538 1536 615 1583 μὲν
635 1533 715 1573 a’nd
737 1537 923 1589 Ἐδέσσης
940 1538 1009 1588 τῆς
1027 1535 1194 1587 πόλεως,
1211 1532 1456 1589 μητρόπολις
1467 1536 1511 1575 δὲ
1524 1533 1705 1584 ὑπάρχει

289 1582 410 1639 αὕτη,
434 1585 631 1640 Ὀσροήνη
649 1591 890 1642 καλουμένη,
918 1588 1225 1642 Ἀρμενοσύρων
1240 1586 1472 1641 μεσόγειοςε
1491 1603 1592 1643 quae
1618 1603 1703 1629 cum

289 1642 424 1681 urbem
444 1643 658 1683 Osroenem
685 1645 873 1694 vocitant,
902 1645 1029 1685 videri
1059 1649 1222 1697 possent
1249 1645 1406 1695 vitiosa,
1434 1644 1510 1684 nisi
1538 1649 1578 1683 et
1604 1644 1702 1693 Syri

290 1696 486 1736 Orrhoam
516 1701 556 1736 et
585 1699 777 1738 Osrhoam
801 1700 1064 1751 appellarent.
1120 1700 1212 1739 vide
1242 1698 1495 1739 Anton.1tin.
1525 1711 1564 1750 p.
1585 1700 1676 1738 185.

397 1774 503 1817 Ibid.
534 1782 573 1818 6.
632 1777 919 1826 Κωνσταντία]
965 1776 1263 1829 Κωνσταντίνη
1290 1779 1393 1827 aliis,
1426 1777 1574 1818 Suidae
1587 1777 1704 1815 Κων-

289 1825 493 1881 mamea,
524 1832 632 1872 cuius
662 1833 868 1885 episcopus
892 1834 1141 1886 Sophronius
1171 1838 1231 1872 est
1258 1834 1298 1872 in
1316 1832 1425 1872 Actis
1451 1831 1593 1881 synodi
1622 1831 1704 1870 An-

291 1885 511 1936 tiochenae,
539 1887 701 1926 intextis
718 1887 875 1927 Aetioni
905 1891 957 1927 14
983 1887 1140 1927 concilii
1163 1887 1400 1927 Chalcedon.
1428 1890 1519 1926 tom.
1547 1889 1576 1925 9
1601 1885 1704 1925 Con-

290 1938 356 1977 cil.
385 1952 423 1990 p.
444 1943 534 1980 120.
592 1942 686 1980 olim
702 1942 979 1993 Nicephorium
1010 1942 1224 1989 dicebatur,
1255 1940 1457 1992 Stephano
1485 1943 1599 1989 teste,
1626 1939 1704 1988 Sy-

290 1992 347 2031 ris
375 1997 506 2034 autem
526 1995 629 2034 Tela
657 1995 763 2047 nin,
795 1997 898 2047 quod
926 2000 1131 2048 utrumque
1158 2007 1298 2034 nomen
1324 1994 1490 2034 mutavit
1509 1993 1705 2033 Constan-

291 2047 337 2085 tii
366 2048 616 2099 imperatoris
646 2050 765 2100 iussu,
796 2050 1118 2101 quemadmodum
1135 2049 1281 2089 Chron.
1304 2049 1546 2087 Edessenum
1571 2047 1704 2086 tom..1

290 2101 392 2141 Bibl.
425 2103 574 2144 Orieut.
603 2117 642 2155 p.
656 2106 737 2143 395
764 2106 901 2145 refert.
933 2104 1035 2156 quod
1063 2116 1159 2143 vero
1189 2116 1214 2143 a
1233 2102 1418 2142 Chronici
1445 2106 1606 2141 auctore
1634 2100 1705 2140 ad-

291 2155 409 2201 ditur,
442 2168 549 2210 quae
579 2158 678 2198 olim
690 2156 909 2210 Antipolis
937 2156 1170 2208 dicebatur,
1201 2170 1279 2196 non
1308 2157 1402 2196 mihi
1429 2156 1527 2194 satis
1555 2159 1705 2216 rectum

291 2209 460 2249 videtur.
529 2213 725 2251 succurrit
752 2212 981 2252 Ammianus
1011 2215 1063 2252 18
1090 2216 1129 2261 9,
1169 2211 1236 2251 ubi
1261 2211 1443 2250 Amidam
1470 2213 1510 2248 et
1537 2209 1705 2257 Antoni·

291 2265 468 2315 nupolin,
499 2278 663 2316 prorsus
690 2270 734 2306 ut
756 2267 927 2318 scriptor
941 2266 1179 2317 Edessenus‚
1208 2266 1342 2304 eodem
1360 2270 1535 2315 tempore
1562 2262 1705 2302 aCon-

292 2319 440 2356 stantio
486 2319 729 2360 instauratas
759 2321 882 2360 fuisse
923 2324 1126 2360 memorat.
1180 2321 1285 2359 male
1312 2319 1445 2370 itaque
1465 2317 1706 2356 Assemanus

291 2371 450 2412 dissert.
477 2373 525 2411 de
555 2374 845 2426 lllouophysitis
873 2379 965 2414 tom.
990 2378 1016 2413 2
1043 2374 1145 2414 Bibl.
1179 2375 1330 2413 Oricut.
1357 2384 1407 2411 ex
1436 2371 1614 2422 Antipoli
1643 2372 1705 2409 sa-

293 2424 347 2462 cit
378 2426 724 2468 Anthemusiadem
751 2429 885 2469 Taciti
924 2429 1010 2468 sive
1038 2429 1333 2467 Anthemusiam
1362 2426 1541 2475 aliorum,
1570 2435 1705 2475 repre—

293 2478 504 2531 henditque
536 2482 606 2520 Ch.
638 2482 879 2532 (hellarium,
919 2483 984 2535 qui
1014 2482 1258 2534 Stephanum
1285 2480 1706 2532 Suidamquevsecutus

291 2533 567 2585 Nicephorium
605 2549 629 2575 a
660 2537 923 2576 Constantina
965 2537 1064 2576 nihil
1093 2536 1250 2575 differre
1278 2535 1385 2574 recte
1413 2535 1705 2592 adfirmaverat.

293 2587 435 2627 aberat
475 2589 526 2627 ad
564 2602 745 2630 occasum
784 2591 931 2630 Nisibis
960 2595 1000 2630 et
1040 2590 1344 2641 septentrionem
1374 2588 1541 2627 Amidae
1567 2585 1706 2625 stadins

292 2642 359 2692 56,
392 2642 426 2682 si
456 2655 555 2695 quae
592 2645 689 2683 tides
728 2645 962 2696 Theophani
1003 2644 1226 2696 chronogr.
1266 2656 1304 2694 p.
1322 2645 1420 2690 124;
1461 2652 1562 2693 quae
1597 2650 1706 2687 sane,
