1780 3132
275 197 367 242 ‘2¹90
576 202 834 242 BANDURH
885 200 1377 241 ANJMADVERSIONES

382 315 457 362 47,
486 316 525 354 3.
589 310 749 362 Βιζύη]
796 312 1042 364 Stephanus:
1094 306 1226 361 Βιζέη
1251 306 1381 355 ’πόλις
1421 305 1603 363 Θρᾴκης,
1636 305 1683 348 τὸ

273 366 350 405 τῶν
377 365 509 404 α’στῶν
538 363 759 414 βασίλειον.
824 367 918 405 urbs
949 366 1074 414 Bizya.
1112 365 1319 404 nobilitata
1345 368 1406 403 est
1431 366 1472 404 in
1499 365 1590 404 hist.
1621 376 1684 403 ec-

276 421 500 460 clesiastica
538 419 735 458 Eustathii
772 419 1007 459 Antiocheni
1027 416 1029 418 ’
1050 420 1185 458 exilio.
1251 418 1341 457 vide
1381 429 1481 470 quae
1519 419 1568 456 de
1609 417 1685 457 hae

273 476 370 513 urbe
400 474 516 512 habet
547 472 767 512 Salmasius
797 475 1016 514 Exercitat.
1071 473 1111 512 in
1139 472 1317 512 Solinum
1344 484 1383 523 p.
1412 476 1502 511 166.

378 536 484 577 Ιῠὶά.
542 532 716 589 Πάνιον]
749 540 952 578 Hierocles
982 539 1082 590 apud
1102 537 1286 577 Carolum
1315 549 1341 576 a
1368 535 1410 575 S.
1437 536 1560 575 Paulo
1588 536 1684 575 Πα-

273 587 402 628 mmo»
431 591 572 639 habet,
603 592 671 630 sed
701 593 844 644 optime
876 593 1099 632 emendavit
1132 591 1312 630 Carolus.
1367 589 1530 629 Panium
1556 593 1686 629 autem

274 649 446 684 castrum
480 650 540 684 est
556 645 703 685 Suidae
732 647 840 686 circa
867 648 978 686 littus
1003 647 1042 685 in
1071 645 1212 684 finibus
1239 644 1469 683 Heracleae.
1523 643 1686 683 Panium

272 698 366 792 iltem
414 699 527 750 regio
571 704 630 739 est
673 700 713 739 in
742 701 876 740 eadem
915 699 1089 740 Thracia
1131 710 1249 750 super
1290 698 1476 736 Haemum
1516 699 1686 736 montem

308 753 445 792 aonico
475 756 511 793 4.

380 816 487 858 Ibid.
533 810 687 867 Ὄρνοι]
730 819 787 857 sic
824 821 863 857 et
894 817 934 857 in
971 817 1164 857 Hierocle.
1199 819 1242 855 at
1276 814 1493 865 Morefflrs,
1534 813 1583 852 de
1612 812 1687 853 hac

274 872 395 919 urbe,
426 872 573 923 inquit,
613 873 732 911 silent
769 872 1018 923 geographi3
1062 871 1153 924 quid
1180 870 1215 909 si
1245 870 1359 922 legas
1385 864 1584 918 Ὀρεινός,·
1614 878 1688 918 pro

275 926 419 977 oppido
450 926 727 965 Montanorum
754 926 951 965 Thraciae
979 938 1068 976 pop.
1109 936 1206 976 quos
1230 917 1434 972 Ὀρεινοὺς
1462 925 1579 960 vocat
1603 923 1688 960 Xe-

275 979 431 1030 nophon
458 983 483 1018 7
524 976 782 1029 ἀναβάσεως,
819 980 884 1018 ubi
923 980 1027 1018 Gaui
1067 989 1219 1030 quoque
1255 976 1363 1016 urbis
1414 975 1609 1025 meminit,
1645 978 1690 1014 ut

274 1033 487 1072 Aeschines
517 1038 657 1073 contra
689 1033 862 1085 Ctesiph.

382 1095 488 1138 Ibid.
545 1094 755 1148 ΙΙΙὴριζος]
786 1098 987 1137 Hierocles
1017 1096 1138 1136 habet
1162 1090 1362 1144 Μόριζος.
1391 1090 1583 1132 Moriseni
1607 1091 1689 1131 Pli-

273 1151 338 1190 nio
371 1156 462 1190 sunt
501 1152 634 1202 populi
665 1152 863 1191 Thraciae
892 1151 998 1190 circa
1023 1151 1139 1189 Ponti
1169 1149 1322 1188 littora.
1390 1151 1426 1185 et
1457 1146 1581 1186 eidem
1607 1145 1690 1184 Pli-
1755 1189 1757 1193 ¹

273 1206 338 1259 nio
358 1206 522 1244 Meritus
539 1206 739 1245 Thraciae
768 1218 880 1245 mons
905 1204 1059 1255 dicitur,
1090 1204 1159 1243 ubi
1186 1200 1370 1241 fortassis
1398 1200 1492 1240 urbs
1518 1199 1689 1239 eiusdem

274 1259 440 1298 nominis
469 1259 548 1298 sita
578 1260 664 1298 fuit.

388 1323 492 1364 lbid.
528 1327 564 1363 4.
622 1320 828 1374 Σαλτική]
860 1317 1027 1371 Belum}
1060 1321 1180 1360 habet
1207 1320 1422 1359 Hierocles·

385 1376 491 1418 Ibid.
547 1374 734 1428 Σαυιίδα]
762 1378 962 1416 Hierocles
992 1372 1174 1413 Συναδιά
1201 1378 1240 1413 et
1265 1371 1453 1411 Σαυαὸιά
1483 1370 1615 1411 habet.

383 1441 488 1482 Ibid.
541 1436 805 1493 Ἀφροδισία]
834 1442 890 1481 ita
920 1440 1069 1492 legitur
1097 1443 1134 1477 et
1164 1438 1268 1490 apud
1288 1437 1532 1485 Hieroclem3
1558 1435 1689 1475 Ptole-

279 1509 391 1536 maeo
422 1500 561 1539 autem.
591 1496 716 1535 Plinio
748 1495 938 1546 Procopio
968 1498 1007 1532 et
1024 1492 1223 1545 Agat-hiae
1251 1486 1519 1542 Ἀφροδισιὰς
1548 1489 1691 1530 dicitur
1760 1506 1762 1508 ’

280 1550 479 1590 Thraciae
509 1550 603 1588 urbs
632 1551 681 1589 ad
711 1550 856 1588 Melam
883 1548 1054 1587 fluvium.

388 1613 493 1655 [bid.
541 1607 726 1665 '‘Anpwg]
749 1606 905 1661 ’Ἀηρος
925 1611 1096 1652 Hierocli
1124 1615 1163 1650 et
1191 1609 1407 1661 Stephano,
1436 1609 1532 1648 urbs
1560 1607 1693 1647 Thra-

282 1668 394 1719 ciac,
435 1679 534 1720 quae
574 1669 816 1718 postmodum
847 1665 1175 1716 Theodosiopolis
1217 1664 1322 1703 dicta
1364 1663 1456 1713 fuit,
1485 1666 1529 1701 ut
1557 1661 1694 1701 scribit

282 1722 496 1762 Cedrenus,
564 1723 770 1772 catalogus
809 1721 901 1760 item
936 1720 1090 1759 urbium
1117 1730 1199 1765 ηις,
1229 1729 1340 1768 quem
1372 1717 1510 1756 laudat
1538 1715 1695 1755 Holste-

282 1776 368 1815 nius
399 1777 440 1815 in
470 1775 572 1814 notis
601 1776 652 1815 ad
682 1775 937 1826 Stephanum,
967 1773 1086 1812 habet
1106 1763 1271 1820 ’Ἀπρως
1301 1768 1324 1819 ἦ
1354 1769 1427 1807 νῦν
1450 1763 1696 1807 Θεοδοσιού-

283 1831 415 1879 πολις,
458 1825 568 1878 παρὰ
589 1822 751 1879 ’Ἀηρου
781 1827 855 1866 τοῦ
893 1825 1095 1875 πενθεροῦ
1128 1821 1272 1873 Κάρου
1305 1823 1532 1862 κτισθεῖσα.
1587 1825 1696 1861 cata-

286 1885 403 1935 logus
434 1895 530 1923 vero
558 1884 710 1922 urbium
745 1894 844 1934 quae
871 1882 1030 1920 nomina
1057 1881 1270 1928 mutarunt,
1297 1890 1322 1917 a
1347 1877 1460 1916 nobis
1477 1890 1515 1928 p.
1534 1879 1586 1915 10
1615 1875 1697 1914 edi-

284 1941 348 1976 tus
365 1938 422 1977 sic
437 1937 581 1977 habet:
613 1931 990 1984 Θεοὸοσιούπολιςῆ
1013 1933 1086 1971 νῦν
1107 1926 1286 1981 ”Λπρως,
1308 1925 1420 1980 παρὰ
1442 1928 1516 1968 τοῦ
1533 1921 1696 1977 ’Ἀπρου

285 1990 489 2041 πενθεροῦ
518 1986 663 2039 Κάρου
694 1989 918 2027 κτισθεῖσα.
973 2000 1109 2028 verum
1130 1986 1193 2025 hic
1218 1985 1398 2025 mendum
1426 1983 1580 2023 scribae
1611 1994 1698 2021 esse

285 2057 399 2085 nemo
432 2058 511 2085 non
542 2045 662 2084 videt.

392 2107 500 2150 Ibid.
560 2106 723 2160 Κοιλιά]
766 2108 858 2147 vide
886 2105 1097 2146 Ortelium:
1135 2116 1226 2143 nam
1256 2114 1355 2155 quae
1382 2101 1445 2141 hic
1473 2103 1586 2140 notat
1613 2100 1700 2139 Mo·

287 2164 424 2214 renus,
452 2163 584 2202 omnia
611 2164 662 2203 ad
690 2163 863 2211 verbum,
891 2165 935 2200 ut
963 2160 1084 2207 aiunt,
1112 2170 1163 2197 ex
1193 2157 1344 2196 Ortelio
1373 2155 1516 2195 hausit.

395 2226 500 2268 lbid.
539 2231 578 2268 5.
634 2225 814 2275 ἐπαρχία
838 2219 1058 2274 Ῥοδόπης]
1113 2222 1318 2262 Hierocles
1359 2221 1480 2260 habet
1518 2216 1698 2267 ἐπαρχία

281 2277 474 2332 Ῥοδόπης
507 2276 587 2318 ὑπὸ
630 2275 822 2330 ἡγεμόνα.
878 2280 996 2318 urbes
1035 2277 1152 2317 etiam
1190 2279 1337 2327 septem
1366 2274 1415 2314 ab
1448 2274 1533 2326 ipso
1560 2283 1700 2311 recen-

288 2341 436 2386 sentur,
466 2336 536 2375 sed
563 2335 731 2374 diversis
761 2333 991 2374 nominibus.

397 2399 506 2441 Ibid.
564 2395 897 2450 Παρθικόπολις]
951 2396 1065 2436 huius
1093 2396 1202 2435 urbis
1231 2392 1404 2433 meminit
1432 2395 1472 2430 et
1487 2388 1702 2436 Hierocles,

289 2467 452 2507 eamque
483 2454 672 2493 decimam
702 2459 883 2493 octavam
921 2451 1032 2502 ponit
1057 2450 1099 2489 in
1137 2448 1344 2501 provincia
1369 2445 1533 2494 Illyrica
1561 2447 1582 2482 1
1612 2443 1700 2481 Ma-

289 2510 479 2549 cedonia:
507 2520 620 2547 nemo
648 2512 776 2548 autem
805 2519 856 2547 ex
876 2504 1130 2558 geographis,
1159 2503 1263 2555 quod
1293 2501 1425 2548 sciam,
1456 2498 1565 2538 illius
1593 2507 1701 2535 men-

288 2563 436 2603 tionem
464 2562 572 2602 facit.
604 2561 831 2613 Stephanus
844 2558 1096 2601 Parthenium
1127 2561 1277 2596 tantum
1306 2553 1486 2606 agnoscit
1513 2551 1554 2591 in
1571 2550 1702 2589 Thra-

290 2616 364 2667 cia,
391 2615 699 2666 Parthenopolin
724 2616 764 2655 in
792 2613 1039 2659 Macedonia,
1067 2616 1112 2650 ut
1137 2614 1269 2650 monet
1285 2608 1487 2648 morellus.

399 2679 507 2722 lbid.
536 2684 574 2720 6.
642 2676 882 2730 Στρύμνου]
938 2677 1148 2730 legendum
1191 2674 1377 2715 fortassis
1405 2672 1597 2720 strymes.
1652 2667 1703 2708 ab
