1780 3132
295 145 388 189 292
603 150 858 189 BANDURII
909 149 1400 192 ANJMADVERSIONES

294 260 456 299 ultimae
483 272 562 298 non
589 263 843 298 recensentur
878 271 903 299 a
931 258 1298 311 porphyrogenit03
1326 261 1366 300 in
1395 261 1577 300 Hierocle
1604 274 1700 303 vero

294 314 398 364 apud
419 313 662 351 Holstenium
692 313 851 351 additur
889 313 1026 364 quinta
1055 311 1264 365 Diopolis.
1331 319 1500 354 ceterum
1527 316 1702 356 Thracia

294 367 368 415 hic,
398 366 523 418 inquit
549 366 755 416 Morellus‚
783 366 947 418 speciali
975 367 1132 405 nomine
1175 367 1224 406 de
1254 368 1407 408 Moesia
1433 370 1605 409 secunda
1634 382 1701 410 ac-

292 420 324 458 ci
344 420 443 459 ntur.

329 434 342 471 Ι
399 476 464 519 47,
492 476 554 511 10.
614 468 776 523 Κλίμα]
805 472 1006 512 Hierocles
1029 473 1069 512 in
1100 473 1306 524 provincia
1333 474 1495 522 Illyrica
1518 479 1540 514 1
1569 476 1702 516 Mace-

291 526 411 565 donia
438 526 539 565 hanc
568 526 704 565 urbem
734 526 887 576 Κλῆμα
926 527 1114 578 appellat.
1182 540 1317 566 verum
1345 529 1448 578 apud
1476 528 1577 569 alios
1602 531 1702 571 scri-

291 585 424 631 ptores
455 580 581 629 ipsum
610 592 748 619 nomen
776 593 854 619 non
883 581 1042 632 legitur,
1072 581 1176 632 quod
1204 581 1338 620 sciam.

397 631 503 673 Ihm..
562 630 782 685 Μεστικόν]
840 634 1042 673 Hierocles
1083 635 1201 686 paulo
1242 634 1422 686 superius
1460 634 1580 676 citato
1610 636 1700 675 loco

290 686 392 724 hanc
437 687 570 725 urbem
611 687 767 726 videtur
796 688 1001 738 appellare
1033 682 1249 727 Μενηκόν.
1318 693 1360 728 at
1397 700 1522 740 neque
1547 689 1702 728 Mestiei

290 751 415 791 neque
447 739 605 779 Mentici
633 741 703 780 alii
732 741 959 792 scriptores,
986 742 1087 792 quod
1113 740 1246 790 sciam,
1275 742 1497 782 meminere.
1552 743 1702 782 fortas-

278 793 344 838 ,sis
376 789 533 837 Νεστὸς
561 805 629 832 seu
659 791 833 843 Νάστος,
863 806 962 846 quae
982 794 1087 845 apud
1116 795 1359 846 Stephanum
1379 796 1579 836 Thraciae
1607 797 1703 836 urbs

288 851 360 896 est,
389 848 598 896 legendnm
625 851 685 885 est
712 860 785 898 pro
818 842 1039 885 Μεστικόν.

395 899 500 940 Ιὸἱά.
536 904 598 940 11.
656 897 810 952 Βερόη]
843 906 925 940 tres
950 901 1068 940 urbes
1096 901 1153 940 sic
1170 900 1296 941 dictas
1322 906 1499 942 statuunt
1528 915 1703 955 geogra-

286 953 365 1005 phi,
399 955 468 993 sed
498 954 736 993 inconstanti
757 955 966 1006 scriptura.
1024 955 1094 994 alii
1115 955 1321 1004 Βερροΐαε
1351 961 1442 995 sunt
1470 961 1508 996 et
1537 957 1605 1009 qui
1622 969 1702 995 uno

289 1009 322 1048 R
350 1005 518 1048 Beroea
529 1023 543 1055 ;
586 1008 656 1047 alii
702 1003 838 1058 ,Βερόη
876 1012 950 1046 etc.
1015 1020 1131 1047 unam
1170 1013 1298 1048 autem
1341 1022 1392 1049 ex
1422 1010 1483 1048 his
1511 1010 1552 1049 in
1581 1009 1704 1059 Syria

286 1067 448 1113 ponunt,
477 1073 578 1114 quae
609 1061 746 1100 Annae
778 1066 818 1100 et
856 1061 1045 1101 Cinnamo
1077 1061 1236 1109 Χαλέπ,
1269 1062 1386 1102 hodie
1414 1060 1579 1116 Aleppo
1608 1063 1704 1103 dici-

286 1121 372 1163 tur3
400 1117 568 1155 alteram
597 1116 637 1155 in
667 1115 863 1164 Thracia,
895 1116 1115 1166 Nicopolim
1153 1116 1329 1155 Moesiae
1356 1117 1460 1156 inter
1487 1123 1527 1156 et
1554 1117 1704 1168 Philip·
1756 1155 1759 1159 Α

288 1169 459 1221 popolim
477 1201 487 1218 ,
527 1169 726 1210 Thraciae
754 1169 919 1220 oppida,
945 1169 996 1208 ad
1034 1168 1181 1208 Bermii
1215 1170 1358 1210 montis
1382 1171 1538 1211 radices
1566 1171 1704 1218 sitam3

288 1224 336 1262 de
363 1235 440 1274 qua
468 1223 622 1275 quidem
651 1222 715 1262 hic
734 1223 909 1274 loquitur
930 1222 1322 1273 Porphyrogenitus;
1349 1225 1507 1264 tertiam
1535 1225 1705 1277 denique

287 1277 328 1315 in
358 1278 615 1316 Macedoniae
661 1277 854 1325 themate,
883 1280 926 1315 ut
965 1277 1330 1328 Porphyrogenitus
1370 1278 1500 1330 capite
1525 1278 1704 1330 sequenti

288 1330 419 1379 habet,
448 1332 488 1369 in
523 1331 706 1370 Emathia
734 1330 900 1381 regione
917 1361 927 1379 ,
957 1342 1072 1381 quam
1099 1331 1337 1382 Irenopolim
1365 1332 1415 1371 ab
1443 1333 1558 1372 Irene
1585 1336 1705 1384 impe-

287 1385 435 1423 ratrice
457 1386 600 1424 dictam
620 1384 757 1424 scribit
785 1384 1000 1434 Cedrenus,
1031 1388 1070 1422 et
1090 1384 1138 1422 de
1160 1396 1236 1435 qua
1257 1386 1375 1425 etiam
1397 1386 1571 1440 loquitur
1589 1386 1707 1425 Anna

288 1438 489 1478 comnena
511 1452 549 1489 p.
583 1442 645 1478 18.

395 1490 579 1532 Ihm-13.
609 1488 790 1541 ἐπαρχία
811 1487 997 1537 Μυσίας]
1027 1492 1230 1533 Hierocles
1250 1492 1352 1531 hanc
1381 1493 1560 1544 appellat
1586 1503 1707 1543 prae-

290 1547 480 1585 fecturam
499 1545 699 1596 Scythiae,
731 1552 770 1585 et
796 1547 837 1585 in
865 1558 914 1584 ea
941 1545 1012 1584 sub
1051 1547 1148 1586 duce
1174 1546 1292 1584 urbes
1321 1546 1539 1598 quindecim
1565 1557 1708 1585 recen-

289 1605 371 1647 set;
401 1604 440 1638 et
468 1600 781 1651 quattuordecim
809 1600 968 1638 eaedem
997 1606 1089 1639 sunt
1116 1612 1217 1651 quae
1253 1601 1356 1650 apud
1388 1599 1714 1651 Porphyrogeni-

288 1658 380 1700 tum,
411 1655 548 1705 quinta
578 1654 730 1693 decima
772 1666 867 1692 vero
910 1665 1010 1705 quae
1053 1655 1157 1705 apud
1196 1654 1580 1705 porphyrogenitum
1606 1652 1709 1691 desi-

289 1710 453 1747 deratur
478 1712 538 1745 est
557 1707 859 1747 Constantiana.
890 1709 1141 1757 praefectura
1173 1711 1303 1747 autem
1335 1707 1452 1758 haec,
1490 1719 1592 1759 quae
1617 1707 1709 1755 My-

290 1763 373 1801 siae
416 1773 485 1799 seu
514 1762 691 1800 Moesiae
728 1761 914 1811 scriptori
943 1766 1079 1800 nostro
1110 1761 1266 1807 dicitur,
1293 1761 1467 1800 Hierocli
1507 1760 1710 1809 Scythiae,

291 1816 349 1855 uti
370 1815 540 1855 diximus
569 1816 821 1866 appellatur3
846 1826 947 1866 quae
976 1815 1093 1853 etiam
1109 1815 1270 1854 Zosimo
1298 1815 1364 1854 l.6
1392 1814 1559 1863 Scythia
1579 1814 1711 1854 Thra-

291 1869 420 1908 censis
454 1874 721 1920 nuncupatur;
758 1868 824 1920 qui
853 1868 893 1907 in
936 1881 984 1908 ea
1011 1869 1153 1908 Tomin
1189 1868 1325 1907 urbem
1366 1868 1480 1908 sitam
1505 1870 1709 1907 memorat.

291 1923 394 1964 hanc
431 1926 561 1962 tamen
601 1923 767 1962 ovidius
796 1926 932 1972 vates,
961 1923 1072 1962 cuius
1102 1922 1221 1962 exilio
1250 1922 1462 1962 nobilitata
1493 1926 1564 1971 est,
1591 1922 1712 1961 Mile-

289 1978 376 2017 tida
404 1981 522 2015 vocat
542 1977 664 2016 Trist.
696 1981 723 2015 9
754 1980 789 2015 1.

400 2028 509 2070 lbid.
542 2032 605 2070 14.
665 2024 1004 2078 Koemrama'va]
1026 2029 1129 2068 hanc
1152 2029 1287 2068 urbem
1306 2028 1482 2081 quintam
1510 2029 1712 2078 decimam,

295 2096 395 2136 qnae
422 2084 462 2123 in
495 2083 842 2135 Porphyrogenito
872 2083 1142 2130 desideratur,
1185 2095 1236 2122 ex
1266 2083 1448 2121 Hierocle
1475 2083 1712 2135 reponimus,

293 2138 362 2178 sed
401 2138 587 2178 fortassis
626 2138 820 2190 quispiam
863 2149 934 2188 pro
965 2134 1274 2176 Constantiana
1308 2137 1519 2188 legendum
1553 2141 1715 2188 putaret

295 2190 574 2240 Constantia,
613 2203 714 2244 quae
754 2204 779 2231 a
807 2191 946 2233 Niceta
982 2191 1023 2230 in
1066 2191 1243 2230 Thracia
1278 2190 1484 2242 Rhodopei
1522 2190 1714 2230 territorii

291 2250 531 2286 recensetur.

402 2298 511 2340 Ibid.
563 2297 726 2347 Ζέλπα]
772 2298 944 2337 Hierocli
981 2296 1169 2335 Ζελὸέπα
1212 2301 1252 2336 et
1292 2296 1493 2338 Ζεδέλπα.
1558 2293 1715 2349 Ζεῑμα,

295 2353 423 2405 inquit
451 2354 656 2403 Morellus‚
685 2365 736 2392 an
767 2349 958 2392 Zerinea
987 2364 1038 2390 ex
1058 2352 1303 2403 Theopompi
1334 2349 1538 2403 Philippic.
1567 2355 1607 2391 3.

404 2405 512 2447 Ibid.
547 2410 609 2447 15.
667 2408 897 2457 Tropaeus,
938 2406 1066 2457 inquit
1103 2406 1317 2456 Morellus‚
1359 2418 1410 2446 an
1450 2405 1585 2445 eadem
1615 2416 1717 2456 quae

301 2459 444 2512 Topos
472 2474 497 2501 a
523 2461 716 2511 Procopio
746 2461 888 2499 dicitur
918 2464 956 2498 et.
987 2458 1199 2511 Toparum
1237 2460 1285 2498 de
1313 2460 1443 2500 Aedif.
1473 2461 1530 2499 42
1585 2460 1717 2498 Ptole-

296 2527 432 2555 maeus
461 2520 568 2553 certe
594 2513 770 2566 Topirin
798 2514 933 2553 urbem
961 2513 1003 2552 in
1021 2514 1196 2555 Thracia
1222 2514 1406 2562 collocat,
1433 2514 1589 2566 quaein
1613 2513 1718 2552 Con-

296 2569 361 2609 cil.
394 2581 515 2621 opere
555 2568 707 2620 primae
733 2567 991 2607 Macedoniae
1034 2567 1296 2617 adscribitur,
1326 2573 1366 2607 et
1394 2565 1524 2608 Pusio
1553 2571 1719 2607 vocatur

296 2635 321 2662 a.
347 2622 565 2674 Sophiano.
592 2620 753 2662 Dobert
780 2621 953 2662 meminit
969 2620 1235 2670 Thucydides.
