<?xml version="1.0" encoding="UTF-8"?>
<!DOCTYPE html PUBLIC "-//W3C//DTD XHTML 1.0 Transitional//EN"
    "http://www.w3.org/TR/xhtml1/DTD/xhtml1-transitional.dtd">
<html xmlns="http://www.w3.org/1999/xhtml" xml:lang="en" lang="en">
 <head>
  <title>
</title>
<meta http-equiv="Content-Type" content="text/html;charset=utf-8" />
  <meta name='ocr-system' content='tesseract 3.04.00' />
  <meta name='ocr-capabilities' content='ocr_page ocr_carea ocr_par ocr_line ocrx_word'/>
</head>
<body>
  <div class='ocr_page' id='page_1' title='image "./corpusscriptorum09niebuoft_0395.png"; bbox 0 0 1780 3132; ppageno 0'>
   <div class='ocr_carea' id='block_1_1' title="bbox 649 155 1564 204">
    <p class='ocr_par' dir='ltr' id='par_1_1' title="bbox 649 155 1564 204">
     <span class='ocr_line' id='line_1_1' title="bbox 649 155 1564 204; baseline -0.005 -1"><span class='ocrx_word' id='word_1_1' title='bbox 649 159 1064 204; x_wconf 81' lang='lat' dir='ltr'><strong>PROLEGOMENA.</strong></span> <span class='ocrx_word' id='word_1_2' title='bbox 1473 155 1564 199; x_wconf 73' lang='lat'><strong>385</strong></span> 
     </span>
    </p>
   </div>
   <div class='ocr_carea' id='block_1_2' title="bbox 139 275 1576 869">
    <p class='ocr_par' dir='ltr' id='par_1_2' title="bbox 139 275 1576 869">
     <span class='ocr_line' id='line_1_2' title="bbox 143 275 1571 336; baseline -0.006 -14"><span class='ocrx_word' id='word_1_3' title='bbox 143 281 246 336; x_wconf 88' lang='lat' dir='ltr'><strong>polis</strong></span> <span class='ocrx_word' id='word_1_4' title='bbox 271 280 507 334; x_wconf 86' lang='lat' dir='ltr'><strong>dignitatem</strong></span> <span class='ocrx_word' id='word_1_5' title='bbox 536 280 596 321; x_wconf 91' lang='lat' dir='ltr'><strong>illi</strong></span> <span class='ocrx_word' id='word_1_6' title='bbox 625 281 772 334; x_wconf 88' lang='lat' dir='ltr'><strong>oppido</strong></span> <span class='ocrx_word' id='word_1_7' title='bbox 801 280 990 320; x_wconf 85' lang='lat' dir='ltr'><strong>collatam</strong></span> <span class='ocrx_word' id='word_1_8' title='bbox 1008 277 1129 318; x_wconf 82' lang='lat' dir='ltr'><strong>suerit</strong></span> <span class='ocrx_word' id='word_1_9' title='bbox 1150 276 1334 330; x_wconf 80' lang='lat' dir='ltr'><strong>scriptus.</strong></span> <span class='ocrx_word' id='word_1_10' title='bbox 1391 275 1441 316; x_wconf 86' lang='lat' dir='ltr'><strong>ad</strong></span> <span class='ocrx_word' id='word_1_11' title='bbox 1471 275 1571 315; x_wconf 79' lang='lat' dir='ltr'><strong>haec</strong></span> 
     </span>
     <span class='ocr_line' id='line_1_3' title="bbox 143 332 1572 388; baseline -0.005 -12"><span class='ocrx_word' id='word_1_12' title='bbox 143 335 317 384; x_wconf 82' lang='lat' dir='ltr'><strong>accedit,</strong></span> <span class='ocrx_word' id='word_1_13' title='bbox 354 337 669 388; x_wconf 85' lang='lat' dir='ltr'><strong>Helenopontum</strong></span> <span class='ocrx_word' id='word_1_14' title='bbox 716 336 920 375; x_wconf 87' lang='lat' dir='ltr'><strong>consulari</strong></span> <span class='ocrx_word' id='word_1_15' title='bbox 961 339 1001 373; x_wconf 84' lang='lat' dir='ltr'><strong>ct</strong></span> <span class='ocrx_word' id='word_1_16' title='bbox 1047 334 1365 374; x_wconf 84' lang='lat' dir='ltr'><strong>Polemoniacnm</strong></span> <span class='ocrx_word' id='word_1_17' title='bbox 1404 332 1572 370; x_wconf 85' lang='lat' dir='ltr'><strong>Pontum</strong></span> 
     </span>
     <span class='ocr_line' id='line_1_4' title="bbox 142 386 1574 443; baseline -0.004 -13"><span class='ocrx_word' id='word_1_18' title='bbox 142 390 318 443; x_wconf 79' lang='lat' dir='ltr'><strong>praesidi</strong></span> <span class='ocrx_word' id='word_1_19' title='bbox 345 391 387 430; x_wconf 90' lang='lat' dir='ltr'><strong>in</strong></span> <span class='ocrx_word' id='word_1_20' title='bbox 409 391 486 431; x_wconf 91' lang='lat' dir='ltr'><strong>hac</strong></span> <span class='ocrx_word' id='word_1_21' title='bbox 503 391 654 431; x_wconf 86' lang='lat' dir='ltr'><strong>Notitia</strong></span> <span class='ocrx_word' id='word_1_22' title='bbox 682 390 860 437; x_wconf 83' lang='lat' dir='ltr'>attribui,</span> <span class='ocrx_word' id='word_1_23' title='bbox 878 389 1050 429; x_wconf 84' lang='lat' dir='ltr'><strong>Novella</strong></span> <span class='ocrx_word' id='word_1_24' title='bbox 1071 401 1168 428; x_wconf 88' lang='lat' dir='ltr'><strong>vero</strong></span> <span class='ocrx_word' id='word_1_25' title='bbox 1196 391 1251 428; x_wconf 81' lang='lat'><strong>28</strong></span> <span class='ocrx_word' id='word_1_26' title='bbox 1279 387 1430 427; x_wconf 86' lang='lat' dir='ltr'><strong>abolito</strong></span> <span class='ocrx_word' id='word_1_27' title='bbox 1455 386 1574 425; x_wconf 84' lang='lat' dir='ltr'><strong>Ponti</strong></span> 
     </span>
     <span class='ocr_line' id='line_1_5' title="bbox 142 442 1573 497; baseline -0.003 -13"><span class='ocrx_word' id='word_1_28' title='bbox 142 445 411 486; x_wconf 83' lang='lat' dir='ltr'><strong>Polemoniaci</strong></span> <span class='ocrx_word' id='word_1_29' title='bbox 439 446 555 486; x_wconf 87' lang='lat' dir='ltr'><strong>titulo</strong></span> <span class='ocrx_word' id='word_1_30' title='bbox 583 446 898 497; x_wconf 82' lang='lat' dir='ltr'><strong>Helenopontum</strong></span> <span class='ocrx_word' id='word_1_31' title='bbox 916 443 1162 483; x_wconf 83' lang='lat' dir='ltr'><strong>moderatori</strong></span> <span class='ocrx_word' id='word_1_32' title='bbox 1192 442 1436 482; x_wconf 88' lang='lat' dir='ltr'><strong>Iustinianeo</strong></span> <span class='ocrx_word' id='word_1_33' title='bbox 1466 453 1573 480; x_wconf 91' lang='lat' dir='ltr'><strong>com-</strong></span> 
     </span>
     <span class='ocr_line' id='line_1_6' title="bbox 141 496 1572 553; baseline -0.004 -13"><span class='ocrx_word' id='word_1_34' title='bbox 141 499 257 548; x_wconf 81' lang='lat' dir='ltr'><strong>mitti.</strong></span> <span class='ocrx_word' id='word_1_35' title='bbox 331 512 455 553; x_wconf 89' lang='lat' dir='ltr'><strong>porro</strong></span> <span class='ocrx_word' id='word_1_36' title='bbox 499 502 601 540; x_wconf 84' lang='lat' dir='ltr'><strong>duae</strong></span> <span class='ocrx_word' id='word_1_37' title='bbox 637 505 790 540; x_wconf 90' lang='lat' dir='ltr'><strong>tantum</strong></span> <span class='ocrx_word' id='word_1_38' title='bbox 830 499 873 539; x_wconf 90' lang='lat' dir='ltr'><strong>in</strong></span> <span class='ocrx_word' id='word_1_39' title='bbox 900 498 1148 548; x_wconf 83' lang='lat' dir='ltr'><strong>Synecdemo</strong></span> <span class='ocrx_word' id='word_1_40' title='bbox 1175 497 1389 537; x_wconf 79' lang='lat' dir='ltr'><strong>Armeniae</strong></span> <span class='ocrx_word' id='word_1_41' title='bbox 1425 496 1572 540; x_wconf 86' lang='lat' dir='ltr'><strong>insunt,</strong></span> 
     </span>
     <span class='ocr_line' id='line_1_7' title="bbox 142 551 1574 607; baseline -0.003 -13"><span class='ocrx_word' id='word_1_42' title='bbox 142 565 242 607; x_wconf 86' lang='lat' dir='ltr'><strong>quas</strong></span> <span class='ocrx_word' id='word_1_43' title='bbox 268 556 527 596; x_wconf 86' lang='lat' dir='ltr'><strong>multifariam</strong></span> <span class='ocrx_word' id='word_1_44' title='bbox 556 560 687 595; x_wconf 86' lang='lat' dir='ltr'><strong>sectas</strong></span> <span class='ocrx_word' id='word_1_45' title='bbox 706 554 946 594; x_wconf 76' lang='lat' dir='ltr'>lastinianus</span> <span class='ocrx_word' id='word_1_46' title='bbox 977 554 1090 603; x_wconf 82' lang='lat' dir='ltr'><strong>(non,</strong></span> <span class='ocrx_word' id='word_1_47' title='bbox 1114 556 1157 592; x_wconf 91' lang='lat' dir='ltr'><strong>ut</strong></span> <span class='ocrx_word' id='word_1_48' title='bbox 1184 564 1396 604; x_wconf 82' lang='lat' dir='ltr'><strong>perperam</strong></span> <span class='ocrx_word' id='word_1_49' title='bbox 1427 551 1574 590; x_wconf 81' lang='lat' dir='ltr'><strong>Eusta-</strong></span> 
     </span>
     <span class='ocr_line' id='line_1_8' title="bbox 141 607 1572 662; baseline -0.003 -14"><span class='ocrx_word' id='word_1_50' title='bbox 141 609 248 649; x_wconf 79' lang='lat' dir='ltr'><strong>thius</strong></span> <span class='ocrx_word' id='word_1_51' title='bbox 273 610 316 649; x_wconf 90' lang='lat' dir='ltr'><strong>in</strong></span> <span class='ocrx_word' id='word_1_52' title='bbox 343 610 510 659; x_wconf 83' lang='lat' dir='ltr'><strong>Dionys.</strong></span> <span class='ocrx_word' id='word_1_53' title='bbox 538 610 739 662; x_wconf 87' lang='lat' dir='ltr'><strong>Perieges.</strong></span> <span class='ocrx_word' id='word_1_54' title='bbox 758 612 852 657; x_wconf 83' lang='grc'>694,</span> <span class='ocrx_word' id='word_1_55' title='bbox 881 608 1073 658; x_wconf 80' lang='lat' dir='ltr'><strong>lustinus)</strong></span> <span class='ocrx_word' id='word_1_56' title='bbox 1103 612 1293 660; x_wconf 85' lang='lat' dir='ltr'><strong>quattuor</strong></span> <span class='ocrx_word' id='word_1_57' title='bbox 1319 607 1492 647; x_wconf 85' lang='lat' dir='ltr'><strong>Novella</strong></span> <span class='ocrx_word' id='word_1_58' title='bbox 1519 609 1572 645; x_wconf 80' lang='lat'><strong>31</strong></span> 
     </span>
     <span class='ocr_line' id='line_1_9' title="bbox 142 661 1576 717; baseline -0.003 -13"><span class='ocrx_word' id='word_1_59' title='bbox 142 675 232 704; x_wconf 88' lang='lat' dir='ltr'><strong>esse</strong></span> <span class='ocrx_word' id='word_1_60' title='bbox 262 668 382 717; x_wconf 88' lang='lat' dir='ltr'><strong>atque</strong></span> <span class='ocrx_word' id='word_1_61' title='bbox 410 665 551 705; x_wconf 87' lang='lat' dir='ltr'><strong>haberi</strong></span> <span class='ocrx_word' id='word_1_62' title='bbox 580 666 678 704; x_wconf 87' lang='lat' dir='ltr'><strong>vult.</strong></span> <span class='ocrx_word' id='word_1_63' title='bbox 709 668 823 704; x_wconf 86' lang='lat' dir='ltr'><strong>taceo</strong></span> <span class='ocrx_word' id='word_1_64' title='bbox 855 676 956 715; x_wconf 90' lang='lat' dir='ltr'><strong>quae</strong></span> <span class='ocrx_word' id='word_1_65' title='bbox 975 662 1218 702; x_wconf 84' lang='lat' dir='ltr'><strong>Iustinianae</strong></span> <span class='ocrx_word' id='word_1_66' title='bbox 1245 661 1398 713; x_wconf 84' lang='lat' dir='ltr'><strong>primae</strong></span> <span class='ocrx_word' id='word_1_67' title='bbox 1431 673 1576 700; x_wconf 79' lang='lat' dir='ltr'>caussa</span> 
     </span>
     <span class='ocr_line' id='line_1_10' title="bbox 141 717 1575 772; baseline -0.003 -14"><span class='ocrx_word' id='word_1_68' title='bbox 141 718 368 760; x_wconf 85' lang='lat' dir='ltr'><strong>decreverit</strong></span> <span class='ocrx_word' id='word_1_69' title='bbox 394 721 496 760; x_wconf 87' lang='lat' dir='ltr'><strong>Nov.</strong></span> <span class='ocrx_word' id='word_1_70' title='bbox 531 722 606 768; x_wconf 92' lang='lat'><strong>11,</strong></span> <span class='ocrx_word' id='word_1_71' title='bbox 634 724 754 772; x_wconf 88' lang='lat' dir='ltr'><strong>utque</strong></span> <span class='ocrx_word' id='word_1_72' title='bbox 785 719 825 759; x_wconf 91' lang='lat' dir='ltr'><strong>in</strong></span> <span class='ocrx_word' id='word_1_73' title='bbox 852 718 976 768; x_wconf 83' lang='lat' dir='ltr'><strong>Syria</strong></span> <span class='ocrx_word' id='word_1_74' title='bbox 1013 717 1347 765; x_wconf 85' lang='lat' dir='ltr'><strong>Theodoriadem,</strong></span> <span class='ocrx_word' id='word_1_75' title='bbox 1378 728 1428 756; x_wconf 91' lang='lat' dir='ltr'><strong>ne</strong></span> <span class='ocrx_word' id='word_1_76' title='bbox 1458 727 1575 767; x_wconf 77' lang='lat' dir='ltr'><strong>egre-</strong></span> 
     </span>
     <span class='ocr_line' id='line_1_11' title="bbox 140 771 1576 826; baseline -0.003 -12"><span class='ocrx_word' id='word_1_77' title='bbox 140 773 235 826; x_wconf 86' lang='lat' dir='ltr'><strong>giae</strong></span> <span class='ocrx_word' id='word_1_78' title='bbox 262 774 503 815; x_wconf 80' lang='lat' dir='ltr'><strong>Theodorae</strong></span> <span class='ocrx_word' id='word_1_79' title='bbox 534 774 664 814; x_wconf 87' lang='lat' dir='ltr'><strong>honor</strong></span> <span class='ocrx_word' id='word_1_80' title='bbox 692 774 860 823; x_wconf 86' lang='lat' dir='ltr'><strong>deesset,</strong></span> <span class='ocrx_word' id='word_1_81' title='bbox 888 773 1148 825; x_wconf 87' lang='lat' dir='ltr'><strong>provinciam,</strong></span> <span class='ocrx_word' id='word_1_82' title='bbox 1177 771 1227 811; x_wconf 91' lang='lat' dir='ltr'><strong>de</strong></span> <span class='ocrx_word' id='word_1_83' title='bbox 1254 783 1333 824; x_wconf 88' lang='lat' dir='ltr'><strong>qua</strong></span> <span class='ocrx_word' id='word_1_84' title='bbox 1348 772 1520 811; x_wconf 87' lang='lat' dir='ltr'><strong>Novella</strong></span> <span class='ocrx_word' id='word_1_85' title='bbox 1536 773 1576 816; x_wconf 89' lang='grc'><strong>8,</strong></span> 
     </span>
     <span class='ocr_line' id='line_1_12' title="bbox 139 828 375 869; baseline 0 -2"><span class='ocrx_word' id='word_1_86' title='bbox 139 828 375 869; x_wconf 79' lang='lat' dir='ltr'><strong>condiderit.</strong></span> 
     </span>
    </p>
   </div>
   <div class='ocr_carea' id='block_1_3' title="bbox 138 907 1658 1566">
    <p class='ocr_par' dir='ltr' id='par_1_3' title="bbox 138 907 1658 1566">
     <span class='ocr_line' id='line_1_13' title="bbox 247 907 1658 964; baseline -0.001 -13"><span class='ocrx_word' id='word_1_87' title='bbox 247 911 349 952; x_wconf 87' lang='lat' dir='ltr'><strong>Mihi</strong></span> <span class='ocrx_word' id='word_1_88' title='bbox 377 923 479 964; x_wconf 85' lang='lat' dir='ltr'><strong>quae</strong></span> <span class='ocrx_word' id='word_1_89' title='bbox 522 911 679 952; x_wconf 82' lang='lat' dir='ltr'><strong>abunde</strong></span> <span class='ocrx_word' id='word_1_90' title='bbox 723 909 775 950; x_wconf 87' lang='lat' dir='ltr'><strong>ad</strong></span> <span class='ocrx_word' id='word_1_91' title='bbox 815 913 987 950; x_wconf 83' lang='lat' dir='ltr'><strong>aetatem</strong></span> <span class='ocrx_word' id='word_1_92' title='bbox 1026 908 1234 961; x_wconf 87' lang='lat' dir='ltr'><strong>scriptoris</strong></span> <span class='ocrx_word' id='word_1_93' title='bbox 1275 907 1488 949; x_wconf 86' lang='lat' dir='ltr'><strong>eruendam</strong></span> <span class='ocrx_word' id='word_1_94' title='bbox 1518 907 1658 950; x_wconf 64' lang='lat' dir='ltr'><strong>xri-626</strong></span> 
     </span>
     <span class='ocr_line' id='line_1_14' title="bbox 139 964 1580 1019; baseline -0.001 -15"><span class='ocrx_word' id='word_1_95' title='bbox 139 964 300 1007; x_wconf 86' lang='lat' dir='ltr'><strong>dentur.</strong></span> <span class='ocrx_word' id='word_1_96' title='bbox 362 979 502 1019; x_wconf 89' lang='lat' dir='ltr'><strong>posses</strong></span> <span class='ocrx_word' id='word_1_97' title='bbox 546 966 695 1019; x_wconf 84' lang='lat' dir='ltr'><strong>alioqui</strong></span> <span class='ocrx_word' id='word_1_98' title='bbox 736 965 889 1005; x_wconf 87' lang='lat' dir='ltr'><strong>auxilio</strong></span> <span class='ocrx_word' id='word_1_99' title='bbox 929 976 1078 1005; x_wconf 87' lang='lat' dir='ltr'><strong>vocare</strong></span> <span class='ocrx_word' id='word_1_100' title='bbox 1105 965 1225 1004; x_wconf 88' lang='lat' dir='ltr'><strong>urbes</strong></span> <span class='ocrx_word' id='word_1_101' title='bbox 1242 997 1252 1015; x_wconf 88' lang='lat'><strong>,</strong></span> <span class='ocrx_word' id='word_1_102' title='bbox 1294 976 1394 1017; x_wconf 87' lang='lat' dir='ltr'><strong>quas</strong></span> <span class='ocrx_word' id='word_1_103' title='bbox 1436 976 1507 1003; x_wconf 92' lang='lat' dir='ltr'><strong>suo</strong></span> <span class='ocrx_word' id='word_1_104' title='bbox 1539 967 1580 1002; x_wconf 88' lang='lat' dir='ltr'><strong>et</strong></span> 
     </span>
     <span class='ocr_line' id='line_1_15' title="bbox 140 1019 1580 1071; baseline -0.001 -12"><span class='ocrx_word' id='word_1_105' title='bbox 140 1019 382 1062; x_wconf 85' lang='lat' dir='ltr'><strong>Theodorae</strong></span> <span class='ocrx_word' id='word_1_106' title='bbox 411 1022 570 1062; x_wconf 89' lang='lat' dir='ltr'><strong>nomine</strong></span> <span class='ocrx_word' id='word_1_107' title='bbox 598 1021 777 1061; x_wconf 84' lang='lat' dir='ltr'><strong>illustres</strong></span> <span class='ocrx_word' id='word_1_108' title='bbox 802 1032 890 1059; x_wconf 91' lang='lat' dir='ltr'><strong>esse</strong></span> <span class='ocrx_word' id='word_1_109' title='bbox 916 1019 1056 1070; x_wconf 87' lang='lat' dir='ltr'><strong>voluit,</strong></span> <span class='ocrx_word' id='word_1_110' title='bbox 1076 1019 1118 1059; x_wconf 90' lang='lat' dir='ltr'><strong>in</strong></span> <span class='ocrx_word' id='word_1_111' title='bbox 1145 1031 1265 1059; x_wconf 91' lang='lat' dir='ltr'><strong>unum</strong></span> <span class='ocrx_word' id='word_1_112' title='bbox 1290 1019 1523 1071; x_wconf 80' lang='lat' dir='ltr'><strong>catalogum</strong></span> <span class='ocrx_word' id='word_1_113' title='bbox 1553 1031 1580 1058; x_wconf 87' lang='lat' dir='ltr'><strong>a</strong></span> 
     </span>
     <span class='ocr_line' id='line_1_16' title="bbox 138 1074 1581 1128; baseline -0.002 -13"><span class='ocrx_word' id='word_1_114' title='bbox 138 1075 188 1115; x_wconf 89' lang='lat' dir='ltr'><strong>N.</strong></span> <span class='ocrx_word' id='word_1_115' title='bbox 213 1075 438 1117; x_wconf 87' lang='lat' dir='ltr'><strong>Alemanno</strong></span> <span class='ocrx_word' id='word_1_116' title='bbox 466 1077 519 1117; x_wconf 82' lang='lat' dir='ltr'><strong>ad</strong></span> <span class='ocrx_word' id='word_1_117' title='bbox 547 1076 732 1128; x_wconf 86' lang='lat' dir='ltr'><strong>Procopii</strong></span> <span class='ocrx_word' id='word_1_118' title='bbox 761 1074 862 1115; x_wconf 87' lang='lat' dir='ltr'><strong>Hist.</strong></span> <span class='ocrx_word' id='word_1_119' title='bbox 894 1074 1041 1115; x_wconf 87' lang='lat' dir='ltr'><strong>Arcan.</strong></span> <span class='ocrx_word' id='word_1_120' title='bbox 1070 1086 1103 1114; x_wconf 86' lang='lat' dir='ltr'><strong>c.</strong></span> <span class='ocrx_word' id='word_1_121' title='bbox 1136 1077 1187 1113; x_wconf 85' lang='lat' dir='ltr'><strong>sl</strong></span> <span class='ocrx_word' id='word_1_122' title='bbox 1221 1074 1434 1125; x_wconf 86' lang='lat' dir='ltr'><strong>coniectas,</strong></span> <span class='ocrx_word' id='word_1_123' title='bbox 1466 1074 1508 1113; x_wconf 94' lang='lat' dir='ltr'><strong>ni</strong></span> <span class='ocrx_word' id='word_1_124' title='bbox 1540 1077 1581 1112; x_wconf 90' lang='lat' dir='ltr'><strong>et</strong></span> 
     </span>
     <span class='ocr_line' id='line_1_17' title="bbox 139 1127 1580 1184; baseline -0.002 -14"><span class='ocrx_word' id='word_1_125' title='bbox 139 1129 247 1171; x_wconf 82' lang='lat' dir='ltr'><strong>aliae</strong></span> <span class='ocrx_word' id='word_1_126' title='bbox 276 1132 411 1171; x_wconf 87' lang='lat' dir='ltr'><strong>forent</strong></span> <span class='ocrx_word' id='word_1_127' title='bbox 439 1142 607 1184; x_wconf 86' lang='lat' dir='ltr'><strong>quarum</strong></span> <span class='ocrx_word' id='word_1_128' title='bbox 634 1131 832 1171; x_wconf 84' lang='lat' dir='ltr'><strong>rationem</strong></span> <span class='ocrx_word' id='word_1_129' title='bbox 853 1129 1057 1174; x_wconf 80' lang='lat' dir='ltr'><strong>Hierocles</strong></span> <span class='ocrx_word' id='word_1_130' title='bbox 1084 1129 1238 1169; x_wconf 87' lang='lat' dir='ltr'><strong>nullam</strong></span> <span class='ocrx_word' id='word_1_131' title='bbox 1266 1129 1418 1169; x_wconf 85' lang='lat' dir='ltr'><strong>habuit.</strong></span> <span class='ocrx_word' id='word_1_132' title='bbox 1475 1127 1580 1181; x_wconf 88' lang='lat' dir='ltr'><strong>quod</strong></span> 
     </span>
     <span class='ocr_line' id='line_1_18' title="bbox 139 1183 1581 1239; baseline -0.001 -16"><span class='ocrx_word' id='word_1_133' title='bbox 139 1185 244 1225; x_wconf 90' lang='lat' dir='ltr'><strong>enim</strong></span> <span class='ocrx_word' id='word_1_134' title='bbox 272 1186 449 1227; x_wconf 86' lang='lat' dir='ltr'><strong>lustinus</strong></span> <span class='ocrx_word' id='word_1_135' title='bbox 477 1187 628 1239; x_wconf 89' lang='lat' dir='ltr'><strong>primus</strong></span> <span class='ocrx_word' id='word_1_136' title='bbox 659 1185 877 1226; x_wconf 83' lang='lat' dir='ltr'><strong>Anazarbo</strong></span> <span class='ocrx_word' id='word_1_137' title='bbox 909 1189 1028 1237; x_wconf 86' lang='lat' dir='ltr'><strong>atque</strong></span> <span class='ocrx_word' id='word_1_138' title='bbox 1058 1183 1237 1224; x_wconf 81' lang='lat' dir='ltr'><strong>Edessae</strong></span> <span class='ocrx_word' id='word_1_139' title='bbox 1262 1183 1478 1237; x_wconf 91' lang='lat' dir='ltr'><strong>pristinum</strong></span> <span class='ocrx_word' id='word_1_140' title='bbox 1507 1195 1581 1223; x_wconf 88' lang='lat' dir='ltr'><strong>no-</strong></span> 
     </span>
     <span class='ocr_line' id='line_1_19' title="bbox 139 1239 1581 1292; baseline -0.001 -14"><span class='ocrx_word' id='word_1_141' title='bbox 139 1250 231 1279; x_wconf 87' lang='lat' dir='ltr'><strong>men</strong></span> <span class='ocrx_word' id='word_1_142' title='bbox 261 1240 440 1291; x_wconf 87' lang='lat' dir='ltr'><strong>abstulit,</strong></span> <span class='ocrx_word' id='word_1_143' title='bbox 471 1241 631 1292; x_wconf 89' lang='lat' dir='ltr'><strong>utrique</strong></span> <span class='ocrx_word' id='word_1_144' title='bbox 660 1239 972 1290; x_wconf 80' lang='lat' dir='ltr'><strong>Iustinopoleos‚</strong></span> <span class='ocrx_word' id='word_1_145' title='bbox 1003 1250 1083 1291; x_wconf 89' lang='lat' dir='ltr'><strong>quo</strong></span> <span class='ocrx_word' id='word_1_146' title='bbox 1113 1243 1153 1276; x_wconf 90' lang='lat' dir='ltr'><strong>et</strong></span> <span class='ocrx_word' id='word_1_147' title='bbox 1183 1239 1295 1290; x_wconf 91' lang='lat' dir='ltr'><strong>prior</strong></span> <span class='ocrx_word' id='word_1_148' title='bbox 1324 1239 1365 1278; x_wconf 88' lang='lat' dir='ltr'><strong>in</strong></span> <span class='ocrx_word' id='word_1_149' title='bbox 1394 1239 1581 1290; x_wconf 84' lang='lat' dir='ltr'><strong>Mopsue-</strong></span> 
     </span>
     <span class='ocr_line' id='line_1_20' title="bbox 139 1291 1581 1347; baseline 0 -14"><span class='ocrx_word' id='word_1_150' title='bbox 139 1297 260 1334; x_wconf 80' lang='lat' dir='ltr'><strong>stana</strong></span> <span class='ocrx_word' id='word_1_151' title='bbox 278 1294 433 1344; x_wconf 83' lang='lat' dir='ltr'><strong>synodo</strong></span> <span class='ocrx_word' id='word_1_152' title='bbox 453 1293 568 1347; x_wconf 86' lang='lat' dir='ltr'><strong>(licet</strong></span> <span class='ocrx_word' id='word_1_153' title='bbox 579 1291 1018 1345; x_wconf 75' lang='lat' dir='ltr'><strong>Iustinianopolitana</strong></span> <span class='ocrx_word' id='word_1_154' title='bbox 1035 1293 1288 1346; x_wconf 81' lang='lat' dir='ltr'><strong>metropolis</strong></span> <span class='ocrx_word' id='word_1_155' title='bbox 1304 1294 1428 1345; x_wconf 85' lang='lat' dir='ltr'><strong>vulgo</strong></span> <span class='ocrx_word' id='word_1_156' title='bbox 1445 1306 1483 1345; x_wconf 88' lang='lat' dir='ltr'><strong>p.</strong></span> <span class='ocrx_word' id='word_1_157' title='bbox 1500 1297 1581 1333; x_wconf 84' lang='lat'><strong>132</strong></span> 
     </span>
     <span class='ocr_line' id='line_1_21' title="bbox 139 1347 1581 1401; baseline 0 -13"><span class='ocrx_word' id='word_1_158' title='bbox 139 1351 235 1390; x_wconf 85' lang='lat' dir='ltr'><strong>tom.</strong></span> <span class='ocrx_word' id='word_1_159' title='bbox 249 1353 304 1390; x_wconf 80' lang='lat'><strong>12</strong></span> <span class='ocrx_word' id='word_1_160' title='bbox 330 1348 376 1390; x_wconf 81' lang='lat' dir='ltr'><strong>C.</strong></span> <span class='ocrx_word' id='word_1_161' title='bbox 395 1349 445 1390; x_wconf 81' lang='lat' dir='ltr'><strong>G.</strong></span> <span class='ocrx_word' id='word_1_162' title='bbox 477 1349 640 1399; x_wconf 85' lang='lat' dir='ltr'><strong>edatur)</strong></span> <span class='ocrx_word' id='word_1_163' title='bbox 672 1348 863 1401; x_wconf 87' lang='lat' dir='ltr'><strong>superbit,</strong></span> <span class='ocrx_word' id='word_1_164' title='bbox 887 1348 1072 1400; x_wconf 88' lang='lat' dir='ltr'><strong>imposito</strong></span> <span class='ocrx_word' id='word_1_165' title='bbox 1090 1347 1208 1388; x_wconf 91' lang='lat' dir='ltr'><strong>titulo</strong></span> <span class='ocrx_word' id='word_1_166' title='bbox 1237 1349 1343 1401; x_wconf 90' lang='lat' dir='ltr'><strong>apud</strong></span> <span class='ocrx_word' id='word_1_167' title='bbox 1358 1348 1581 1400; x_wconf 84' lang='lat' dir='ltr'><strong>Euagrium</strong></span> 
     </span>
     <span class='ocr_line' id='line_1_22' title="bbox 138 1402 1580 1457; baseline -0.001 -13"><span class='ocrx_word' id='word_1_168' title='bbox 138 1403 186 1444; x_wconf 78' lang='grc' dir='ltr'><strong>Η.</strong></span> <span class='ocrx_word' id='word_1_169' title='bbox 205 1403 294 1446; x_wconf 64' lang='grc' dir='ltr'><strong>ΕΑ</strong></span> <span class='ocrx_word' id='word_1_170' title='bbox 317 1407 346 1445; x_wconf 85' lang='grc'><em>8</em></span> <span class='ocrx_word' id='word_1_171' title='bbox 374 1408 415 1444; x_wconf 90' lang='lat' dir='ltr'><strong>et</strong></span> <span class='ocrx_word' id='word_1_172' title='bbox 437 1403 723 1456; x_wconf 82' lang='lat' dir='ltr'><strong>Theophanem</strong></span> <span class='ocrx_word' id='word_1_173' title='bbox 737 1402 941 1456; x_wconf 85' lang='lat' dir='ltr'><strong>Chorogr.</strong></span> <span class='ocrx_word' id='word_1_174' title='bbox 961 1415 999 1455; x_wconf 88' lang='lat' dir='ltr'><strong>p.</strong></span> <span class='ocrx_word' id='word_1_175' title='bbox 1014 1405 1107 1453; x_wconf 82' lang='lat'><strong>146,</strong></span> <span class='ocrx_word' id='word_1_176' title='bbox 1139 1414 1186 1442; x_wconf 92' lang='lat' dir='ltr'><strong>eo</strong></span> <span class='ocrx_word' id='word_1_177' title='bbox 1214 1415 1420 1457; x_wconf 88' lang='lat' dir='ltr'><strong>nusquam,</strong></span> <span class='ocrx_word' id='word_1_178' title='bbox 1450 1415 1580 1456; x_wconf 89' lang='lat' dir='ltr'><strong>quan-</strong></span> 
     </span>
     <span class='ocr_line' id='line_1_23' title="bbox 139 1457 1582 1512; baseline 0 -14"><span class='ocrx_word' id='word_1_179' title='bbox 139 1459 287 1499; x_wconf 85' lang='lat' dir='ltr'><strong>tumvis</strong></span> <span class='ocrx_word' id='word_1_180' title='bbox 323 1459 386 1500; x_wconf 89' lang='lat' dir='ltr'><strong>illi</strong></span> <span class='ocrx_word' id='word_1_181' title='bbox 429 1459 598 1512; x_wconf 89' lang='lat' dir='ltr'><strong>tempori</strong></span> <span class='ocrx_word' id='word_1_182' title='bbox 637 1458 844 1512; x_wconf 87' lang='lat' dir='ltr'><strong>proximus</strong></span> <span class='ocrx_word' id='word_1_183' title='bbox 860 1489 871 1509; x_wconf 87' lang='lat'><strong>,</strong></span> <span class='ocrx_word' id='word_1_184' title='bbox 909 1457 952 1499; x_wconf 86' lang='lat' dir='ltr'><strong>in</strong></span> <span class='ocrx_word' id='word_1_185' title='bbox 980 1457 1229 1508; x_wconf 84' lang='lat' dir='ltr'><strong>Synecdemo</strong></span> <span class='ocrx_word' id='word_1_186' title='bbox 1268 1458 1342 1499; x_wconf 87' lang='lat' dir='ltr'><strong>has</strong></span> <span class='ocrx_word' id='word_1_187' title='bbox 1371 1458 1491 1499; x_wconf 87' lang='lat' dir='ltr'><strong>urbes</strong></span> <span class='ocrx_word' id='word_1_188' title='bbox 1520 1458 1582 1498; x_wconf 89' lang='lat' dir='ltr'><strong>di—</strong></span> 
     </span>
     <span class='ocr_line' id='line_1_24' title="bbox 140 1517 303 1566; baseline 0 -11"><span class='ocrx_word' id='word_1_189' title='bbox 140 1517 303 1566; x_wconf 71' lang='lat' dir='ltr'><strong>guntur.</strong></span> 
     </span>
    </p>
   </div>
   <div class='ocr_carea' id='block_1_4' title="bbox 137 1605 1645 2373">
    <p class='ocr_par' dir='ltr' id='par_1_4' title="bbox 137 1605 1645 2373">
     <span class='ocr_line' id='line_1_25' title="bbox 248 1605 1584 1661; baseline -0.001 -13"><span class='ocrx_word' id='word_1_190' title='bbox 248 1607 327 1648; x_wconf 85' lang='lat' dir='ltr'><strong>Illa</strong></span> <span class='ocrx_word' id='word_1_191' title='bbox 357 1618 457 1660; x_wconf 85' lang='lat' dir='ltr'><strong>ergo</strong></span> <span class='ocrx_word' id='word_1_192' title='bbox 501 1618 603 1660; x_wconf 88' lang='lat' dir='ltr'><strong>quae</strong></span> <span class='ocrx_word' id='word_1_193' title='bbox 631 1606 674 1647; x_wconf 92' lang='lat' dir='ltr'><strong>in</strong></span> <span class='ocrx_word' id='word_1_194' title='bbox 714 1605 843 1647; x_wconf 91' lang='lat' dir='ltr'><strong>medio</strong></span> <span class='ocrx_word' id='word_1_195' title='bbox 872 1606 1012 1659; x_wconf 89' lang='lat' dir='ltr'><strong>posui,</strong></span> <span class='ocrx_word' id='word_1_196' title='bbox 1044 1606 1143 1648; x_wconf 87' lang='lat' dir='ltr'><strong>satis</strong></span> <span class='ocrx_word' id='word_1_197' title='bbox 1171 1618 1368 1661; x_wconf 88' lang='lat' dir='ltr'><strong>superque</strong></span> <span class='ocrx_word' id='word_1_198' title='bbox 1398 1606 1584 1647; x_wconf 83' lang='lat' dir='ltr'><strong>evincent</strong></span> 
     </span>
     <span class='ocr_line' id='line_1_26' title="bbox 139 1661 1581 1715; baseline -0.001 -13"><span class='ocrx_word' id='word_1_199' title='bbox 139 1661 240 1703; x_wconf 88' lang='lat' dir='ltr'><strong>nihil</strong></span> <span class='ocrx_word' id='word_1_200' title='bbox 277 1674 414 1702; x_wconf 87' lang='lat' dir='ltr'><strong>eorum</strong></span> <span class='ocrx_word' id='word_1_201' title='bbox 456 1673 558 1715; x_wconf 90' lang='lat' dir='ltr'><strong>quae</strong></span> <span class='ocrx_word' id='word_1_202' title='bbox 601 1661 843 1702; x_wconf 79' lang='lat' dir='ltr'><strong>Iustinianus</strong></span> <span class='ocrx_word' id='word_1_203' title='bbox 881 1662 1052 1702; x_wconf 89' lang='lat' dir='ltr'><strong>novavit</strong></span> <span class='ocrx_word' id='word_1_204' title='bbox 1081 1663 1303 1703; x_wconf 86' lang='lat' dir='ltr'><strong>Hieroclem</strong></span> <span class='ocrx_word' id='word_1_205' title='bbox 1321 1694 1331 1713; x_wconf 91' lang='lat'><strong>,</strong></span> <span class='ocrx_word' id='word_1_206' title='bbox 1358 1675 1447 1702; x_wconf 87' lang='lat' dir='ltr'><strong>cum</strong></span> <span class='ocrx_word' id='word_1_207' title='bbox 1475 1662 1581 1702; x_wconf 88' lang='lat' dir='ltr'><strong>hanc</strong></span> 
     </span>
     <span class='ocr_line' id='line_1_27' title="bbox 140 1716 1583 1770; baseline -0.001 -13"><span class='ocrx_word' id='word_1_208' title='bbox 140 1716 334 1758; x_wconf 82' lang='lat' dir='ltr'><strong>Notitiam</strong></span> <span class='ocrx_word' id='word_1_209' title='bbox 360 1717 574 1769; x_wconf 84' lang='lat' dir='ltr'><strong>vulgaret,</strong></span> <span class='ocrx_word' id='word_1_210' title='bbox 616 1716 863 1757; x_wconf 85' lang='lat' dir='ltr'><strong>inaudivisse</strong></span> <span class='ocrx_word' id='word_1_211' title='bbox 892 1717 1047 1766; x_wconf 80' lang='lat' dir='ltr'><strong>videri3</strong></span> <span class='ocrx_word' id='word_1_212' title='bbox 1093 1718 1274 1770; x_wconf 90' lang='lat' dir='ltr'><strong>adeoque</strong></span> <span class='ocrx_word' id='word_1_213' title='bbox 1302 1722 1396 1757; x_wconf 87' lang='lat' dir='ltr'><strong>ante</strong></span> <span class='ocrx_word' id='word_1_214' title='bbox 1426 1718 1583 1757; x_wconf 86' lang='lat' dir='ltr'><strong>Belisa-</strong></span> 
     </span>
     <span class='ocr_line' id='line_1_28' title="bbox 141 1771 1586 1823; baseline 0 -12"><span class='ocrx_word' id='word_1_215' title='bbox 141 1771 245 1811; x_wconf 87' lang='lat' dir='ltr'><strong>rium</strong></span> <span class='ocrx_word' id='word_1_216' title='bbox 287 1772 508 1819; x_wconf 81' lang='lat' dir='ltr'><strong>consulem,</strong></span> <span class='ocrx_word' id='word_1_217' title='bbox 549 1771 660 1811; x_wconf 91' lang='lat' dir='ltr'><strong>cuius</strong></span> <span class='ocrx_word' id='word_1_218' title='bbox 700 1784 846 1811; x_wconf 83' lang='lat' dir='ltr'><strong>annum</strong></span> <span class='ocrx_word' id='word_1_219' title='bbox 887 1772 1025 1823; x_wconf 87' lang='lat' dir='ltr'><strong>plures</strong></span> <span class='ocrx_word' id='word_1_220' title='bbox 1065 1771 1227 1812; x_wconf 86' lang='lat' dir='ltr'><strong>illarum</strong></span> <span class='ocrx_word' id='word_1_221' title='bbox 1258 1773 1586 1812; x_wconf 87' lang='lat' dir='ltr'><strong>constitutionum</strong></span> 
     </span>
     <span class='ocr_line' id='line_1_29' title="bbox 140 1826 1585 1878; baseline 0 -12"><span class='ocrx_word' id='word_1_222' title='bbox 140 1827 401 1878; x_wconf 84' lang='lat' dir='ltr'><strong>praeferunt,</strong></span> <span class='ocrx_word' id='word_1_223' title='bbox 437 1826 619 1878; x_wconf 85' lang='lat' dir='ltr'><strong>principe</strong></span> <span class='ocrx_word' id='word_1_224' title='bbox 661 1829 796 1866; x_wconf 89' lang='lat' dir='ltr'><strong>tamen</strong></span> <span class='ocrx_word' id='word_1_225' title='bbox 837 1826 1058 1866; x_wconf 88' lang='lat' dir='ltr'><strong>lustiniano</strong></span> <span class='ocrx_word' id='word_1_226' title='bbox 1087 1827 1312 1878; x_wconf 85' lang='lat' dir='ltr'><strong>scripsisse.</strong></span> <span class='ocrx_word' id='word_1_227' title='bbox 1368 1840 1460 1867; x_wconf 90' lang='lat' dir='ltr'><strong>nam</strong></span> <span class='ocrx_word' id='word_1_228' title='bbox 1489 1826 1585 1866; x_wconf 86' lang='lat' dir='ltr'><strong>ante</strong></span> 
     </span>
     <span class='ocr_line' id='line_1_30' title="bbox 141 1881 1584 1934; baseline 0 -13"><span class='ocrx_word' id='word_1_229' title='bbox 141 1881 246 1921; x_wconf 87' lang='lat' dir='ltr'><strong>hune</strong></span> <span class='ocrx_word' id='word_1_230' title='bbox 273 1881 474 1920; x_wconf 88' lang='lat' dir='ltr'><strong>consulem</strong></span> <span class='ocrx_word' id='word_1_231' title='bbox 505 1882 591 1920; x_wconf 79' lang='lat' dir='ltr'><strong>fato</strong></span> <span class='ocrx_word' id='word_1_232' title='bbox 621 1881 878 1931; x_wconf 85' lang='lat' dir='ltr'><strong>concessisse,</strong></span> <span class='ocrx_word' id='word_1_233' title='bbox 907 1881 1012 1934; x_wconf 90' lang='lat' dir='ltr'><strong>quod</strong></span> <span class='ocrx_word' id='word_1_234' title='bbox 1039 1881 1128 1921; x_wconf 88' lang='lat' dir='ltr'><strong>viro</strong></span> <span class='ocrx_word' id='word_1_235' title='bbox 1156 1881 1313 1921; x_wconf 91' lang='lat' dir='ltr'><strong>erudito</strong></span> <span class='ocrx_word' id='word_1_236' title='bbox 1342 1882 1383 1921; x_wconf 90' lang='lat' dir='ltr'><strong>in</strong></span> <span class='ocrx_word' id='word_1_237' title='bbox 1412 1886 1584 1922; x_wconf 88' lang='lat' dir='ltr'><strong>mentem</strong></span> 
     </span>
     <span class='ocr_line' id='line_1_31' title="bbox 141 1935 1583 1989; baseline 0.001 -14"><span class='ocrx_word' id='word_1_238' title='bbox 141 1936 253 1976; x_wconf 85' lang='lat' dir='ltr'><strong>venit</strong></span> <span class='ocrx_word' id='word_1_239' title='bbox 288 1935 511 1986; x_wconf 86' lang='lat' dir='ltr'><strong>arbitrari,</strong></span> <span class='ocrx_word' id='word_1_240' title='bbox 550 1936 625 1976; x_wconf 87' lang='lat' dir='ltr'><strong>vix</strong></span> <span class='ocrx_word' id='word_1_241' title='bbox 652 1936 829 1975; x_wconf 89' lang='lat' dir='ltr'><strong>indidem</strong></span> <span class='ocrx_word' id='word_1_242' title='bbox 874 1936 1069 1988; x_wconf 75' lang='lat' dir='ltr'><strong>coegeris.</strong></span> <span class='ocrx_word' id='word_1_243' title='bbox 1125 1937 1257 1988; x_wconf 90' lang='lat' dir='ltr'><strong>potuit</strong></span> <span class='ocrx_word' id='word_1_244' title='bbox 1286 1949 1384 1976; x_wconf 89' lang='lat' dir='ltr'><strong>sane</strong></span> <span class='ocrx_word' id='word_1_245' title='bbox 1411 1938 1583 1989; x_wconf 85' lang='lat' dir='ltr'><strong>vulgato</strong></span> 
     </span>
     <span class='ocr_line' id='line_1_32' title="bbox 141 1989 1645 2043; baseline 0.001 -12"><span class='ocrx_word' id='word_1_246' title='bbox 141 1989 391 2041; x_wconf 81' lang='lat' dir='ltr'><strong>Synecdemo</strong></span> <span class='ocrx_word' id='word_1_247' title='bbox 421 1990 556 2030; x_wconf 89' lang='lat' dir='ltr'><strong>omnia</strong></span> <span class='ocrx_word' id='word_1_248' title='bbox 585 2002 690 2043; x_wconf 90' lang='lat' dir='ltr'><strong>quae</strong></span> <span class='ocrx_word' id='word_1_249' title='bbox 717 1990 939 2043; x_wconf 90' lang='lat' dir='ltr'><strong>imperator</strong></span> <span class='ocrx_word' id='word_1_250' title='bbox 965 1995 1194 2031; x_wconf 87' lang='lat' dir='ltr'><strong>mutaverat</strong></span> <span class='ocrx_word' id='word_1_251' title='bbox 1225 1992 1388 2039; x_wconf 82' lang='lat' dir='ltr'><strong>addere,</strong></span> <span class='ocrx_word' id='word_1_252' title='bbox 1416 2004 1581 2032; x_wconf 74' lang='lat' dir='ltr'><strong>novam·</strong></span> <span class='ocrx_word' id='word_1_253' title='bbox 1642 1998 1645 2001; x_wconf 85' lang='lat'>&#39;</span> 
     </span>
     <span class='ocr_line' id='line_1_33' title="bbox 139 2044 1583 2099; baseline 0.001 -14"><span class='ocrx_word' id='word_1_254' title='bbox 139 2056 216 2099; x_wconf 89' lang='lat' dir='ltr'><strong>que</strong></span> <span class='ocrx_word' id='word_1_255' title='bbox 245 2045 332 2086; x_wconf 89' lang='lat' dir='ltr'><strong>eius</strong></span> <span class='ocrx_word' id='word_1_256' title='bbox 360 2045 574 2085; x_wconf 90' lang='lat' dir='ltr'><strong>editionem</strong></span> <span class='ocrx_word' id='word_1_257' title='bbox 604 2045 833 2098; x_wconf 85' lang='lat' dir='ltr'><strong>publicare:</strong></span> <span class='ocrx_word' id='word_1_258' title='bbox 880 2050 924 2086; x_wconf 88' lang='lat' dir='ltr'><strong>at</strong></span> <span class='ocrx_word' id='word_1_259' title='bbox 951 2044 993 2085; x_wconf 91' lang='lat' dir='ltr'><strong>id</strong></span> <span class='ocrx_word' id='word_1_260' title='bbox 1021 2046 1200 2085; x_wconf 91' lang='lat' dir='ltr'><strong>voluisse</strong></span> <span class='ocrx_word' id='word_1_261' title='bbox 1229 2047 1334 2086; x_wconf 93' lang='lat' dir='ltr'><strong>unde</strong></span> <span class='ocrx_word' id='word_1_262' title='bbox 1363 2059 1583 2099; x_wconf 85' lang='lat' dir='ltr'><strong>cognosce-</strong></span> 
     </span>
     <span class='ocr_line' id='line_1_34' title="bbox 138 2100 1582 2154; baseline 0.001 -14"><span class='ocrx_word' id='word_1_263' title='bbox 138 2102 257 2141; x_wconf 63' lang='lat' dir='ltr'><strong>mus?</strong></span> <span class='ocrx_word' id='word_1_264' title='bbox 321 2100 416 2154; x_wconf 91' lang='lat' dir='ltr'><strong>quid</strong></span> <span class='ocrx_word' id='word_1_265' title='bbox 457 2100 493 2140; x_wconf 89' lang='lat' dir='ltr'><strong>si</strong></span> <span class='ocrx_word' id='word_1_266' title='bbox 535 2100 655 2140; x_wconf 84' lang='lat' dir='ltr'><strong>etiam</strong></span> <span class='ocrx_word' id='word_1_267' title='bbox 697 2100 824 2152; x_wconf 87' lang='lat' dir='ltr'><strong>priori</strong></span> <span class='ocrx_word' id='word_1_268' title='bbox 864 2100 1028 2140; x_wconf 85' lang='lat' dir='ltr'><strong>editioni</strong></span> <span class='ocrx_word' id='word_1_269' title='bbox 1066 2100 1140 2140; x_wconf 88' lang='lat' dir='ltr'><strong>illa</strong></span> <span class='ocrx_word' id='word_1_270' title='bbox 1180 2101 1441 2151; x_wconf 84' lang='lat' dir='ltr'><strong>adstruxerit,</strong></span> <span class='ocrx_word' id='word_1_271' title='bbox 1471 2103 1582 2142; x_wconf 87' lang='lat' dir='ltr'><strong>etin</strong></span> 
     </span>
     <span class='ocr_line' id='line_1_35' title="bbox 139 2155 1581 2208; baseline 0.001 -14"><span class='ocrx_word' id='word_1_272' title='bbox 139 2159 320 2205; x_wconf 82' lang='lat' dir='ltr'><strong>nostram</strong></span> <span class='ocrx_word' id='word_1_273' title='bbox 348 2158 522 2196; x_wconf 85' lang='lat' dir='ltr'><strong>aetatem</strong></span> <span class='ocrx_word' id='word_1_274' title='bbox 549 2155 702 2195; x_wconf 87' lang='lat' dir='ltr'><strong>Notitia</strong></span> <span class='ocrx_word' id='word_1_275' title='bbox 716 2186 726 2203; x_wconf 92' lang='lat'><strong>,</strong></span> <span class='ocrx_word' id='word_1_276' title='bbox 755 2159 800 2194; x_wconf 88' lang='lat' dir='ltr'><strong>ut</strong></span> <span class='ocrx_word' id='word_1_277' title='bbox 836 2155 1006 2208; x_wconf 88' lang='lat' dir='ltr'><strong>primum</strong></span> <span class='ocrx_word' id='word_1_278' title='bbox 1034 2167 1057 2194; x_wconf 92' lang='lat' dir='ltr'><strong>e</strong></span> <span class='ocrx_word' id='word_1_279' title='bbox 1087 2156 1299 2208; x_wconf 86' lang='lat' dir='ltr'><strong>scriptoris</strong></span> <span class='ocrx_word' id='word_1_280' title='bbox 1327 2157 1482 2197; x_wconf 90' lang='lat' dir='ltr'><strong>calamo</strong></span> <span class='ocrx_word' id='word_1_281' title='bbox 1511 2157 1581 2196; x_wconf 90' lang='lat' dir='ltr'><strong>de-</strong></span> 
     </span>
     <span class='ocr_line' id='line_1_36' title="bbox 139 2209 1581 2263; baseline 0.001 -14"><span class='ocrx_word' id='word_1_282' title='bbox 139 2209 326 2260; x_wconf 79' lang='lat' dir='ltr'><strong>fluxerat,</strong></span> <span class='ocrx_word' id='word_1_283' title='bbox 353 2210 588 2250; x_wconf 61' lang='lat' dir='ltr'><strong>devenerit?</strong></span> <span class='ocrx_word' id='word_1_284' title='bbox 643 2211 779 2263; x_wconf 89' lang='lat' dir='ltr'><strong>itaque</strong></span> <span class='ocrx_word' id='word_1_285' title='bbox 810 2211 862 2250; x_wconf 85' lang='lat' dir='ltr'><strong>ad</strong></span> <span class='ocrx_word' id='word_1_286' title='bbox 887 2210 1178 2262; x_wconf 73' lang='lat' dir='ltr'><strong>Synecdemum</strong></span> <span class='ocrx_word' id='word_1_287' title='bbox 1206 2211 1335 2262; x_wconf 90' lang='lat' dir='ltr'><strong>ipsum</strong></span> <span class='ocrx_word' id='word_1_288' title='bbox 1362 2212 1581 2251; x_wconf 86' lang='lat' dir='ltr'><strong>descenda-</strong></span> 
     </span>
     <span class='ocr_line' id='line_1_37' title="bbox 137 2265 1579 2318; baseline 0.002 -14"><span class='ocrx_word' id='word_1_289' title='bbox 137 2276 236 2315; x_wconf 90' lang='lat' dir='ltr'><strong>mus,</strong></span> <span class='ocrx_word' id='word_1_290' title='bbox 269 2268 389 2317; x_wconf 87' lang='lat' dir='ltr'><strong>atque</strong></span> <span class='ocrx_word' id='word_1_291' title='bbox 417 2265 630 2318; x_wconf 81' lang='lat' dir='ltr'><strong>integerne</strong></span> <span class='ocrx_word' id='word_1_292' title='bbox 660 2269 700 2304; x_wconf 88' lang='lat' dir='ltr'><strong>et</strong></span> <span class='ocrx_word' id='word_1_293' title='bbox 728 2265 937 2318; x_wconf 83' lang='lat' dir='ltr'><strong>genuinuS,</strong></span> <span class='ocrx_word' id='word_1_294' title='bbox 967 2268 1007 2304; x_wconf 89' lang='lat' dir='ltr'><strong>et</strong></span> <span class='ocrx_word' id='word_1_295' title='bbox 1042 2265 1151 2306; x_wconf 91' lang='lat' dir='ltr'><strong>cuius</strong></span> <span class='ocrx_word' id='word_1_296' title='bbox 1190 2266 1354 2318; x_wconf 83' lang='lat' dir='ltr'><strong>generis</strong></span> <span class='ocrx_word' id='word_1_297' title='bbox 1380 2267 1436 2307; x_wconf 90' lang='lat' dir='ltr'><strong>sit</strong></span> <span class='ocrx_word' id='word_1_298' title='bbox 1466 2267 1579 2307; x_wconf 83' lang='lat' dir='ltr'><strong>Noti-</strong></span> 
     </span>
     <span class='ocr_line' id='line_1_38' title="bbox 138 2319 1064 2373; baseline 0 -14"><span class='ocrx_word' id='word_1_299' title='bbox 138 2319 207 2371; x_wconf 89' lang='lat' dir='ltr'><strong>tia,</strong></span> <span class='ocrx_word' id='word_1_300' title='bbox 239 2319 370 2360; x_wconf 84' lang='lat' dir='ltr'><strong>civilis</strong></span> <span class='ocrx_word' id='word_1_301' title='bbox 398 2332 452 2360; x_wconf 89' lang='lat' dir='ltr'><strong>an</strong></span> <span class='ocrx_word' id='word_1_302' title='bbox 479 2320 764 2371; x_wconf 86' lang='lat' dir='ltr'><strong>ecclesiastica,</strong></span> <span class='ocrx_word' id='word_1_303' title='bbox 798 2321 1064 2373; x_wconf 85' lang='lat' dir='ltr'><strong>exploremus.</strong></span> 
     </span>
    </p>
   </div>
   <div class='ocr_carea' id='block_1_5' title="bbox 135 2412 1579 2741">
    <p class='ocr_par' dir='ltr' id='par_1_5' title="bbox 135 2412 1579 2741">
     <span class='ocr_line' id='line_1_39' title="bbox 246 2412 1578 2467; baseline 0.002 -14"><span class='ocrx_word' id='word_1_304' title='bbox 246 2413 336 2453; x_wconf 89' lang='lat' dir='ltr'><strong>Non</strong></span> <span class='ocrx_word' id='word_1_305' title='bbox 362 2424 452 2453; x_wconf 86' lang='lat' dir='ltr'><strong>esse</strong></span> <span class='ocrx_word' id='word_1_306' title='bbox 479 2413 691 2465; x_wconf 84' lang='lat' dir='ltr'><strong>genuinum</strong></span> <span class='ocrx_word' id='word_1_307' title='bbox 719 2425 847 2467; x_wconf 88' lang='lat' dir='ltr'><strong>neque</strong></span> <span class='ocrx_word' id='word_1_308' title='bbox 874 2413 1075 2466; x_wconf 84' lang='lat' dir='ltr'><strong>integrum</strong></span> <span class='ocrx_word' id='word_1_309' title='bbox 1094 2413 1328 2454; x_wconf 86' lang='lat' dir='ltr'><strong>Emmanuel</strong></span> <span class='ocrx_word' id='word_1_310' title='bbox 1345 2412 1578 2455; x_wconf 83' lang='lat' dir='ltr'><strong>Schelstra-</strong></span> 
     </span>
     <span class='ocr_line' id='line_1_40' title="bbox 139 2469 1579 2522; baseline 0.003 -16"><span class='ocrx_word' id='word_1_311' title='bbox 139 2469 256 2507; x_wconf 86' lang='lat' dir='ltr'><strong>tenus</strong></span> <span class='ocrx_word' id='word_1_312' title='bbox 284 2472 381 2508; x_wconf 88' lang='lat' dir='ltr'><strong>tom.</strong></span> <span class='ocrx_word' id='word_1_313' title='bbox 410 2472 439 2508; x_wconf 82' lang='lat'><strong>2</strong></span> <span class='ocrx_word' id='word_1_314' title='bbox 465 2469 600 2521; x_wconf 79' lang='lat' dir='ltr'><strong>Antiq.</strong></span> <span class='ocrx_word' id='word_1_315' title='bbox 646 2469 803 2509; x_wconf 81' lang='lat' dir='ltr'><strong>Eccles.</strong></span> <span class='ocrx_word' id='word_1_316' title='bbox 830 2482 868 2521; x_wconf 89' lang='lat' dir='ltr'><strong>p.</strong></span> <span class='ocrx_word' id='word_1_317' title='bbox 887 2473 969 2508; x_wconf 75' lang='lat'><strong>720</strong></span> <span class='ocrx_word' id='word_1_318' title='bbox 1001 2469 1077 2508; x_wconf 90' lang='lat' dir='ltr'><strong>sibi</strong></span> <span class='ocrx_word' id='word_1_319' title='bbox 1121 2470 1333 2521; x_wconf 88' lang='lat' dir='ltr'><strong>persuasit,</strong></span> <span class='ocrx_word' id='word_1_320' title='bbox 1359 2474 1441 2509; x_wconf 91' lang='lat' dir='ltr'><strong>tum</strong></span> <span class='ocrx_word' id='word_1_321' title='bbox 1474 2471 1579 2522; x_wconf 87' lang='lat' dir='ltr'><strong>quod</strong></span> 
     </span>
     <span class='ocr_line' id='line_1_41' title="bbox 136 2522 1578 2576; baseline 0.002 -14"><span class='ocrx_word' id='word_1_322' title='bbox 136 2533 186 2562; x_wconf 81' lang='lat' dir='ltr'><strong>ea</strong></span> <span class='ocrx_word' id='word_1_323' title='bbox 216 2534 320 2575; x_wconf 88' lang='lat' dir='ltr'><strong>quae</strong></span> <span class='ocrx_word' id='word_1_324' title='bbox 347 2523 400 2562; x_wconf 90' lang='lat' dir='ltr'><strong>de</strong></span> <span class='ocrx_word' id='word_1_325' title='bbox 427 2522 590 2563; x_wconf 86' lang='lat' dir='ltr'><strong>civitate</strong></span> <span class='ocrx_word' id='word_1_326' title='bbox 619 2523 1069 2576; x_wconf 83' lang='lat' dir='ltr'><strong>Constantinopolitana</strong></span> <span class='ocrx_word' id='word_1_327' title='bbox 1098 2536 1151 2565; x_wconf 87' lang='lat' dir='ltr'><strong>ex</strong></span> <span class='ocrx_word' id='word_1_328' title='bbox 1177 2524 1362 2564; x_wconf 84' lang='lat' dir='ltr'><strong>Hierocle</strong></span> <span class='ocrx_word' id='word_1_329' title='bbox 1379 2525 1578 2565; x_wconf 83' lang='lat' dir='ltr'><strong>Constan-</strong></span> 
     </span>
     <span class='ocr_line' id='line_1_42' title="bbox 136 2576 1578 2632; baseline 0.003 -16"><span class='ocrx_word' id='word_1_330' title='bbox 136 2576 243 2617; x_wconf 85' lang='lat' dir='ltr'><strong>tinus</strong></span> <span class='ocrx_word' id='word_1_331' title='bbox 274 2576 647 2630; x_wconf 72' lang='lat' dir='ltr'><strong>porphyrogenitus</strong></span> <span class='ocrx_word' id='word_1_332' title='bbox 675 2580 815 2627; x_wconf 84' lang='lat' dir='ltr'><strong>refert,</strong></span> <span class='ocrx_word' id='word_1_333' title='bbox 842 2579 885 2618; x_wconf 91' lang='lat' dir='ltr'><strong>in</strong></span> <span class='ocrx_word' id='word_1_334' title='bbox 899 2579 1051 2619; x_wconf 80' lang='lat' dir='ltr'><strong>Notitia</strong></span> <span class='ocrx_word' id='word_1_335' title='bbox 1074 2591 1156 2619; x_wconf 90' lang='lat' dir='ltr'><strong>non</strong></span> <span class='ocrx_word' id='word_1_336' title='bbox 1183 2585 1466 2632; x_wconf 88' lang='lat' dir='ltr'><strong>compareant;</strong></span> <span class='ocrx_word' id='word_1_337' title='bbox 1495 2585 1578 2620; x_wconf 90' lang='lat' dir='ltr'><strong>tum</strong></span> 
     </span>
     <span class='ocr_line' id='line_1_43' title="bbox 135 2633 1577 2687; baseline 0.001 -16"><span class='ocrx_word' id='word_1_338' title='bbox 135 2643 189 2671; x_wconf 83' lang='lat' dir='ltr'><strong>ex</strong></span> <span class='ocrx_word' id='word_1_339' title='bbox 217 2643 264 2671; x_wconf 84' lang='lat' dir='ltr'><strong>eo</strong></span> <span class='ocrx_word' id='word_1_340' title='bbox 295 2644 453 2685; x_wconf 91' lang='lat' dir='ltr'><strong>quoque</strong></span> <span class='ocrx_word' id='word_1_341' title='bbox 496 2633 687 2685; x_wconf 86' lang='lat' dir='ltr'><strong>probari,</strong></span> <span class='ocrx_word' id='word_1_342' title='bbox 721 2634 826 2686; x_wconf 90' lang='lat' dir='ltr'><strong>quod</strong></span> <span class='ocrx_word' id='word_1_343' title='bbox 852 2634 1050 2673; x_wconf 84' lang='lat' dir='ltr'><strong>Hieroclis</strong></span> <span class='ocrx_word' id='word_1_344' title='bbox 1086 2646 1186 2687; x_wconf 88' lang='lat' dir='ltr'><strong>opus</strong></span> <span class='ocrx_word' id='word_1_345' title='bbox 1214 2637 1270 2674; x_wconf 84' lang='grc'><strong>64</strong></span> <span class='ocrx_word' id='word_1_346' title='bbox 1299 2637 1577 2686; x_wconf 80' lang='lat' dir='ltr'><strong>praefecturas</strong></span> 
     </span>
     <span class='ocr_line' id='line_1_44' title="bbox 135 2687 1575 2741; baseline 0.003 -16"><span class='ocrx_word' id='word_1_347' title='bbox 135 2697 206 2726; x_wconf 88' lang='lat' dir='ltr'><strong>seu</strong></span> <span class='ocrx_word' id='word_1_348' title='bbox 233 2687 464 2739; x_wconf 88' lang='lat' dir='ltr'><strong>provincias</strong></span> <span class='ocrx_word' id='word_1_349' title='bbox 508 2692 549 2728; x_wconf 90' lang='lat' dir='ltr'><strong>et</strong></span> <span class='ocrx_word' id='word_1_350' title='bbox 576 2690 659 2729; x_wconf 83' lang='lat'><strong>8:35</strong></span> <span class='ocrx_word' id='word_1_351' title='bbox 693 2700 763 2729; x_wconf 91' lang='lat' dir='ltr'><strong>seu</strong></span> <span class='ocrx_word' id='word_1_352' title='bbox 806 2690 889 2729; x_wconf 80' lang='lat'><strong>935</strong></span> <span class='ocrx_word' id='word_1_353' title='bbox 917 2689 1102 2729; x_wconf 81' lang='lat' dir='ltr'><strong>civitat-es</strong></span> <span class='ocrx_word' id='word_1_354' title='bbox 1129 2690 1396 2741; x_wconf 88' lang='lat' dir='ltr'><strong>continuerit,</strong></span> <span class='ocrx_word' id='word_1_355' title='bbox 1423 2689 1575 2730; x_wconf 85' lang='lat' dir='ltr'><strong>Notitia</strong></span> 
     </span>
    </p>
   </div>
   <div class='ocr_carea' id='block_1_6' title="bbox 244 2771 1324 2818">
    <p class='ocr_par' dir='ltr' id='par_1_6' title="bbox 244 2771 1324 2818">
     <span class='ocr_line' id='line_1_45' title="bbox 244 2771 1324 2818; baseline 0.003 -14"><span class='ocrx_word' id='word_1_356' title='bbox 244 2771 362 2805; x_wconf 80' lang='lat' dir='ltr'><strong>Const.</strong></span> <span class='ocrx_word' id='word_1_357' title='bbox 389 2772 564 2818; x_wconf 80' lang='lat' dir='ltr'><strong>Porphyr.</strong></span> <span class='ocrx_word' id='word_1_358' title='bbox 1280 2774 1324 2807; x_wconf 80' lang='lat'><strong>25</strong></span> 
     </span>
    </p>
   </div>
  </div>
 </body>
</html>
