1780 3132
201 143 278 186 DE
311 142 779 188 ADMINISTRANDO
813 143 1051 189 IMPERIO
1086 144 1200 189 CAP.
1238 145 1292 188 18
1313 168 1372 176 --
1393 147 1466 189 20.
1535 143 1601 190 95

608 255 986 314 Κεφάλαιον
1057 255 1130 300 ιθ’.

533 330 659 375 τρίτος
680 327 841 376 ἀρχηγὸς
863 329 1023 376 Ἀράβων
1049 328 1196 376 Οὕμαρ.

262 403 311 449 ‘O
339 406 461 456 αὐτὸς
486 401 557 448 οὖν
590 405 736 462 Οἰῖμαρ
762 405 1058 462 ἀπεστράτευσε
1084 406 1188 448 κατὰ
1211 409 1284 460 τῆς
1303 405 1597 460 Παλαιστίνης,

131 475 198 516 καὶ
219 476 512 531 παρακαθίσας
528 475 569 516 ἐν
587 475 688 531 αὐτῇ
709 472 968 530 ἐπολιόρκησε
989 475 1063 529 τὴν
1078 473 1345 530 Ἰερουσαλὴμ
1366 475 1477 528 διετῆ
1492 474 1599 530 χρό-

97 549 212 594 6νον,
240 544 307 584 καὶ
327 545 557 599 παρέλαβεν
578 543 703 598 αὐτὴν
720 541 840 599 δόλῳ.
911 542 1151 600 Σωφρόνιος
1170 543 1248 599 γὰρ
1269 540 1290 585 ὅ
1307 540 1598 599 Ἱεροσολύμων

128 611 341 661 ἐπίσκοπος
370 614 472 670 θείῳ
501 610 730 666 κινούμενος
761 610 866 669 ζήλῳ
900 614 967 653 καὶ
1000 612 1181 670 ἀςχινοία
1216 612 1446 667 διαπρέπων
1479 610 1598 667 λόγον

126 677 248 734 ἔλαβε
280 680 382 737 παρ’
419 680 546 723 αὐτοῦ
574 678 675 737 ὑπὲρ
705 684 786 722 τῶν
814 681 1033 735 ἐκκλησιῶν
1062 685 1134 735 τῆς
1161 679 1295 734 πάσης
1317 681 1598 735 Παλαιστίνης

127 747 432 806 ἀσφαλέστατον
443 781 458 801 ,
506 747 607 791 ὥστε
649 749 949 805 ἀκαθαιρέτους
984 756 1117 802 μεῖναι
1157 748 1231 798 τὰς
1273 749 1485 803 ἐκκλησίας
1527 750 1596 791 καὶ

126 815 400 873 ἀπορθήτους.
483 821 627 860 τοῦτον
662 817 761 860 ῗδὼν
798 815 819 859 ὅ
856 816 1093 874 Σωφρόνιος
1131 816 1208 874 ἔφη
1250 814 1352 858 “371²
1397 817 1595 872 ἀληθείας

72 892 116 926 10
125 883 244 928 τοῦτό
270 886 355 929 ἔστι
381 885 427 928 τὸ
453 887 662 942 βδέλυγμα
683 890 755 941 τῆς
776 884 1017 941 ἐρημώσεως
1037 886 1082 929 τὸ
1103 886 1230 944 ῥηθὲν
1251 885 1319 927 διὰ
1340 885 1500 939 Δανιὴλ
1519 891 1594 928 τοῦ

122 952 360 1011 προφήτου,
394 953 510 1005 ἑστὸς
537 956 577 997 ἓν
603 953 715 1013 τόπῳ
744 952 888 1011 ἁγίῳ.ῃ
961 950 1078 1005 οὗτος
1108 956 1179 998 τὸν
1207 954 1303 997 ναὸν
1327 952 1489 1009 ἐζήτησε
1512 959 1593 997 τῶν

117 1021 347 1075 Ἰουδαίων,
394 1022 439 1065 ὃν
485 1023 721 1082 ᾠκοδόμησε
771 1021 968 1078 Σολομῶν
979 1056 992 1075 ,
1040 1023 1142 1081 πρὸς
1179 1024 1225 1066 τὸ
1265 1028 1432 1077 ποιῆσαι
1468 1023 1591 1066 αὐτὸν

102 1089 465 1150 ,προσκυνητήριον
489 1097 561 1147 τῆς
590 1093 715 1135 αὐτοῦ
741 1093 1021 1150 βλασφημίας.
1091 1094 1157 1135 καὶ
1185 1091 1291 1136 ἔστιν
1321 1093 1396 1143 ἕως
1420 1096 1492 1148 τῆς
1516 1090 1592 1147 σή-

116 1177 254 1217 μερον.

66 1262 110 1298 15
604 1250 984 1309 Κεφάλαιον
1054 1250 1104 1294 κ’.

478 1319 656 1367 τέταρτος
677 1320 837 1369 ἀρχηγὸς
855 1322 1018 1371 Ἀροὶβων
1045 1321 1219 1369 Οὕθμάν.

257 1391 390 1448 Οὗτος
416 1396 615 1451 λαμβάνει
639 1399 714 1454 τὴν
736 1400 930 1457 Ἀφρικὴν
952 1401 1115 1458 πολέμῳ
1124 1432 1136 1451 ,
1173 1400 1240 1442 καὶ
1264 1396 1483 1454 στοιχήσας
1506 1395 1586 1454 φό-

117 1482 214 1522 ρους
234 1466 338 1520 μετὰ
358 1470 438 1508 τῶν
449 1465 614 1523 Ἄφρων
634 1465 897 1526 ὗπέστρεψεν.
942 1468 1087 1512 τούτου
1109 1468 1333 1525 στρατηγὸς
1346 1468 1586 1524 χρηματίζει

115 1537 292 1589 Μαβιάς
313 1533 334 1577 ὃ
358 1533 598 1592 παραλύσας
619 1536 689 1578 τὸν
710 1538 906 1581 κολοσσὸν
919 1536 1062 1580 Ῥόδου
1085 1539 1152 1579 καὶ
1175 1536 1394 1592 πορθήσας
1413 1534 1583 1592 Κύπρον

57 1603 189 1658 Ξοτῆν
208 1609 330 1659 νῆσον
349 1605 417 1645 καὶ
438 1601 572 1654 πάσας
590 1605 664 1655 τὰς
684 1604 820 1657 πόλεις
842 1607 980 1661 αὐτῆς.
1046 1601 1164 1656 οὗτος
1182 1603 1493 1663 παραλαμβάνει
1511 1605 1580 1647 καὶ
1602 1609 1631 1644 Ρ
1655 1611 1699 1646 71

111 1676 235 1727 νῆσον
254 1672 327 1727 τὴν
339 1671 535 1729 Ἄραδον,
564 1675 631 1715 καὶ
650 1674 724 1729 τὴν
739 1674 856 1718 πόλιν
876 1675 1002 1729 αὐτῆς
1020 1676 1252 1731 ἐνέπρησεν,
1283 1676 1351 1716 καὶ
1367 1675 1441 1728 τὴν
1460 1677 1583 1728 νῆσον

113 1741 300 1796 ἀοίκητον
324 1741 562 1796 κατέστησεν
584 1742 658 1792 ἕως
678 1749 751 1786 τοῦ
771 1749 855 1786 νῦν.
925 1738 1044 1794 οὗτος
1065 1743 1138 1797 τὴν
1159 1748 1282 1798 νῆσον
1296 1741 1436 1785 Ῥόδον
1454 1759 1582 1784 κατα-

111 1810 251 1863 λαβὼν
281 1813 444 1852 καθεῖλε
474 1810 546 1853 τὸν
568 1811 694 1866 αὐτῆς
713 1813 908 1856 κολοσσὸν
929 1813 1032 1868 μετὰ
1047 1814 1162 1868 χίλια
1183 1811 1240 1862 τξ’
1263 1812 1330 1867 ἔτη
1355 1816 1428 1866 τῆς
1453 1811 1581 1853 αὐτοῦ

200 1917 245 1951 23
266 1914 403 1960 ἑαυτῆς
425 1916 529 1961 vulgo

469 2019 523 2057 19.
571 2019 699 2054 tertius
721 2021 881 2055 Arabum
902 2021 1070 2066 princeps
1097 2020 1220 2055 Umar.

197 2073 281 2121 Ipse
303 2075 414 2120 igitur
434 2076 544 2111 Umar
567 2076 824 2122 expeditionem
849 2076 934 2111 fecit
955 2076 993 2111 in
1015 2078 1272 2121 Palaestinam,
1308 2077 1429 2124 ibique
1457 2080 1574 2114 consi-

107 2121 194 2156 dens
232 2121 507 2167 Hierosolymam
546 2123 688 2157 biennio
728 2123 867 2158 obsedit
901 2123 1049 2169 doloque
1081 2125 1188 2170 cepit.
1236 2125 1456 2170 Sophronius
1489 2137 1572 2160 vero

108 2167 428 2212 Hierosolymorum
462 2169 648 2214 episcopus
673 2169 792 2203 divino
817 2175 993 2214 permotus
1015 2171 1090 2204 zelo
1116 2177 1153 2204 et
1175 2171 1444 2217 perspicacitate
1467 2183 1574 2217 prae-

108 2218 207 2248 stans
237 2214 341 2248 fidem
371 2215 415 2248 ab
446 2215 507 2249 illo
539 2215 675 2261 accepit
705 2227 849 2259 eamque
872 2216 1100 2251 certissimam
1124 2217 1167 2250 de
1191 2217 1439 2252 conservandis
1462 2218 1572 2253 totius

107 2259 330 2294 Palaestinae
352 2260 520 2306 ecclesiis,
546 2261 596 2295 ita
620 2268 657 2296 ut
681 2273 746 2295 nec
768 2262 991 2295 diruerentur
1012 2274 1077 2296 nec
1100 2267 1334 2298 vastarentur.
1378 2264 1470 2298 hunc
1494 2276 1571 2299 cum

106 2305 247 2340 videret
283 2306 501 2352 Sophronius
547 2307 636 2341 dixit
670 2304 782 2341 “haec
819 2308 978 2352 profecto
1014 2314 1068 2343 est
1099 2309 1309 2343 abominatio
1333 2309 1571 2355 desolationis,

106 2356 205 2386 stans
226 2351 262 2386 in
284 2351 362 2387 loco
385 2358 527 2398 sancto,
565 2353 744 2397 praedicta
767 2366 788 2388 a
811 2354 959 2387 Daniele
979 2351 1187 2399 propheta.²’
1233 2355 1291 2389 hic
1322 2356 1485 2402 templum
1507 2357 1570 2391 Iu-

104 2398 268 2432 daeorum
301 2398 476 2443 quaesivit
508 2411 529 2433 a
559 2399 744 2434 Salomone
778 2405 1010 2444 exstructum,
1044 2406 1083 2435 ut
1113 2400 1347 2448 blasphemiae
1369 2414 1456 2438 suae
1479 2404 1567 2438 ado-

99 2444 233 2479 randae
253 2444 365 2479 locum
387 2445 564 2490 efficeret,
586 2446 647 2490 qui
668 2446 841 2491 hodieque
860 2450 1036 2492 superest.

425 2525 483 2559 20.
529 2531 686 2569 quartus
706 2527 864 2560 Arabum
882 2526 1050 2572 princeps
1077 2526 1244 2562 Uthman.

192 2579 263 2614 Hic
295 2580 387 2615 bello
416 2580 567 2616 Africam
597 2584 830 2628 expugnavit,
867 2590 902 2617 et
923 2584 1086 2629 pactione
1108 2584 1234 2619 tributi
1257 2595 1332 2619 cum
1356 2584 1452 2618 Afris
1476 2585 1565 2620 inita

99 2635 262 2660 reversus
298 2632 363 2661 est.
409 2627 484 2662 eius
507 2628 650 2663 militiae
674 2631 873 2675 praefectus
896 2630 1034 2664 Mavias
1057 2631 1171 2665 dictus
1195 2631 1365 2665 colossum
1387 2632 1562 2666 Rhodium

101 2671 290 2717 destruxit,
329 2673 450 2718 Cypro
476 2673 589 2709 insula
611 2686 687 2710 cum
712 2676 885 2710 universis
911 2676 986 2710 eius
1009 2676 1153 2711 urbibus
1176 2677 1374 2712 devastata.
1422 2678 1480 2711 hic
1506 2678 1561 2711 in-

102 2727 209 2762 super
229 2719 379 2753 Aradum
402 2719 545 2755 insulam
570 2721 683 2767 cepit,
708 2723 854 2767 eiusque
875 2724 996 2757 urbem
1018 2723 1191 2768 incendit,
1216 2728 1253 2758 et
1273 2723 1420 2757 insulam
1441 2724 1478 2757 in
1497 2724 1561 2756 ho-

100 2762 257 2798 diernum
280 2775 390 2809 usque
414 2765 505 2801 diem
525 2767 780 2803 habitatoribus
805 2769 976 2804 desertam
999 2770 1165 2805 reddidit.
1213 2769 1272 2803 hic
1297 2769 1412 2803 insula
1433 2770 1560 2803 Rhodo

100 2814 205 2854 capta
227 2810 398 2846 colossum
421 2811 496 2847 eius
519 2814 679 2860 sustulit,
707 2820 789 2861 post
811 2814 903 2850 mille
922 2820 1099 2852 trecentos
1116 2816 1299 2862 sexaginta
1322 2826 1432 2850 annos
1457 2826 1559 2860 quam
