1780 3132
248 169 325 211 DE
359 165 824 211 ADMINISTRANDO
858 167 1093 211 IMPERIO
1129 167 1239 212 CAP.
1275 168 1342 210 13.
1377 164 1444 208 14.
1512 164 1577 209 91

109 282 366 338 Ὁμηρεΐται,
395 280 599 323 τουτέστιν
609 279 832 333 Ἀμανΐται.
902 279 1182 322 ἀναδείκνυται
1201 279 1245 321 δὲ
1265 277 1406 330 οὕτως.
1476 275 1579 320 ἀπό-

114 367 189 408 ρου
208 349 322 400 ὄντος
340 349 465 392 αὐτοῦ
484 353 556 391 τοῦ
572 346 826 403 Μουχούμετ
843 349 908 390 καὶ
928 349 1124 406 ὀρφανοῦ,
1151 347 1283 399 ἔδοξεν
1300 349 1410 406 αὐτῷ
1426 351 1580 401 μισθο-

114 417 364 474 δοτήσεσθαι
395 419 555 474 γυναικί
581 434 657 462 τινι
687 417 861 477 πλουσία
884 418 950 459 καὶ
973 423 1156 474 συγγενεῖ
1172 418 1319 469 αὐτοῦ,
1354 416 1580 473 καλουμένῃ

113 489 304 543 Χαδίγα,
349 487 452 543 πρὸς
483 486 529 529 τὸ
563 484 799 541 καμηλεύειν
828 487 896 527 καὶ
928 484 1287 542 πραγματεύεσθαι
1317 486 1359 527 ἓν
1385 482 1582 541 Αῗγύπτῳ

82 555 216 610 fiper&
237 560 318 598 τῶν
337 554 578 612 ἀλλοφύλων
599 556 665 596 καὶ
688 554 729 596 ἓν
745 555 1014 611 Παλαιστίνῃ.
1086 553 1169 597 εἶτα
1193 554 1295 597 κατὰ
1314 554 1460 610 μικρὸν
1476 570 1583 608 παρ-

116 622 412 682 ρησιασάμενος
436 625 501 665 καὶ
526 621 716 665 ὑπελθών
735 626 787 679 τῇ
805 624 959 678 γυναικὶ
979 621 1091 682 χήρα
1115 622 1217 680 οὔσῃ
1239 620 1436 677 λαμβάνει
1458 620 1585 676 αὐτὴν

117 694 173 744 εἲς
201 698 383 749 γυναῖκα.
452 693 519 734 καὶ
547 691 599 746 δὴ
628 690 900 748 ἕπιχωριάζων
930 691 972 733 ἓν
997 692 1276 749 Παλαιστίνῃ,
1312 693 1379 734 καὶ
1410 707 1586 733 συνανα-

116 759 388 818 στρεφόμενος
417 759 627 810 Ἰουδαίοις
655 777 697 802 τε
729 762 796 802 καὶ
827 762 1114 816 Χριστιανοῖς,
1150 761 1330 816 ἐθηρᾶτο
1354 758 1496 814 λόγους
1518 760 1586 801 καὶ

115 829 320 887 γραφικάς
344 827 477 879 λύσεις
500 826 624 888 τινάς.
694 827 795 883 ἔχων
820 829 863 871 δὲ
889 829 934 872 τὸ,
960 827 1098 879 πάθος
1122 833 1195 884 τῆς
1218 829 1438 883 ἐπιληψίας
1446 860 1459 879 ,
1495 829 1587 869 ἐλυ-

63 907 108 942 10
119 904 228 940 nervo
259 895 422 956 σφόδρα
450 895 476 952 ἦ
503 897 603 953 γυνὴ
635 896 761 940 αὐτοῦ
793 895 848 947 ὥς
878 898 1103 955 περιφανὴς
1130 899 1197 939 καὶ
1230 899 1403 939 πλουσία
1431 897 1501 938 καὶ
1528 899 1587 953 uf

117 964 288 1024 τοιούτῳ
307 966 423 1022 ἀνδρὶ
445 970 717 1027 συναφθεῖσα,
740 966 786 1007 οὗ
809 963 933 1020 μόνον
955 964 1096 1025 ἀπόρῳ
1116 965 1221 1014 ἀλλὰ
1237 968 1304 1008 καὶ
1322 966 1588 1024 ἕπιληπτικῷ·

115 1034 167 1088 ἣν
187 1036 252 1076 καὶ
269 1032 580 1091 τροπωσάμενος
594 1033 763 1091 φάσκων
777 1033 837 1076 ὅτι
851 1034 1034 1092 φοβερὰν
1047 1035 1243 1078 ὀπτασίαν
1257 1035 1426 1091 ἀγγέλου
1440 1036 1588 1090 θεωριῖ

96 1148 100 1152 ,
118 1103 305 1161 Γαβριὴλ
331 1101 519 1162 ὀνόματι,
550 1105 615 1145 καὶ
638 1103 696 1158 μὴ
718 1101 934 1161 ὑποφέρων
955 1103 1082 1146 αὐτοῦ
1099 1104 1174 1159 τὴν
1194 1103 1300 1146 θέαν
1319 1103 1501 1158 ὀλιγωρῶ
1523 1102 1590 1143 καὶ

117 1173 272 1223 πίπτω,
307 1170 526 1226 ἐπιστεύθη
534 1203 547 1223 ,
582 1174 1101 1232 συμψει·δομαρτυροῦντος
1125 1173 1235 1230 αὐτῷ
1255 1172 1462 1229 Ἀρειανοῦ
1483 1169 1592 1220 τινὸς

65 1249 110 1285 15
120 1245 300 1295 μοναχοῦ
320 1238 591 1295 ψευδωνύμου
610 1241 665 1282 δι’
688 1241 1027 1297 αι’σχροκέρδειαν.
1095 1243 1161 1283 καὶ
1181 1240 1309 1291 οὕτως
1326 1238 1351 1295 ἡ
1372 1239 1470 1295 γυνὴ
1488 1243 1594 1280 πλα-

119 1312 291 1363 νηθεῖσα
314 1310 380 1350 καὶ
405 1307 548 1358 ἄλλαις
566 1311 744 1364 γυναιξὶν
764 1307 991 1366 ὁμοφύλοις
1008 1307 1217 1366 κηρύξασα
1236 1307 1449 1366 προφήτην
1473 1307 1595 1350 αὐτὸν

120 1374 243 1428 εἶναι,
277 1380 461 1434 προῆλθε
489 1378 535 1419 τὸ
564 1379 719 1432 ψεῦδος
744 1381 818 1432 τῆς
850 1377 1009 1432 ἀπάτης
1035 1379 1100 1419 καὶ
1135 1379 1190 1428 εἷς
1223 1377 1353 1434 ἄνδρα
1383 1375 1593 1434 φύλαρχον

118 1444 299 1500 τοτ’)’νομα
335 1444 578 1506 Βουβάχαρ.
646 1444 672 1500 ἦ
709 1440 780 1493 οὖν
811 1445 910 1502 γυνὴ
934 1450 1123 1490 θανοῦσα
1146 1449 1214 1488 καὶ
1237 1450 1380 1488 τοῦτον
1404 1443 1594 1500 διάδοχον

122 1515 192 1556 καὶ
220 1512 467 1571 κληρονόμον
493 1515 776 1569 καταλείψασα
799 1518 880 1557 τῶν
902 1512 1071 1570 ἑαυτῆς,
1107 1515 1256 1571 ἐγένετο
1280 1513 1506 1572 περιφανὴς
1526 1514 1594 1555 καὶ

67 1588 115 1621 20
126 1581 228 1638 ἄγαν
255 1580 517 1641 ὓπερούσιος,
548 1585 615 1625 καὶ
647 1583 838 1641 κατέσχεν
866 1581 892 1638 ἡ
924 1584 1082 1640 πονηρὰ
1111 1582 1242 1639 πλάνη
1271 1601 1312 1626 τε
1344 1584 1412 1625 καὶ
1443 1585 1596 1638 αἵρεσις

123 1650 252 1694 αὐτοῦ
281 1651 333 1693 τὰ
361 1651 465 1707 με’ρη
494 1656 567 1707 τῆς
591 1653 827 1709 Αἷθρίβου,
862 1653 929 1693 καὶ
957 1653 1139 1703 ἐδίδαξεν
1170 1647 1286 1702 οὗτος
1315 1649 1336 1693 ὃ
1365 1650 1596 1710 παράφρων

125 1715 192 1762 καὶ
218 1721 556 1778 πεφενακισμένος
583 1720 677 1772 τοὺς
699 1721 810 1780 αὐτῷ
831 1721 1099 1776 πειθομένους
1118 1720 1179 1764 ὅτι
1201 1719 1221 1764 ὃ
1242 1718 1424 1779 φονεύων
1444 1719 1596 1776 ἐχθρὸν

216 1849 240 1884 7
263 1846 630 1892 συνανατρεφόμενος
651 1849 757 1894 vulgo
868 1852 912 1887 16
936 1847 1147 1895 ὁμοφύλαις
1171 1849 1276 1895 vulgo
1388 1850 1430 1884 17
1454 1847 1596 1894 φύλαρ-

217 1905 284 1938 χον
306 1894 482 1929 Meursius
505 1906 570 1940 pro
595 1895 776 1944 φίλαρχον.

126 2013 204 2053 tur,
238 2008 276 2043 id
310 2012 365 2042 est
397 2007 592 2042 Amanitae.
641 2007 709 2042 isto
733 2012 846 2042 autem
871 2008 973 2042 modo
1001 2012 1174 2042 narratur.
1221 2018 1296 2041 cum
1322 2018 1456 2053 pauper
1480 2011 1516 2042 et
1538 2019 1618 2054 or-'

126 2056 263 2101 phanus
286 2059 381 2088 esset
402 2054 600 2097 Mahomet‚
624 2054 760 2088 mulieri
782 2054 917 2088 cuidam
941 2054 1044 2088 diviti
1068 2061 1103 2088 et
1125 2053 1421 2099 consanguineae,
1456 2055 1511 2088 oui
1536 2067 1601 2089 no-

126 2113 207 2136 men
231 2100 410 2144 Chadiga‚
434 2111 576 2144 operam
598 2111 693 2134 suam
716 2099 848 2134 locavit
871 2101 912 2133 ad
938 2100 1085 2135 camelos
1107 2100 1263 2144 agendos
1285 2100 1601 2145 negotiandumque

129 2159 206 2182 cum
230 2145 437 2190 alienigenis
460 2145 497 2178 in
519 2148 685 2191 Aegypto
710 2152 746 2180 et
766 2146 980 2180 Palaestina.
1029 2146 1156 2180 deinde
1181 2145 1346 2190 paulatim
1369 2147 1600 2180 confidentior

130 2193 308 2236 evadens,
342 2191 515 2234 mulieris,
552 2203 642 2236 quae
663 2191 770 2230 vidua
796 2198 893 2235 erat,
919 2191 1068 2236 gratiam
1094 2196 1259 2236 captans,
1288 2203 1363 2229 eam
1386 2192 1487 2226 duxit
1512 2203 1600 2226 uxo-

129 2250 218 2273 rem.
265 2238 494 2272 Palaestinam
527 2243 641 2271 autem
670 2249 744 2272 cum
770 2239 1011 2282 frequentaret
1034 2249 1076 2272 ac
1099 2249 1175 2272 cum
1197 2237 1337 2272 Iudaeis
1363 2243 1399 2272 et
1425 2238 1601 2273 Christia-

130 2285 187 2318 nis
209 2283 360 2325 viveret,
385 2294 562 2317 sermones
587 2284 721 2328 aliquot
744 2290 781 2318 et
802 2284 992 2318 solutiones
1015 2283 1210 2328 scripturae
1232 2283 1475 2328 investigavit.
1525 2296 1599 2318 cum

131 2333 246 2364 autem
269 2328 434 2363 comitiali
458 2331 577 2363 morbo
602 2330 794 2374 laboraret,
820 2329 900 2363 hinc
923 2329 1023 2363 dolor
1044 2329 1167 2374 ingens
1192 2329 1314 2374 uxori,
1338 2331 1431 2375 quod
1455 2330 1602 2364 illustris

134 2381 172 2411 et
202 2374 366 2420 opulenta
398 2386 474 2408 cum
505 2381 600 2410 esset
628 2375 692 2410 tali
723 2376 901 2420 nupsisset
925 2375 1022 2419 viro,
1055 2386 1124 2409 non
1145 2375 1253 2409 solum
1277 2387 1388 2421 egeno
1410 2377 1473 2410 sed
1498 2376 1602 2410 etiam

134 2420 345 2466 epileptic03
379 2431 480 2466 quam
504 2427 544 2455 ut
566 2421 742 2466 placaret,
768 2422 908 2456 dicebat
933 2433 972 2455 se
995 2421 1111 2467 angeli
1135 2421 1273 2456 nomine
1295 2422 1473 2456 Gabriiilis
1496 2422 1603 2456 terri—

101 2497 109 2508 ,
133 2467 239 2502 bilem
270 2466 441 2500 visionem
469 2466 614 2512 videre,
651 2467 748 2502 cuius
771 2467 1005 2513 spectaculum
1027 2478 1101 2501 cum
1126 2467 1223 2502 ferre
1247 2479 1315 2502 non
1339 2474 1477 2513 posset,
1515 2469 1602 2502 defi-

134 2523 218 2547 cere
240 2524 280 2547 se
303 2523 345 2546 ac
367 2512 461 2546 humi
483 2512 657 2550 decidere.
706 2513 787 2548 huic
811 2525 896 2547 vero
920 2514 1008 2548 fides
1033 2513 1151 2547 habita
1174 2518 1246 2557 est,
1287 2514 1411 2548 falsum
1443 2514 1604 2548 testimo-

135 2558 230 2593 nium
263 2558 414 2592 addente
444 2558 573 2593 Ar-iano
606 2559 753 2604 quodam
782 2559 942 2593 monachi
966 2571 1089 2594 nomen
1115 2560 1347 2603 ementiente‚
1379 2561 1493 2605 turpis
1516 2560 1606 2593 lucri

137 2604 263 2649 gratia.
311 2604 363 2638 sic
399 2605 548 2650 decepta
586 2606 749 2648 muliere,
796 2605 1117 2651 contribulibusque
1152 2605 1225 2641 suis
1253 2606 1456 2651 prophetam
1491 2606 1605 2650 ipsum

137 2661 218 2685 esse
244 2650 533 2695 depraedicante,
570 2651 638 2685 hoc
665 2651 825 2686 callidum
857 2652 1070 2687 mendacium
1104 2652 1148 2686 ad
1179 2652 1404 2697 phylarchum
1437 2653 1608 2696 quendam

138 2695 279 2730 nomine
300 2696 539 2731 Bubacharum
563 2698 752 2732 emanavit.
785 2708 861 2731 cum
883 2708 989 2742 porro
1012 2697 1136 2732 mulier
1159 2697 1282 2732 obiens
1307 2698 1469 2732 heredem
1494 2697 1607 2743 ipsum

139 2741 370 2786 instituisset,
403 2743 610 2788 conspicuus
642 2743 822 2778 admodum
855 2748 892 2777 et
921 2755 1022 2778 carus
1045 2743 1133 2788 fuit,
1162 2744 1388 2788 nefariasque
1411 2754 1509 2777 error
1533 2743 1608 2778 eius

141 2792 249 2831 atque
270 2787 426 2822 haeresis
449 2788 485 2822 in
513 2796 629 2834 partes
654 2789 815 2824 Aethribi
838 2795 1033 2836 propagata
1056 2795 1131 2830 est;
1162 2790 1380 2834 docebatque
1412 2801 1528 2823 amens
1552 2789 1610 2823 hic

139 2833 313 2878 impostor
343 2834 502 2869 credulos
531 2847 706 2882 quosque,
744 2835 776 2870 si
806 2835 884 2881 quis
916 2841 978 2871 aut
1006 2835 1181 2871 inimicum
1215 2835 1392 2871 occideret
1415 2841 1476 2870 aut
1500 2836 1543 2870 ab
1567 2847 1610 2870 eo
