1780 3132
331 162 402 201 DE
441 161 887 203 ADMlNisTRANDO
938 158 1158 200 IMPERIO
1204 156 1323 198 CAP.
1359 157 1427 201 49,
1516 148 1609 195 219

170 260 332 312 θόντος,
360 258 618 314 κατεμήνυσε
646 262 703 316 τῷ
725 263 899 313 βασιλεῖ
915 255 1145 315 Νικηφόρῳ
1176 253 1251 311 τήν
1270 270 1312 297 τε
1343 252 1498 310 ἔφοδον
1529 256 1612 295 τῶν

167 328 417 381 Σκλαβηνιὸν
456 327 529 367 καί
569 323 645 380 την
682 324 890 379 προνομὴν
930 323 1003 364 καί
1040 323 1334 376 αἰχμαλωσίαν
1362 322 1435 361 καί
1458 320 1612 375 ἀφανι-

169 388 375 443 cadumi
411 389 487 446 τὴν
521 391 744 446 λεηλασίαν
767 391 838 432 καί
863 386 992 432 τᾶλλα
1022 388 1140 430 δεινὰ
1168 384 1247 430 ὅσα
1276 384 1611 439 καταδραμόντες

168 457 367 512 ἐποίησαν
398 459 456 505 εἷς
483 457 533 502 τά
563 461 669 513 με’ρη
696 460 768 511 τῆς
795 456 994 511 Ἀχαιάς,
1025 453 1084 497 ἔτι
1115 458 1160 497 δὲ
1193 455 1266 495 καί
1293 452 1370 506 τὴν
1396 451 1608 505 πολυήμε-

134 535 244 577 5ρον
270 525 511 576 πολιορκίαν
538 523 611 565 καί
640 523 714 578 τὴν
731 520 836 564 κατὰ
857 523 937 564 τῶν
956 521 1179 577 οἰκητόρων
1207 522 1282 562 τοῦ
1310 520 1490 572 κάστρου
1519 520 1609 572 διη-

167 589 264 642 νεκῆ
292 589 500 643 ἐπίθεσιν,
542 589 743 638 ὡσαύτως
783 589 855 629 καί
892 587 963 642 τὴν
992 585 1216 640 ἐπισκοπὴν
1254 588 1328 626 καί
1361 585 1608 638 συμμαχίαν

164 655 238 695 καί
262 653 458 708 τρόπαιον
485 654 558 696 καί
584 655 658 710 τὴν
686 653 790 695 κατὰ
825 652 972 707 κράτος
1002 655 1116 707 νίκην
1142 651 1215 705 τὴν
1244 652 1465 705 γενομένην
1493 647 1606 703 παρὰ

164 721 242 760 τοῦ
270 718 516 775 α’ποστόλου,
543 723 615 762 καί
641 720 696 769 ὥς
723 719 1068 775 ὄφθαλμοφανῶς
1104 715 1252 772 ὦράθη
1281 719 1513 771 ἐπιτρέχων
1541 713 1611 756 καί

165 782 327 827 διώκων
354 784 454 835 τούς
482 787 705 839 πολεμίους
733 784 837 828 κατά
878 788 1009 826 νῶτον
1035 787 1108 826 καί
1136 780 1413 838 τροπούμενος
1443 778 1612 834 αύτούς,

110 857 153 892 10
165 842 270 892 ὥστε
295 851 368 893 καί
394 851 549 901 αὐτούς
579 850 680 901 τούς
708 849 950 907 βαρβάρους
973 852 1202 893 αἰσθέσθαι
1230 846 1303 903 τήν
1326 849 1399 890 τοῦ
1427 844 1611 889 α’ποστό-

162 918 238 958 λου
267 917 373 972 πρὸς
400 914 512 972 ἡμᾶς
540 919 768 973 ἐπισκοπὴν
795 917 867 959 καί
882 916 1130 972 συμμαχίαν
1149 917 1221 958 καί
1241 913 1311 956 διὰ
1341 916 1463 955 τοῦτο
1480 929 1610 967 προσ-

162 987 310 1038 φυγεῖν
354 983 512 1034 αῧτούς
556 986 616 1033 εἷς
653 983 723 1026 τὸν
765 984 995 1038 σεβάσμιον
1035 983 1166 1024 αὐτοῦ
1194 981 1304 1023 ναόν.
1362 979 1383 1022 ὅ
1416 981 1461 1022 δὲ
1489 983 1612 1033 βασι-

161 1047 258 1099 λεὺς
287 1050 420 1092 ταῦτα
441 1049 677 1103 α’ναμαθών
694 1049 1024 1104 παρεκελεύσατο
1045 1045 1176 1098 οὕτως
1196 1047 1318 1089 “ε’πεί
1334 1049 1406 1089 καί
1430 1045 1478 1088 τὸ
1509 1046 1610 1100 τρό-

156 1125 286 1156 παιον
323 1114 396 1157 καί
425 1115 450 1170 ἧ
480 1115 586 1158 κατά
626 1114 777 1171 κράτος
806 1118 895 1170 νίκη
923 1114 1035 1169 παρὰ
1065 1117 1142 1156 τοῦ
1171 1112 1402 1155 α’ποστόλου
1432 1115 1606 1167 γέγονεν,

109 1187 151 1221 15
163 1179 433 1235 ὀφειλόμενον
470 1182 696 1236 καθέστηκε
723 1183 862 1223 πᾶσαν
887 1181 962 1235 την
1001 1182 1265 1234 ἐκστρατείαν
1292 1182 1374 1220 τῶν
1402 1179 1612 1231 πολεμίων

159 1247 234 1287 καί
256 1244 308 1288 τά
334 1246 509 1301 λάφυρα
552 1249 625 1288 καὶ
649 1245 699 1289 τά
742 1250 876 1289 σκῦλα
906 1246 1022 1304 αὐτῷ
1051 1243 1356 1300 ἇποὸ“οθῆναι.”
1409 1246 1480 1286 καί
1509 1246 1607 1286 διω-

161 1310 306 1365 ρίσατο
337 1309 495 1360 αὗτούς
524 1327 571 1353 τε
612 1314 710 1360 τούς
738 1313 963 1364 πολεμίους
998 1310 1105 1364 μετά
1138 1309 1271 1365 πάσης
1302 1312 1372 1364 τῆς
1402 1311 1608 1366 φαμιλίας

159 1378 234 1418 καί
260 1379 499 1430 συγγενείας
539 1377 612 1418 καί
643 1378 812 1419 πάντων
849 1380 935 1419 τῶν
962 1376 1253 1432 προσηκόντων
1285 1379 1439 1425 αὐτοῖς,
1468 1375 1530 1418 ἔτι
1561 1377 1607 1417 δὲ

159 1444 233 1484 καί
261 1442 398 1498 πάσης
432 1447 505 1498 τῆς
540 1442 756 1498 ὑπάρξεως
797 1444 963 1498 αὔτῶν,
1002 1445 1287 1500 ἀφορισθῆναι
1315 1445 1374 1493 εἰς
1405 1441 1474 1484 τὸν
1504 1440 1607 1484 ναόν

103 1511 238 1567 wrm?
262 1509 495 1551 οἷποστόλου
525 1511 569 1552 ἐν
597 1513 647 1567 τῇ
674 1508 924 1565 μητροπόλει
947 1513 1160 1564 Πατρῶν,
1190 1511 1234 1551 ἐν
1262 1505 1290 1566 ᾖ
1317 1507 1337 1551 ὃ
1369 1506 1607 1563 πρωτόκλη-

158 1588 230 1623 τος
257 1574 330 1616 καί
360 1575 553 1631 μαθητὴς
590 1577 666 1618 τοῦ
704 1578 895 1631 Χριστοῦ
937 1575 1010 1618 τὸν
1045 1579 1117 1631 τῆς
1157 1574 1373 1630 α’θλὴσεως
1412 1573 1607 1627 διήνυσεν

157 1640 313 1695 α’γῶνα,
342 1641 532 1690 δεδωκώς
562 1645 660 1696 περί
684 1645 822 1684 αὐτῶν
848 1646 920 1684 καί
947 1645 1129 1696 σιγίλλον
1158 1645 1202 1684 ἐν
1234 1645 1286 1699 τῇ
1314 1643 1421 1697 αὐτῇ
1447 1657 1604 1694 μητρο-

157 1702 290 1747 πόλει.
361 1709 493 1750 rafim
536 1706 575 1749 οἱ
623 1707 899 1763 πρεσβύτεροι
938 1710 1010 1749 καί
1047 1710 1316 1764 α’ρχαιότεροι
1356 1706 1603 1761 ιῖνὴγγειλαν

159 1771 419 1827 παραδόττες
458 1773 659 1830 α’γράφως
695 1772 835 1832 χρόνῳ
865 1790 909 1816 τε
948 1778 1022 1816 καί
1045 1777 1123 1832 βίῳ
1157 1781 1244 1825 τοῖς
1272 1772 1462 1830 ὕστερον,
1491 1770 1604 1822 ὅπως

160 1979 254 2008 runt.
301 1980 444 2020 praetor
470 1981 587 2009 autem
615 1988 693 2009 cum
720 1977 838 2010 triduo
862 1983 944 2022 post
962 1977 1165 2010 advenisset
1188 1982 1224 2011 et
1239 1977 1395 2021 apostoli
1420 1977 1602 2010 victoriam

156 2021 404 2061 intellexisset,
430 2022 632 2068 Nicephoro
659 2025 861 2068 imperatori
891 2025 1102 2068 significavit
1135 2026 1376 2057 incursionem
1402 2024 1617 2057 Sclavinio-·

159 2079 248 2109 rum,
270 2069 356 2101 item
385 2068 640 2115 direptionem,
668 2072 887 2114 captivorum
916 2083 1121 2111 numerum,
1144 2073 1398 2111 vastationem,
1425 2070 1605 2116 praedam,

159 2120 196 2148 et
218 2126 451 2162 quaecunque
477 2118 546 2150 alia
570 2118 662 2150 maia
680 2118 837 2151 Achaiae
862 2118 899 2150 in
918 2118 1078 2162 partibus
1106 2118 1323 2158 intulissent,
1347 2119 1434 2152 item
1463 2118 1605 2151 diutur-

156 2172 240 2195 nam
275 2161 494 2196 obsidionem
532 2165 809 2210 continuamque
843 2164 1105 2210 oppidanorum
1145 2166 1431 2210 oppressionem,
1473 2164 1606 2197 deinde

158 2210 313 2254 apostoli
338 2210 618 2254 inspectionem,
642 2213 829 2253 auxilium,
852 2218 1037 2256 tropaeum
1063 2219 1100 2246 et
1121 2213 1293 2257 integram
1318 2213 1520 2254 victoriam3
1547 2217 1606 2244 ut·

158 2265 230 2299 que
253 2255 317 2288 sub
343 2258 455 2290 oculis
482 2257 667 2291 hominum
694 2260 787 2292 visus
810 2265 903 2292 esset
929 2259 1049 2292 hostes
1075 2260 1243 2293 invadere
1270 2271 1403 2305 eosque
1435 2259 1605 2305 persequi

157 2306 197 2335 et
220 2301 258 2335 in
282 2302 399 2346 sugam
424 2311 640 2347 convertere,
660 2306 750 2339 adeo
778 2312 819 2339 ut
843 2306 912 2351 ipsi
941 2307 1046 2339 etiam
1072 2306 1214 2339 barbari
1244 2308 1320 2340 eius
1346 2308 1435 2340 vires
1458 2311 1495 2340 et
1518 2317 1604 2351 sup-

157 2349 273 2393 petias
297 2350 400 2383 nobis
425 2353 608 2396 praestitas
634 2354 946 2397 persentiscerent,
971 2354 1127 2399 ideoque
1152 2353 1197 2386 ad
1223 2365 1352 2387 sacram
1377 2355 1452 2387 eius
1479 2354 1603 2387 aedem

158 2395 404 2440 confugerent.
452 2397 506 2431 his
527 2400 676 2443 cognitis
701 2401 896 2444 imperator
930 2401 1044 2442 iussit,
1072 2406 1259 2446 postquam
1286 2401 1331 2433 ab
1357 2401 1520 2446 apostolo
1549 2401 1604 2434 vi-

159 2443 271 2475 ctoria
296 2444 501 2487 contigisset
527 2447 631 2491 eique
658 2446 814 2480 hostium
843 2448 1026 2492 expeditio
1053 2448 1218 2493 imputari
1246 2448 1405 2487 deberet,
1430 2449 1548 2481 omnia
1573 2449 1606 2481 ei

159 2490 274 2534 spolia
317 2489 465 2534 donari3
502 2497 538 2525 et
578 2495 704 2527 statuit
738 2495 834 2539 ipsos
860 2505 1005 2539 quoque
1030 2494 1149 2528 hostes
1177 2507 1255 2528 cum
1285 2497 1380 2528 omni
1408 2496 1545 2528 familia
1571 2501 1607 2528 et

159 2537 371 2581 cognatione
408 2548 448 2570 ac
484 2541 695 2585 propinquis
734 2543 906 2574 universis
946 2542 1250 2588 facultatibusque
1285 2543 1430 2576 attribui
1470 2543 1606 2586 templo

159 2583 313 2627 apostoli
339 2584 436 2629 quod
465 2586 502 2618 in
525 2586 704 2620 Pati-arum
730 2589 921 2633 metropoli
946 2594 1022 2630 est,
1049 2589 1109 2622 ubi
1143 2591 1256 2634 primo
1282 2597 1426 2624 vocatus
1455 2589 1605 2622 Christi-

158 2641 230 2674 que
253 2629 448 2674 discipulus
475 2644 628 2676 pugnam
653 2634 746 2667 hanc
768 2642 985 2680 pugnasset3
1028 2642 1064 2669 et
1099 2637 1254 2679 sigillum
1279 2649 1387 2682 super
1415 2637 1482 2670 lunc
1508 2648 1544 2669 re
1569 2638 1607 2669 in

158 2677 349 2722 metropoli
379 2678 441 2710 illa
467 2678 577 2714 dedit.
641 2687 750 2727 atque
774 2681 863 2715 haec
897 2683 1042 2728 quidem
1078 2684 1219 2730 antiqui
1257 2685 1408 2729 posteris
1432 2685 1504 2718 suis
1529 2683 1606 2716 sine

159 2723 290 2769 scripto
311 2724 556 2767 tradiderunt,
593 2733 631 2761 ut
657 2729 848 2763 secundum
885 2729 1095 2776 prophetam
1123 2732 1305 2775 generatio
1327 2737 1476 2765 ventura
1504 2731 1608 2764 sciret
