1780 3132
289 170 360 212 DE
399 166 844 211 ADMlleTRANDo
885 166 1108 210 mpssmo
1145 165 1263 209 CAP.
1303 165 1369 208 53.
1478 153 1574 203 249

141 266 345 319 Κώνστας
386 271 445 326 τῷ
471 268 730 326 ..αυρομάτῳ
768 270 896 321 λέγων
934 264 1000 310 ὅτι
1038 264 1282 309 οἷπόστειλόν
1309 279 1382 318 μοι
1422 262 1576 310 πάντας

139 332 212 384 οὓς
236 331 290 376 ἂν
315 332 427 388 ἔχεις
455 333 759 390 αἰχμαλώτους,
787 336 858 375 καί
897 332 1069 375 α’πολόω
1094 331 1190 381 τούς
1213 330 1497 385 Χερσωνίτας.
1554 325 1577 367 ὅ

140 401 188 442 δὲ
215 398 490 453 ,Σαυρόματος
514 402 649 442 ταῦτα
678 397 860 450 α’κοόσας
887 395 997 441 ἄκων
1024 400 1097 440 καί
1120 398 1178 452 μή
1203 397 1450 451 βουλόμενος
1476 394 1579 446 dne}-

83 505 88 509 ,
139 469 265 507 λυσεν
291 462 476 515 ἅπαντας
502 462 573 514 οὓς
605 462 658 507 ἂν
691 461 802 518 εἶχεν
838 461 1128 519 αἰχμαλώτους
1157 463 1234 513 ἕως
1262 460 1364 511 ἑνός.
1419 460 1579 502 ἀπολα-

107 530 228 585 5βοόν
253 525 327 573 οὖν
365 527 387 571 ὅ
418 529 623 580 Κώνστας
668 528 853 579 ἅπαντας
887 530 986 578 τοὺς
1015 531 1364 583 πραιδευθὲντας,
1393 524 1468 568 δύο
1498 527 1581 567 τῶν

139 599 418 649 Χερσωνιτῶν
459 598 655 651 πρέσβεις
692 596 911 649 κατασχών
950 598 1049 651 παρ’
1088 593 1247 651 ἑαυτῷ,
1287 592 1385 642 τούς
1429 587 1581 640 ἄλλους

139 662 355 704 α’πέστειλε
372 661 479 717 πρὸς
499 661 572 704 τόν
590 659 879 715 Σαυρόματον·
906 658 1013 709 ὅστις
1033 658 1307 714 Σαυρόματος
1323 655 1582 712 παραλαβών

140 726 299 776 αὐτοὺς
324 730 640 782 προαπέστειλεν
669 729 714 768 ἐκ
741 730 814 782 τῆς
841 729 922 769 τῶν
935 729 1095 779 Λαζῶν
1111 727 1255 779 χώρας
1278 722 1383 778 μετὰ
1402 725 1475 765 καί
1501 723 1584 764 τῶν

142 794 262 835 ἰδίων
291 793 525 847 ἀνθρώπων
552 793 656 847 πρὸς
683 792 726 835 τὸ
755 795 1018 846 παραδοῦναι
1048 794 1188 840 αὐτοῖς
1213 789 1286 846 τήν
1304 805 1347 832 τε
1362 791 1584 841 Βόσπορον

87 858 216 900 lonae*
240 858 314 908 τοὶς
343 859 546 915 φαμιλίας
578 861 729 900 αὐτῶν.
788 858 912 908 αὐτὸς
941 861 985 901 δὲ
1005 858 1281 912 Σαυρόματος
1307 855 1382 910 τήν
1413 858 1586 908 πορείαν

140 921 247 978 μετοὶ
274 926 346 967 τοῦ
373 923 521 974 ἔθνους
540 926 668 967 αὐτοῦ
687 926 730 966 ἐν
758 923 1009 966 καταστάσει
1027 926 1206 965 ἐποιεῖτο
1235 923 1336 978 πρὸς
1359 919 1406 963 τὸ
1438 919 1585 974 ἅθροί-
1598 934 1621 968 p
1631 931 1697 967 147

141 994 241 1040 λους
266 989 365 1039 τούς
393 993 665 1045 Χερσωνίτας
693 993 962 1044 παραδοῦναι
988 988 1062 1038 τὰς
1082 991 1286 1045 φαμιλιάς
1317 987 1389 1029 καί
1414 986 1586 1039 α’ναχω-

142 1059 284 1110 ρῆσαι.
340 1050 455 1098 οῖ’ὃὲ
484 1059 749 1110 Χερσωνΐται
776 1055 874 1104 τούς
902 1056 1078 1103 οἰκείους
1105 1056 1299 1107 πρέσβεις
1329 1053 1590 1104 ὑποδεξάμε-

141 1136 207 1164 νοι
238 1124 282 1163 ἐν
320 1124 372 1178 τῇ
397 1120 633 1179 Βοσπόρῳ,
680 1121 752 1163 καί
782 1120 1068 1175 μεμαθηκότες
1107 1119 1158 1160 τὰ
1201 1118 1400 1173 γενόμενα
1426 1114 1588 1159 ἅπαντα

88 1191 131 1225 15
144 1186 225 1229 find
258 1187 531 1238 Κώνσταντος
556 1188 629 1229 καί
655 1189 732 1229 τοῦ
762 1185 1064 1241 Σαυρομάτου,
1101 1187 1348 1239 παρέδωκαν
1375 1186 1451 1225 τοῦ
1475 1187 1590 1226 Σαυ-

143 1251 328 1308 ρομάτου
367 1253 580 1311 α’νθροόπῳ
619 1252 696 1308 τήν
722 1268 767 1294 τε
795 1250 1014 1307 Βόσπορον
1041 1251 1126 1292 ’καί
1162 1250 1213 1292 τοὶ
1239 1254 1312 1305 τῆς
1339 1250 1591 1298 Μαιώτιδος

140 1320 365 1361 καστέλλια
401 1317 475 1360 καί
500 1317 576 1367 τοὶς
605 1321 812 1375 φαμιλιάς
850 1316 987 1366 πάσας
1016 1318 1230 1370 ἀβλαβεῖς,
1259 1317 1332 1357 καί
1359 1317 1589 1368 κατέλαβον

140 1386 187 1427 ἓν
214 1382 352 1442 εἰρήνῃ
382 1383 454 1439 τήν
486 1386 780 1439 Χερσωνιτῶν.
848 1382 872 1424 ὅ
917 1384 963 1425 δὲ
1004 1381 1211 1431 Κώνστας
1235 1383 1589 1435 ἀναχωρήσαντος

140 1452 219 1493 τοῦ
232 1448 510 1505 Σαυρομᾰτου
533 1450 578 1491 ἐκ
603 1451 688 1492 τῶν
708 1449 954 1502 Ῥωμαϊκῶν
970 1449 1106 1491 τόπων
1128 1446 1201 1489 καί
1227 1446 1353 1496 αὐτὸς
1372 1447 1589 1498 ἀνέζευξεν

86 1525 132 1561 20
144 1517 216 1560 ἒπί
238 1515 315 1572 τήν
336 1515 515 1572 “Ρώμην,
545 1518 619 1558 καί
642 1515 854 1572 ἀνήγγειλε
882 1514 1019 1557 πάντα
1045 1517 1103 1573 τῷ
1130 1518 1303 1568 βασιλεῖ’
1323 1512 1372 1556 τὰ
1400 1511 1479 1554 ὑπὸ
1510 1515 1594 1554 τῶν

141 1583 419 1638 Χερσωνιτῶν
445 1582 655 1638 γενόμενα,
685 1579 962 1636 προσαγαγών
988 1583 1060 1622 καί
1086 1579 1182 1629 τοὺς
1212 1581 1289 1621 δύο
1323 1579 1464 1621 αὐτῶν
1493 1580 1594 1633 πρέ·-

140 1651 269 1701 σβεις,
296 1644 488 1698 οὕστινας
513 1647 614 1691 ἰδών
632 1646 654 1689 ὅ
681 1646 881 1701 βασιλεῦς
899 1648 971 1688 καί
989 1643 1256 1703 φιλοφρόνως
1286 1644 1592 1695 ἀποδεξάμενος

141 1713 212 1755 καί
228 1712 278 1756 τὰ
299 1716 474 1768 μέγιστα
500 1713 811 1769 εὐχαριστήσας
830 1709 942 1755 εἶπεν
963 1714 1105 1762 αὐτοῖς
1126 1712 1197 1754 “tl
1222 1714 1367 1754 θέλετε
1384 1709 1591 1765 παράσχω

140 1777 243 1832 ὑμῖν
266 1794 311 1821 τε
338 1781 411 1822 καί
435 1782 486 1836 τῇ
513 1778 632 1821 πόλει
659 1779 780 1833 ὑμῶν
805 1779 909 1835 ὑπὲρ
939 1781 1014 1834 τῆς
1032 1777 1227 1834 τοιαύτης
1255 1773 1421 1826 εὖνοιάς
1449 1791 1493 1819 τε
1522 1774 1594 1816 καί

234 1913 277 1946 15
300 1912 524 1960 παρέδωκαν
555 1912 622 1948 τοῦ
653 1913 904 1961 Σαυρομάτου
940 1911 1145 1960 ἀνθρώπῳ]
1190 1912 1364 1949 ἇνέλιπον
1398 1911 1436 1945 Μ

140 2024 330 2066 antequam
373 2020 530 2065 captivos
565 2032 686 2055 omnes
721 2020 936 2067 acceperis.'’
994 2027 1069 2054 tum
1095 2022 1271 2055 Constans
1296 2022 1507 2055 Sauromato
1532 2033 1589 2055 re-
1623 2050 1627 2054 .

138 2067 331 2108 nuntiavit,
355 2067 424 2100 sibi
460 2068 618 2113 captivos
643 2080 764 2102 omnes
804 2069 976 2107 mitteret,
1000 2074 1075 2101 tum
1098 2079 1135 2102 se
1165 2069 1395 2102 Chersonitas
1419 2068 1589 2102 dimissu-

139 2125 217 2147 rum
239 2113 470 2159 promitten83
494 2125 587 2160 quae
616 2114 679 2147 ubi
705 2115 862 2149 audisset
876 2116 1103 2149 Sauromatus
1132 2127 1253 2149 omnes
1282 2116 1452 2160 captivos,
1479 2122 1588 2162 quot-

140 2165 230 2206 quot
252 2166 381 2201 essent,
405 2161 462 2194 vel
487 2162 621 2195 invitus
648 2161 795 2195 dimisit.
845 2174 934 2208 quos
959 2174 1038 2195 cum
1067 2163 1262 2208 accepisset
1285 2163 1469 2203 Constans,
1493 2163 1587 2196 duo-

139 2207 207 2240 bus
241 2207 527 2241 Chersonitarum
561 2209 688 2252 legatis
722 2209 818 2254 apud
851 2221 887 2242 se
918 2209 1065 2243 retentis
1099 2215 1235 2243 ceteros
1264 2211 1309 2243 ad
1337 2210 1587 2244 Sauromatum

139 2254 256 2296 misit3
274 2254 386 2300 ,isque
425 2254 471 2287 ad
497 2256 641 2288 illorum
669 2255 861 2290 adventum
890 2267 910 2289 e
944 2258 1113 2290 Lazorum
1138 2258 1283 2301 regione
1312 2257 1485 2301 quosdam
1515 2269 1587 2290 una

139 2311 220 2333 cum
244 2301 318 2334 suis
350 2300 568 2343 destinavit,
595 2302 725 2348 quibus
751 2304 926 2348 Bosporus
970 2304 1201 2350 familiaeque
1237 2303 1480 2346 traderentur3
1509 2305 1587 2349 ipse

137 2357 223 2380 vero
249 2358 328 2380 cum
354 2349 510 2382 exercitu
544 2350 614 2383 iter
640 2350 806 2383 ordinate
844 2350 1074 2391 instituebat,
1098 2356 1139 2384 ut
1172 2350 1406 2384 Chersonitae
1431 2352 1587 2384 familias

138 2393 329 2427 confertim
366 2394 548 2429 traderent
583 2401 620 2430 et
645 2403 771 2441 postea
809 2397 1027 2431 recederent.
1083 2398 1315 2431 Chersonitae
1348 2409 1433 2432 vero
1460 2398 1588 2442 legatis

138 2439 213 2473 suis
236 2440 275 2473 in
299 2439 387 2473 urbe
417 2443 570 2487 Bosporo
597 2445 758 2489 receptis,
784 2444 1043 2490 intellectoque
1063 2444 1150 2490 quid
1174 2446 1267 2478 inter
1292 2445 1523 2478 Constantem
1550 2450 1589 2479 et

137 2487 386 2520 Sauromatum
418 2494 534 2522 actum
564 2496 667 2531 esset,
693 2493 886 2535 Bosporum
923 2497 960 2524 et
990 2492 1179 2525 Maeotidis
1204 2492 1346 2536 paludis
1371 2491 1504 2537 oppida
1530 2492 1587 2524 sa-

136 2533 326 2579 miliasque
352 2545 472 2568 omnes
495 2537 636 2570 illaesas
663 2537 886 2571 tradiderunt
913 2538 997 2571 viris
1034 2550 1054 2571 a
1078 2539 1287 2572 Sauromato
1313 2540 1439 2572 missis.
1487 2540 1588 2572 Con-

138 2585 235 2613 stans
259 2586 391 2621 autem,
415 2582 478 2615 ubi
507 2594 550 2616 ex
568 2585 714 2618 Romani
738 2585 877 2631 imperii
904 2585 991 2618 locis
1013 2585 1230 2619 discessisset
1244 2586 1485 2624 Sauromatas,
1511 2587 1586 2630 ipse

137 2637 284 2672 quoque
308 2629 450 2661 Romam
487 2630 694 2672 contendit,
731 2632 926 2677 omniaque
963 2644 984 2665 a
1011 2632 1230 2666 Chersonitis
1268 2639 1346 2667 acta
1378 2633 1587 2677 imperatori

136 2673 322 2714 indicavit,
347 2674 510 2709 adductis
535 2677 621 2710 item
646 2677 787 2711 duobus
812 2679 959 2722 legatis,
987 2690 1077 2724 quos
1106 2692 1185 2713 cum
1210 2679 1358 2714 vidisset
1381 2681 1587 2724 imperator,

136 2718 294 2766 henigne
321 2723 479 2768 exceptis
503 2724 634 2768 gratias
650 2726 818 2759 maximas
842 2726 925 2770 egit,
953 2727 1120 2773 inquiens
1141 2728 1228 2773 ipsis
1247 2727 1364 2774 “quid
1389 2726 1499 2761 vultis
1523 2737 1586 2760 vo-
