1780 3132
326 142 380 181 lN
421 140 786 181 sYNECDEMUM
813 139 1248 181 COMMENTAmUs.
1403 129 1497 178 453

73 265 182 307 niam
210 262 308 304 illae
335 263 456 304 aedes
492 262 760 303 communibus
788 262 1028 303 Asianorum
1057 260 1244 314 impensis
1274 265 1411 302 sartae
1442 264 1502 300 te-

73 325 164 360 ctae
202 323 330 358 erant.
397 318 494 369 hoc,
532 318 609 359 nisi
654 319 801 368 fallor,
841 318 1043 382 significat
1080 317 1155 357 Dio
1195 316 1503 366 Chrysostomus

73 375 254 415 orat35
295 387 336 426 p
359 375 452 424 434,
480 373 547 413 ubi
588 372 891 436 Apamiensibus
935 368 1008 409 καὶ
1045 367 1130 422 μὴν
1163 371 1242 409 τῶν
1280 369 1404 408 ὶεοῶν
1431 369 1505 420 τῆς

70 425 217 473 ’Λσίας
243 427 431 476 μέτεστιν
459 424 561 493 υμῖν
587 426 661 475 τῆς
686 439 731 464 τε
770 424 956 489 ὸαηάιης
988 425 1184 464 τοσοῦτον
1212 421 1306 463 ὅσον
1333 423 1504 470 ἐκείναις

74 485 166 527 ταῖς
196 480 381 532 πόλεσιν,
424 478 469 520 ἓν
510 474 576 527 αἷς
617 477 702 519 ἔστι
742 477 792 519 τὰ
830 477 936 531 ἱερά.
1010 482 1090 521 iam
1119 481 1155 520 si
1182 476 1405 530 α’ρχιερεὺς
1433 478 1505 528 τῆς

71 533 218 582 Ἀσίας
245 536 433 589 princeps
470 537 632 589 collegii
664 536 739 575 fuit
778 536 1074 586 Asiarcliarnni,
1103 536 1206 588 quod
1234 535 1296 574 vir
1324 534 1507 574 doctissi-

75 604 162 633 mus
189 592 423 640 autumavit,
451 597 610 642 oportet
643 590 683 630 in
714 591 908 631 communi
941 591 1073 644 gentis
1103 590 1272 630 concilio
1303 601 1354 629 ex
1386 590 1508 630 Asiae

76 646 241 686 urbibus
281 658 357 698 pro
397 646 567 686 arbitrio
610 646 834 699 legatorum
863 647 985 686 fuerit
1025 646 1174 686 lectus:
1207 645 1377 684 vidimus
1406 643 1509 684 enim

77 700 379 742 &montensem
410 705 450 740 et
479 701 796 749 'l'hyatirenum3
828 701 1110 753 Scopelianum
1147 700 1309 752 eiusque
1337 699 1509 739 maiores

79 755 362 796 Clazomenios
386 754 654 795 Philostratus
686 756 732 796 V.
763 756 888 808 Soph.
923 760 944 795 1
981 760 1032 795 21
1064 759 1102 805 2,
1130 755 1352 806 Philippum
1385 754 1509 795 Tral-

81 810 234 851 lianum
261 810 366 850 Acta
403 810 447 851 S.
487 810 699 862 Polycarpi
737 823 770 849 c.
799 815 849 850 21
880 811 1060 851 offerunt.
1104 816 1254 849 ‘verum
1286 810 1383 849 haec
1413 822 1512 849 non-

82 865 176 905 dum
206 864 259 905 ad
299 865 491 918 liquidum
533 865 726 917 perducta
764 866 1044 918 spatiosiorem
1084 865 1290 918 requirunt
1320 876 1512 916 campum.

80 919 174 960 vide
214 919 271 961 lo.
311 920 542 960 Massonum
582 923 622 959 et
651 919 799 961 Ezech.
837 920 1053 974 Spanhem.
1095 920 1253 960 dissert..
1296 923 1347 959 12
1384 920 1433 959 de
1465 919 1512 960 V.

80 979 123 1016 ct
148 974 192 1014 P.
222 974 335 1016 Num.
366 987 405 1027 p.
429 977 522 1017 416.

190 1042 286 1091 394,
319 1043 384 1081 13.
450 1039 612 1088 Σιβλιά]
643 1041 872 1081 Ptolemaeo
901 1039 1094 1090 Σίλβιον,
1132 1039 1236 1079 unde
1278 1039 1396 1080 Plinii
1424 1043 1518 1080 sunt

81 1093 272 1136 subiani.
339 1094 517 1136 Nicaeno
552 1096 725 1135 secundo
765 1095 934 1136 concilio
981 1107 1019 1147 p.
1037 1097 1120 1135 574
1150 1095 1321 1135 loannes
1349 1093 1518 1144 Σιβέως,

82 1149 151 1204 qui
181 1148 359 1190 versioni
385 1149 593 1202 episcopus
609 1150 760 1190 Silbios
791 1155 831 1190 et
859 1164 898 1203 p.
917 1152 1000 1190 596
1027 1148 1235 1198 Σουβλιόυ
1260 1149 1418 1196 dicitur,
1446 1162 1518 1189 no-

83 1217 176 1245 men
204 1203 433 1257 adscripsit,
465 1204 783 1245 chalcedonensi
816 1217 914 1245 vero
932 1204 1117 1244 Eulalius
1146 1201 1519 1265 πόλεωςΣιβλεὼς,

83 1260 194 1308 sive,
230 1262 275 1299 ut
310 1263 425 1300 vetus
465 1259 691 1312 interpres,
733 1260 910 1300 civitatis
950 1258 1068 1299 Silbii
1107 1271 1146 1311 p.
1165 1262 1261 1299 668.
1316 1252 1522 1308 Σούβλεον

83 1314 207 1355 etiam
229 1314 393 1354 Nicetas
423 1314 548 1355 Chon.
580 1314 683 1354 Αιιιι.
713 1315 890 1355 Manuel.
919 1318 947 1354 6
974 1327 1012 1367 p.
1027 1316 1094 1354 88·

195 1377 306 1422 Ibid.
363 1379 586 1430 Πέπουζα]
617 1380 820 1433 Phrygiae
853 1380 990 1420 urbem
1020 1379 1298 1432 desertamque
1325 1392 1397 1418 suo
1423 1382 1521 1419 tem-

84 1445 185 1487 pore
212 1439 254 1474 et
286 1435 375 1475 solo
415 1439 628 1488 aequatam
666 1435 915 1487 Epiphanius
953 1435 1117 1475 naeres.
1157 1436 1211 1474 48
1244 1437 1297 1473 14
1320 1434 1518 1474 adfirmat.

85 1489 139 1542 ab
171 1489 432 1542 eaPepuzitis
461 1502 604 1530 nomen
633 1491 743 1530 venit
770 1490 812 1530 in
842 1491 870 1531 1.
888 1492 944 1530 59
971 1503 1008 1529 c.
1035 1489 1111 1529 Th.
1143 1489 1193 1528 de
1207 1489 1392 1529 Haeret.-
1382 1500 1520 1541 ,quos

87 1557 175 1584 cnm
203 1544 329 1606 probe
366 1545 446 1585 lac.
479 1545 751 1585 Gothofredus
781 1545 952 1592 noverit,
994 1544 1140 1584 mirere
1166 1543 1303 1596 utique
1331 1539 1404 1592 τήν
1431 1543 1522 1581 Πέ-

86 1597 240 1645 τουζαν
276 1596 351 1649 τῆς
382 1597 571 1649 Φρυγίας
613 1601 718 1652 apud
747 1599 1058 1651 Philostorgium
1094 1599 1140 1637 Η
1171 1598 1218 1638 Ε.
1248 1602 1274 1638 4
1302 1602 1330 1638 8
1360 1598 1421 1638 illi
1448 1610 1520 1637 ne-

89 1653 244 1718 gotium
271 1653 539 1692 facessivisse.
595 1655 781 1694 Valesius
811 1654 901 1694 urbi
928 1665 1039 1693 suum
1059 1665 1201 1693 nomen
1234 1653 1420 1692 reddidit.
1451 1665 1523 1690 πο-

87 1705 247 1756 lagnon
270 1707 342 1756 τῆς
384 1706 574 1756 Φουγιάς
600 1704 676 1758 τήν
707 1707 932 1755 Πέζουσαν
970 1707 1208 1748 Aristaenus
1234 1707 1455 1748 Comment.
1483 1707 1525 1746 in

90 1759 247 1856 canolili.
254 1763 306 1856 ιδ
331 1762 490 1802 concilii
529 1762 747 1803 Laodiceni
786 1763 892 1815 apud
920 1762 1185 1815 Beveregium
1213 1766 1307 1802 tom
1335 1766 1357 1802 1
1386 1775 1426 1815 p
1445 1764 1526 1802 456

89 1827 195 1869 appe
229 1828 254 1856 a

200 1878 310 1922 lbid.
367 1878 552 1934 Βοιάνα]
582 1881 810 1934 suspicarer
839 1883 990 1936 gentile
1012 1882 1127 1923 huius
1144 1883 1288 1923 Ovidio
1315 1895 1403 1923 csse
1433 1882 1525 1922 red-

90 1935 284 1986 dendum,
319 1936 355 1976 si
398 1937 537 1988 paullo
579 1937 673 1976 mihi
712 1938 844 1977 notius
882 1951 923 1977 es
907 1942 1008 1989 set,
1050 1939 1313 1990 metamorph.
1355 1941 1383 1978 8
1420 1941 1525 1977 719:

90 1989 280 2031 ostendit
319 1989 459 2031 adhuc
508 1990 722 2045 Tyanems
763 1992 859 2033 illic
896 1992 1042 2032 incola
1080 1993 1133 2033 de
1166 1994 1335 2045 yemina
1361 1994 1528 2033 vicinos

91 2044 251 2086 arbore
278 2048 469 2086 truncos.
526 2059 652 2099 neque
671 2047 786 2098 enim,
819 2047 923 2100 quod
943 2048 1024 2086 Far
1005 2048 1166 2087 nahius
1187 2048 1352 2110 pulchre
1378 2048 1528 2087 adver-

92 2100 156 2151 tit,
171 2100 376 2151 Tyaneius
405 2104 556 2140 rectum
585 2113 674 2142 esse
691 2103 853 2154 poterit.
882 2103 945 2150 Τ)
948 2115 1026 2141 ιιιιιι
1055 2107 1171 2142 erant
1197 2102 1238 2141 in
1259 2101 1529 2154 Cappadocia,

94 2155 219 2207 longe
245 2158 444 2195 terrarum
474 2156 618 2205 aPhry
622 2156 693 2207 gia
718 2162 894 2196 semota·
920 2156 961 2196 in
990 2157 1170 2208 Phrygia
1195 2157 1464 2196 Philemonem
1489 2161 1530 2195 et

96 2209 310 2249 Baucidem
345 2209 385 2249 in
409 2210 579 2250 arbores
615 2223 832 2251 conversos
866 2223 954 2249 esse
983 2217 1104 2262 poeta
1126 2224 1164 2252 v,
1194 2215 1276 2251 620
1304 2211 1529 2264 significat:

93 2262 219 2304 tiliae
257 2266 523 2305 contemno
565 2276 755 2318 quercus
796 2264 983 2306 collibus
1028 2269 1097 2306 est
1126 2264 1336 2320 Phryysts,
1364 2265 1531 2306 modico

94 2317 366 2359 cin-melate
394 2320 798 2360 muro.ssriane·1·us
825 2321 860 2360 si
878 2321 1096 2373 legeretur,
1127 2333 1196 2360 res
1222 2323 1328 2361 foret
1355 2321 1531 2360 difficul-

94 2373 246 2414 tatibus
275 2378 461 2425 exempta
491 2379 532 2413 et
557 2379 701 2426 poetae
728 2388 802 2415 sua
831 2376 921 2415 laus
950 2375 1039 2415 sine
1067 2387 1207 2415 errore
1235 2380 1451 2416 constaret.

207 2447 316 2490 Ibz'd.
372 2445 575 2500 Σεβάστη]
605 2450 721 2491 huius
752 2451 960 2504 episcopus
989 2451 1106 2492 Plato
1138 2447 1296 2497 πόλεως
1325 2446 1534 2502 Σεβάστης

98 2502 376 2554 Πακατιανῆς
403 2503 444 2543 in'
483 2517 594 2544 conc.
623 2505 928 2579 Constantinop.
957 2507 1076 2546 tertio
1105 2520 1142 2558 p
1156 2510 1238 2546 674
1267 2507 1427 2559 legitur
1457 2506 1536 2546 huc

97 2558 202 2598 citra
224 2557 385 2598 dubium
417 2559 590 2621 pertinet
618 2559 886 2612 Σεβαστηνῶν
910 2573 1048 2601 numus
1064 2562 1183 2602 'lhes
1210 2561 1364 2602 Britan.
1395 2565 1487 2601 tom
1509 2564 1536 2599 2

99 2625 139 2664 p.
161 2615 252 2653 148.
308 2613 465 2653 iuvenis
507 2614 686 2667 Phrygia
725 2615 832 2655 tiara
861 2620 901 2654 et
930 2616 1048 2658 hasta
1089 2616 1392 2671 conspiciendus
1419 2616 1536 2665 hanc,

100 2679 180 2709 non
211 2668 482 2723 Tectosagum
512 2669 704 2711 Galatiae
728 2670 912 2725 requirit.
