1780 3132
210 139 281 180 DE
318 134 761 179 ADMlNISTRANDO
810 134 1032 176 1MPER10
1070 130 1188 177 CAP.
1221 137 1286 178 21,
1321 138 1385 177 92.
1492 126 1581 170 103

139 239 344 293 ποδρομίᾳ
371 235 665 289 θριαμβεύσας
696 237 768 276 καί
798 234 1053 282 ἀποκτείνας.
1118 230 1250 290 τούτῳ
1280 232 1344 288 τῷ
1368 229 1452 272 ἔτει
1477 229 1584 270 ἀπο-

139 305 298 346 στέλλει
326 304 550 355 Ἀβιμέλεχ
595 299 698 353 πρὸς
726 299 1018 343 Ἰουστινιανὸν
1055 300 1285 352 βεβαιῶσαι
1316 295 1391 350 τὴν
1420 293 1584 350 εἰρήνην

144 365 281 416 οὕτως
307 369 376 409 ἵνα
415 367 438 409 ὅ
476 366 677 421 βασιλεὺς
706 366 846 422 παύσῃ
882 364 928 406 τὸ
970 367 1052 407 τῶν
1079 364 1343 419 ΠΙαρδαϊτῶν
1373 362 1511 416 τάγμα
1539 363 1585 402 ἐκ

139 435 218 476 τοῦ
245 434 438 486 Λιβάνου
466 432 539 474 καί
567 430 804 488 διακωλύσῃ
833 429 905 479 τὰς
933 429 1163 485 ἐπιδρομάς
1190 429 1340 483 αύταῖν,
1367 429 1440 469 καί
1461 427 1584 480 ’Λβι-

103 503 126 537 5
135 500 266 553 μέλεχ
285 496 397 555 δαίσῃ
428 503 512 547 τοῖς
534 498 754 550 Ῥωμαίοις
781 498 875 537 καθ’
904 493 1079 550 ἑκάστην
1109 494 1345 548 νομίσματα
1364 492 1484 548 χίλια
1514 492 1587 534 καί

137 565 262 607 ἵππον
300 567 447 619 εύγενῆ
485 563 559 606 ἕνα
595 562 668 605 καί
697 563 890 605 Αἰθίοπα
929 563 1075 604 δοῦλον
1114 562 1209 617 ἕνα,
1250 563 1322 602 καί
1357 562 1426 602 ἵνα
1454 559 1584 613 ἔχωσι

140 628 257 671 κοινοὶ
294 630 399 671 κατὰ
431 628 476 672 τὸ
504 629 595 672 ἴσον
634 627 731 677 τούς
759 626 919 683 φόρους
957 629 1031 680 τῆς
1061 626 1242 679 Κύπρου
1273 625 1345 668 καί
1366 627 1585 680 Ἀρμενίας

138 695 211 737 καὶ
234 697 424 751 Ἰβηρίας.
481 693 756 748 και“,ὲ’πεμψεν
774 691 795 734 ὅ
823 693 1024 747 βασιλεὺς
1040 695 1220 734 Παῦλον
1247 691 1317 734 τὸν
1332 707 1584 746 μαγιστρια-

139 759 213 804 νόν
250 761 355 814 πρὸς
395 763 615 815 Ἀβιμέλεχ
656 760 979 815 ἀσφαλίσασθαι
1012 758 1065 800 τὰ
1096 760 1385 814 στοιχηθέντα,
1413 760 1486 799 καί
1512 759 1584 810 γε’-

84 834 126 869 10
137 842 254 883 γονεν
294 825 503 883 ἔγγραφος
547 822 761 880 α’σφάλεια
793 822 898 878 μετὰ
927 825 1165 879 μαρτύρων,
1197 824 1270 865 καί
1295 825 1586 879 φιλοτιμηθείς

138 893 162 936 ὅ
179 889 480 948 μαγιστριανός
501 889 774 946 ὑπέστρεψεν.
827 892 898 932 καί
925 893 1097 944 πέμψας
1114 889 1134 932 ὁ
1152 889 1352 943 βασιλεύς
1377 887 1585 945 προσελά-

136 963 231 1014 βετο
257 956 353 1008 τούς
383 958 639 1012 Μαρδαΐτας
655 955 853 1009 χιλιάδας
879 955 943 1011 ιβ’,
974 954 1049 1010 τὴν
1073 955 1308 1010 Ῥωμαϊκὴν
1338 956 1585 997 δυναστείαν

137 1021 478 1080 ἀκρωτηριάσας·
565 1025 699 1064 πᾶσαι
743 1021 824 1076 γάρ
865 1025 940 1064 νῦν
981 1020 1025 1063 αἱ
1070 1022 1310 1075 οἰκούμεναι
1348 1020 1461 1076 παρὰ
1505 1022 1586 1063 τῶν

101 1135 106 1138 ,
134 1090 330 1146 Ἀράβων
370 1090 429 1139 εἷς
470 1088 545 1138 τάς
576 1088 818 1141 ἀκροπόλεις
863 1086 943 1129 ἀπὸ
976 1090 1282 1141 ΒΙοψουεστιάς
1314 1088 1386 1129 καί
1411 1087 1488 1137 ἕως
1515 1096 1621 1130 τε-Ρ
1651 1095 1694 1129 75

84 1163 126 1198 15
139 1157 291 1211 τάρτης
318 1157 541 1210 Ἀρμενίας
584 1155 808 1208 α’νίσχυροι
846 1156 918 1195 καί
945 1154 1124 1209 αόίκητοι
1154 1153 1381 1207 ἐτύγχανον
1410 1152 1481 1195 διά
1510 1153 1586 1208 τὴν

138 1220 292 1277 ἔφοδον
317 1222 402 1263 τῶν
434 1217 720 1275 Μαρδαϊτών,
759 1213 818 1260 ὧν
858 1222 1206 1274 παρασταλέντων
1242 1218 1444 1262 πάνδεινα
1481 1219 1586 1262 κακά

137 1289 344 1328 πέπονθεν
369 1287 396 1340 ἦ
421 1285 634 1338 Ῥωμανιά
677 1284 760 1326 ύπὸ
801 1287 884 1327 τῶν
905 1281 1097 1339 Ἀράβων
1123 1286 1251 1339 μέχρι
1278 1289 1352 1327 τοῦ
1383 1288 1469 1327 νῦν.
1528 1286 1586 1342 τῷ

137 1354 177 1394 δ’
203 1352 319 1410 αύτῷ
343 1350 426 1394 ἔτει
453 1352 653 1394 εἰσελθὼν
683 1350 704 1394 ὁ
729 1351 931 1405 βασιλεὺς
967 1353 1027 1400 εἰς
1051 1352 1273 1406 Ἀρμενίαν
1302 1354 1392 1392 ε’κεῑ·
1417 1353 1583 1402 ἐδέξατο

135 1415 233 1467 τούς
262 1420 308 1460 ἑν
347 1420 406 1474 τῷ
444 1417 621 1474 Λιβάνῳ
652 1419 931 1472 Μαρδαΐτας,
978 1416 1157 1471 χάλκεον
1196 1423 1335 1471 τεῖχος
1364 1417 1582 1466 διαλύσας.

77 1492 124 1527 20
138 1486 345 1536 παρέλυσε
373 1485 420 1526 δὲ
448 1483 521 1525 καί
547 1483 620 1538 τήν
645 1481 752 1536 μετά
794 1486 876 1525 τιόν
902 1481 1159 1538 Βουλγάρων
1203 1488 1493 1538 παγιωθεῖσαν
1522 1486 1584 1526 εἷ·-

137 1547 287 1605 ρὴνην,
317 1549 571 1604 διαταράξας
616 1548 714 1598 τούς
747 1547 827 1590 ὕπὸ
870 1551 945 1591 τοῦ
990 1551 1142 1591 οἰκείου
1178 1551 1336 1602 πατρός
1365 1549 1584 1605 ἑνορδίνως

135 1617 354 1669 γεγονότας
386 1613 552 1664 τύπους.
621 1614 681 1658 ἔτι
720 1618 971 1672 κρατοῦντος
1011 1619 1088 1658 τοῦ
1112 1612 1338 1670 Ἀβιμέλεχ
1378 1614 1583 1672 ἐπεστρά-

204 1752 207 1754 ’
229 1759 254 1795 6
279 1761 342 1795 καὶ
365 1761 539 1796 Acmona
560 1759 695 1796 δοῦλον
722 1760 789 1795 ἕνα
816 1772 874 1794 om
902 1760 939 1794 M
1044 1760 1086 1794 13
1113 1762 1155 1794 «ε
1178 1761 1271 1797 miv?
1366 1762 1412 1796 22
1440 1760 1496 1796 δη
1521 1761 1556 1794 Μ

138 1900 328 1942 utrumque
354 1896 390 1928 iu
419 1894 703 1941 Hippodromum
734 1895 955 1940 triumphans
995 1896 1099 1929 duxit
1138 1901 1174 1929 et
1210 1896 1351 1930 occidit.
1408 1897 1476 1930 hoc
1500 1898 1579 1942 ipso

138 1954 233 1976 anno
258 1942 372 1975 mittit
403 1941 613 1975 Abimelech
651 1942 697 1975 ad
720 1943 956 1976 lastinianum
981 1943 1137 1987 legatos,
1175 1944 1236 1988 qui
1276 1944 1342 1976 hac
1367 1944 1579 1978 condicione

136 1990 271 2023 firmam
295 1999 419 2034 pacem
444 1989 670 2031 stabilirent,
695 1995 736 2022 ut
759 1991 952 2034 imperator
974 1989 1227 2023 Mardaitarum
1252 1991 1427 2034 legionem
1453 1992 1489 2024 in
1516 1993 1580 2025 Li-

135 2035 232 2070 hano
259 2041 380 2069 monte
409 2042 652 2081 compesceret
676 2037 974 2082 excursionesque
998 2037 1144 2069 illorum
1172 2037 1405 2082 prohiberet,
1430 2038 1579 2071 Abime-
1609 2054 1612 2059 ·

136 2083 217 2117 lech
244 2093 328 2116 vero
356 2083 519 2128 quotidie
545 2084 712 2117 Romanis
750 2083 850 2117 daret
879 2084 1087 2116 nomismata
1107 2084 1208 2116 mille
1244 2090 1280 2117 et
1310 2096 1438 2129 equum
1468 2096 1579 2129 gene-

136 2140 256 2164 rosum
282 2141 393 2162 unum
416 2129 703 2176 Aethiopemque
729 2142 866 2164 servum
891 2142 1014 2171 unum,
1044 2136 1232 2176 essentque
1259 2131 1363 2175 Cypri
1390 2133 1579 2166 Armeniae

137 2182 175 2211 et
210 2176 348 2210 iberiae
384 2178 574 2221 vectigalia
608 2178 820 2211 communia.
870 2178 1038 2222 misitque
1072 2178 1263 2222 imperator
1300 2178 1344 2210 ad
1370 2178 1579 2212 Abimelech

135 2223 286 2259 Paulum
313 2223 602 2268 Magistrianum,
627 2226 689 2269 qui
718 2230 818 2269 pacta
845 2224 1016 2266 firmaret3
1041 2235 1132 2269 quae
1159 2224 1304 2269 quidem
1330 2224 1501 2259 adhibitis
1525 2232 1579 2260 te-

135 2269 248 2304 stibus
275 2270 406 2314 scripto
426 2271 561 2304 firmata
581 2272 703 2304 fuere:
732 2271 980 2315 Magistrianns
1000 2271 1204 2304 muneribus
1231 2277 1418 2305 exornatus
1435 2276 1579 2306 domum

137 2316 256 2351 rediit.
302 2318 400 2350 missi
423 2318 546 2363 itaque
575 2324 658 2351 sunt
683 2317 727 2350 ab
755 2320 992 2363 imperatore,
1018 2319 1078 2362 qui
1105 2317 1358 2351 mardaitarum
1389 2319 1578 2354 duodecim

135 2364 235 2396 milia
269 2363 415 2396 sedibus
448 2365 693 2407 abduxerunt3
731 2377 823 2411 quae
854 2376 907 2397 res
936 2366 1126 2398 Romanam
1162 2367 1360 2411 potentiam
1388 2367 1519 2400 minuit
1543 2373 1580 2400 et

135 2410 316 2444 labefecit.
365 2421 486 2444 omnes
514 2413 607 2444 enim
631 2417 747 2445 terrae
775 2423 923 2458 quarum
952 2422 1046 2444 arces
1074 2423 1170 2444 nunc
1197 2412 1363 2446 obtinent
1391 2415 1533 2454 Arabes,
1559 2427 1579 2447 a

135 2458 354 2502 Mopsuestia
379 2469 490 2502 usque
513 2458 558 2490 ad
583 2464 742 2505 quartam
769 2459 979 2498 Armeniam,
1003 2458 1051 2491 ob
1064 2458 1315 2492 Mardai'tarum
1342 2460 1579 2493 incursionem

135 2504 316 2537 invalidae
345 2509 382 2537 et
407 2503 568 2538 desertae
595 2512 711 2549 erant;
742 2506 874 2550 quibus
900 2504 1060 2538 inhibitis
1085 2507 1303 2539 atrocissima
1327 2508 1418 2539 mala
1446 2508 1579 2540 Orien-

134 2551 208 2584 tale
233 2551 421 2596 imperium
446 2551 489 2584 ab
514 2552 689 2586 Arabibus
714 2553 759 2585 ad
786 2552 854 2586 hoc
879 2563 993 2597 usque
1015 2557 1156 2597 tempus
1179 2564 1385 2598 perpessum
1413 2560 1478 2587 est.
1515 2566 1579 2587 eo-

136 2597 215 2631 dem
242 2603 362 2631 autem
389 2609 483 2632 anno
508 2599 708 2632 Armeniam
735 2600 911 2643 ingressus
934 2600 1127 2644 imperator
1151 2600 1228 2632 illic
1245 2600 1435 2634 Marda‘itas
1451 2601 1579 2634 Libani

137 2645 314 2689 suscepit,
338 2656 452 2678 aeneo
476 2657 576 2679 muro
611 2646 803 2680 destructo.
851 2657 973 2691 pacem
999 2658 1142 2692 quoque
1168 2658 1245 2679 cum
1274 2648 1431 2691 Bulgaris
1459 2649 1577 2681 firma-

136 2696 208 2726 tam
221 2691 394 2734 dissolvit,
418 2692 462 2726 iis
491 2693 707 2739 perturbatis
733 2705 823 2740 quae
847 2699 950 2740 pater
976 2698 1071 2727 recte
1097 2698 1204 2740 atque
1231 2693 1427 2740 prudenter
1451 2706 1579 2730 sanxe-
