1780 3132
322 129 376 167 lN
419 126 780 168 SYNCEDEMUM
823 125 1266 168 communius.
1420 120 1516 170 463

92 235 276 278 nisestum
307 234 405 274 erit:
446 247 519 273 nec
556 233 703 274 mutari
738 237 871 274 tamen
902 233 1160 281 sustinerem,
1192 233 1377 286 quoniam
1407 235 1519 276 Con-

91 289 290 336 stantinus
317 289 432 328 buius
462 290 571 329 urbis
602 289 766 341 praesul
804 289 845 329 in
875 288 1083 329 Constant.
1121 290 1242 329 tertio
1273 292 1414 342 p.5o5
1449 291 1522 328 Τι-

89 338 276 395 βριάὸων
311 349 351 383 et
377 344 416 384 in
440 345 567 384 veteri
595 345 779 384 versione
796 345 991 384 civitatis
1013 342 1312 385 Tibi-indorum
1330 343 1525 386 Pisidiae

89 400 352 453 provinciae,
378 410 615 452 quamquam
645 400 749 439 male
768 412 807 451 p.
824 403 908 438 676
934 397 1005 448 τῆς
1024 398 1322 447 Μαμβιαδὲων
1349 397 1518 452 πόλεως,

88 453 262 498 dicitur:
291 453 370 494 nisi
397 459 437 493 et
457 454 609 494 Plinius
625 453 880 494 Timbrianos
905 453 998 493 inde
1018 455 1236 494 formasset
1265 457 1293 494 5
1318 459 1390 496 27.
1423 467 1524 509 ergo

90 504 393 562 Geographiam
420 508 591 550 Sacram
620 513 661 549 et
690 508 766 548 bac
792 509 891 549 urbe
919 521 1152 561 augeamus.

198 567 293 615 395,
320 568 386 605 29.
446 558 704 613 Θεμισόνιος]
728 575 919 616 nusquam
950 564 990 603 in
1006 563 1155 603 Pisidia
1183 563 1278 604 mihi
1307 565 1415 606 lecta
1446 570 1519 608 est.

88 618 292 672 Pbrygiae
319 620 594 671 cognominem
621 619 760 659 urbem
788 631 912 671 supra
939 619 1133 668 vidimus,
1159 619 1267 659 forte
1296 633 1322 660 a
1352 620 1526 662 Pisidica

89 686 232 715 nomen
279 674 509 715 habentem:
546 674 696 715 Strabo
743 674 845 714 enim
887 677 939 714 13
978 686 1018 725 p.
1047 677 1131 714 629
1161 674 1285 715 fuisse
1320 676 1525 729 Phrygiae

42 727 45 731 ’
89 729 231 779 urbes,
257 741 360 783 quae
386 743 412 770 a
447 729 630 770 Pisidicis
666 741 810 769 nomen
841 729 1068 779 traxerint,
1096 729 1223 768 docet.
1271 742 1412 782 posses
1440 744 1527 772 cum

91 783 320 837 doctissimo
349 784 582 838 Geograph.
611 785 701 825 Ital.
743 784 863 824 medii
902 783 994 824 aevi
1033 797 1070 836 p.
1097 786 1250 825 XXVII
1280 791 1445 826 auctore
1476 787 1527 826 de

91 838 318 889 Termesso,
333 852 450 892 quam
466 839 695 891 Stephanus
712 839 887 879 Pisidiae
913 839 1050 879 urbem
1066 839 1176 891 facit,
1207 840 1287 881 nisi
1308 853 1395 882 eam
1411 842 1527 883 Pam-

90 893 254 947 phyliae
280 894 486 936 Hierocles
513 894 807 942 contribuisset,
833 895 1028 947 cogitare.

199 958 309 1001 Ibid.
371 955 798 1007 Ἰουστινιανούπολις]
837 973 911 1000 nec
947 960 1052 1000 hanc
1092 961 1254 1012 urbem,
1292 962 1327 1003 si
1355 963 1527 1004 alteram

89 1014 175 1056 lac.
213 1014 328 1056 Goar
365 1015 557 1056 Notitiam
597 1016 822 1068 exceperis,
862 1017 1002 1068 legere
1037 1017 1208 1058 memini.
1278 1018 1341 1058 vir
1373 1019 1527 1066 doctus,

91 1081 208 1124 quem
234 1075 388 1111 tantum
418 1071 523 1123 quod
557 1071 783 1123 appellavi,
820 1071 1005 1123 quoniam
1033 1071 1281 1112 Alemannus
1308 1073 1350 1113 in
1379 1074 1528 1113 Proco-

92 1125 148 1178 pii
177 1125 280 1166 nist.
309 1137 463 1166 arcana
506 1138 540 1166 c.
571 1131 621 1166 11
650 1126 757 1166 inter
796 1126 1134 1179 Iustinianopoles
1172 1127 1432 1180 Pamphyliae
1458 1141 1530 1168 ur-

90 1180 192 1228 bem,
224 1193 327 1234 quae
357 1181 399 1220 iu
418 1181 570 1221 Notitia
598 1182 727 1221 veteri
757 1182 935 1230 Myloma
964 1182 1029 1231 sit,
1057 1187 1252 1233 recenset,
1283 1184 1333 1223 de
1350 1180 1529 1232 Myliade

91 1235 224 1288 coepit
251 1241 472 1286 autumare,
514 1235 599 1276 acsi
625 1241 666 1276 et
697 1237 771 1277 illa
801 1237 1164 1289 Iustinianopoleos
1206 1251 1350 1279 nomen
1378 1238 1528 1279 induis-

91 1295 168 1330 set.
223 1294 267 1331 at
295 1303 344 1331 ea
374 1295 415 1330 et
452 1291 503 1332 ab
531 1291 609 1331 hac
638 1292 849 1344 provincia
878 1292 1015 1342 distat,
1045 1296 1086 1332 et
1110 1292 1152 1333 in
1180 1293 1418 1346 Pamphylia
1445 1295 1530 1334 sor-

94 1350 205 1386 tasse
231 1345 467 1398 reperietur.
525 1345 704 1399 equidem
733 1346 957 1398 suspicatus
984 1359 1069 1387 sum
1095 1347 1303 1390 Conanam
1331 1350 1418 1390 sive
1448 1349 1527 1389 Co-

92 1412 203 1450 nana
233 1401 444 1442 Iustiniani
471 1413 614 1442 nomen
644 1401 860 1453 accipisse:
892 1414 1077 1442 caussam
1108 1402 1251 1454 babeo,
1281 1405 1387 1457 quod
1414 1405 1530 1445 Noti-

91 1455 240 1495 tiarum
266 1468 348 1505 una
378 1457 513 1497 lacobi
544 1457 656 1497 Goar
681 1457 1025 1509 Iustinianopolim
1067 1457 1174 1498 inter
1212 1460 1463 1509 Tymandum
1492 1463 1533 1499 et

33 1549 37 1553 .
91 1510 245 1551 Malum
285 1510 569 1564 interponant,
597 1512 778 1564 reliquae
809 1524 929 1561 vero,
966 1512 1303 1566 lustianianopoli
1333 1516 1533 1568 neglecta,

91 1563 310 1606 (joannam.
335 1579 437 1620 quae
455 1572 589 1607 tamen
614 1579 725 1607 mera
743 1567 915 1618 suspicio
943 1572 1005 1607 est
1026 1580 1155 1621 neque
1176 1569 1389 1611 admodum
1406 1572 1533 1611 firma.

203 1618 312 1661 Ibid.
372 1618 564 1668 Μάλλος]
597 1622 763 1675 reliquis
788 1622 951 1662 Notitiis
981 1620 1158 1668 Μάλοςε
1186 1625 1291 1664 unde
1319 1625 1535 1676 Μαληνῶν

96 1675 309 1727 episcopus
335 1677 377 1716 in
406 1678 496 1716 lure
525 1677 683 1717 Graeco
711 1678 892 1717 Romano
921 1690 960 1729 p.
982 1682 1074 1724 190,
1107 1683 1146 1717 et
1166 1678 1378 1720 Constant.
1410 1681 1532 1720 tertio

92 1743 131 1783 1)-
151 1733 234 1770 676
266 1730 468 1771 sisinnius
505 1730 575 1780 τῆς
616 1728 902 1776 ΗΙανοηόλεως
931 1730 1006 1781 τῆς
1035 1731 1241 1784 Πισιδῶν,
1274 1735 1343 1774 sed
1374 1736 1532 1775 vitiose.

93 1784 186 1825 vide
211 1784 258 1824 1..
277 1784 410 1825 Holst.
440 1786 481 1825 in
502 1786 695 1837 stephan.
727 1781 917 1830 Μάλλος.
976 1792 1117 1827 auctor
1135 1788 1304 1830 Dissert.
1326 1790 1531 1843 Chorogr.

92 1840 183 1880 Ital.
221 1851 308 1879 cum
348 1840 464 1881 huius
492 1840 592 1880 Mali
633 1840 842 1880 occasione
883 1843 1090 1892 p.xxvll
1127 1849 1338 1885 asseverat
1380 1847 1532 1886 nullam

93 1895 259 1934 Mallum
288 1895 329 1934 in
361 1896 513 1935 duabus
533 1896 685 1935 Ciliciis
712 1896 936 1935 Hieroclem
969 1897 1178 1947 adnotare,
1207 1898 1314 1939 haud
1342 1913 1440 1939 sane
1459 1901 1533 1940 ad-

93 1950 216 1989 vertit
243 1946 426 2000 Μάλχος
443 1950 610 1991 Ciliciae
639 1951 793 2003 primae
816 1950 1004 1991 vitiosum
1034 1964 1122 1992 esse
1151 1958 1191 1993 et
1217 1954 1386 1996 Mallum
1417 1956 1532 1996 nobis

91 2004 248 2044 offen-e.
756 2036 757 2039 ,

198 2057 308 2100 [bid.
363 2056 532 2113 Ὀδάδα]
563 2060 641 2100 imo
663 2053 860 2112 macida,
892 2064 938 2101 ut
975 2073 1034 2101 ms
1062 2062 1271 2104 Palatinus
1297 2065 1530 2109 Ptolemaei.

93 2114 266 2154 loannes
298 2115 507 2168 episcopus
543 2114 615 2166 τῆς
632 2112 855 2154 Ἀδαδὲων
891 2110 1046 2161 πόλεως
1073 2116 1146 2169 τῆς
1171 2118 1367 2157 Πισιδῶν
1399 2119 1532 2172 ἐπαρ-

89 2164 189 2218 χιάς
215 2170 382 2209 concilio
398 2170 604 2211 Constant.
627 2171 747 2210 tertio
763 2175 897 2223 p.676
918 2171 1059 2211 adfuit.
1116 2173 1397 2215 Artemidorus
1424 2177 1531 2240 apud

95 2223 335 2264 Strabonem
361 2229 427 2264 12.
452 2239 489 2278 p.
506 2229 588 2266 570
618 2227 725 2266 inter
746 2226 919 2267 Pisidiae
945 2228 1065 2267 urbes
1090 2223 1333 2280 Ἀδαὸάτην
1346 2230 1530 2284 Βριαδα,

94 2290 169 2329 pro
194 2273 352 2317 Ἀδάδα
379 2276 450 2330 τὴν
480 2277 673 2329 Βριὰδα,
703 2293 773 2321 seu
801 2277 1038 2330 Τιμβριάδα
1067 2282 1220 2334 potum,
1250 2291 1500 2327 annumerat.

203 2331 311 2375 Ibid.
343 2338 410 2376 30.
476 2333 676 2386 Ζόρζιλα]
715 2332 734 2374 ὁ
766 2333 996 2386 Ζαρζήλων
1043 2342 1275 2379 constanter
1300 2341 1343 2380 in
1367 2342 1532 2382 Notitiis

93 2388 174 2428 lac.
205 2387 330 2439 Goar,
356 2394 396 2429 et
424 2402 475 2429 ea
506 2403 625 2443 quam
653 2392 898 2444 Beveregius
928 2391 1146 2432 Comment.
1187 2394 1229 2434 in
1252 2393 1406 2436 Canon.
1436 2410 1534 2437 con-

90 2443 175 2483 cilii
202 2444 390 2484 Trullani
419 2458 457 2497 p.
482 2449 562 2486 140
591 2447 790 2499 vulgavit.
850 2447 1010 2487 videtur
1034 2460 1115 2488 non
1143 2449 1226 2490 alia
1253 2462 1302 2491 ac
1329 2447 1533 2504 Δύρζηλα

93 2498 323 2549 Ptolemaei,
349 2500 391 2537 Z
414 2505 454 2540 et
483 2501 545 2550 A,
573 2507 616 2540 ut
640 2502 804 2551 assolet,
832 2503 1078 2554 permutatis.

201 2551 313 2594 Ibid.
377 2553 593 2603 Τιτυσσὸς]
624 2569 765 2597 sanum
793 2557 870 2597 hoc
891 2562 964 2607 est,
994 2563 1037 2598 ut
1072 2562 1112 2598 et
1141 2555 1162 2596 ὃ
1194 2559 1435 2600 Τιτυασσοῦ
1463 2574 1534 2602 ve-

91 2607 191 2647 teris
220 2608 398 2649 Notitiae
433 2611 538 2650 male
579 2612 723 2652 Petrus
768 2612 1000 2651 Τοτιασσοῦ
1048 2614 1088 2654 in
1129 2615 1307 2656 Nicaeno
1355 2617 1531 2656 secundo

90 2675 130 2715 p.
151 2665 235 2706 358
262 2668 304 2705 et
335 2663 506 2706 Τυασοῦ
533 2679 571 2720 p.
600 2669 669 2719 53,
695 2679 772 2709 nec
807 2668 947 2709 melius
977 2667 1214 2724 Stephanus,
1230 2671 1301 2724 τῆς
1333 2669 1532 2714 Τυασέων
