1780 3132
204 163 276 203 DE
314 161 757 211 AnmlleTRANDo
798 160 1021 202 lMPEmo
1063 158 1181 204 CAR.
1224 164 1290 204 28.
1326 162 1393 203 29.
1474 151 1567 197 ⁷125

130 259 304 312 σώζεται
328 278 339 290 ·
369 263 533 303 τελοῦσι
563 260 643 315 γὰρ
672 259 711 301 οἱ
742 261 954 302 Βενὲτικοι
985 262 1044 317 τῷ
1069 262 1282 312 κατέχοντι
1310 257 1358 298 τὸ
1392 253 1573 312 (ἵηγιὶτον

126 326 304 376 Ἰταλίας
344 323 436 381 ἦτοι
469 330 643 375 Παπίας
680 325 852 379 διβάρια
889 326 1036 378 α’σίμιν
1079 327 1219 379 λίτρας
1259 322 1316 371 λς’
1347 327 1441 363 καθ’
1474 324 1573 363 ἕκα-

132 407 230 435 στον
263 391 425 445 χρόνον.
483 395 555 434 καί
584 389 715 447 τούτῳ
744 395 802 446 τῷ
822 391 955 449 τρόπῳ
975 390 1155 432 ἔπαυσεν
1185 389 1208 430 ὁ
1237 388 1394 442 μεταξύ
1428 387 1575 444 (Βράγ-

134 473 216 510 γων
253 457 326 499 καί
370 459 601 500 Βενετίκων
638 456 826 508 πόλεμος.
885 453 949 498 ὅτε
986 458 1032 497 δὲ
1072 452 1220 510 ἤρξατο
1269 452 1523 511 ἀποφεύγειν
1552 452 1575 494 ὃ

103 521 235 571 §naar
263 522 363 576 πρὸς
399 523 590 565 Βενετίαν
621 525 694 564 καί
733 520 1074 576 α’ποσυνάγεσθαι
1116 519 1224 562 ὥστε
1262 520 1438 569 πολλοὺς
1467 521 1578 574 γίνε-

136 593 263 645 σθαι,
303 589 589 645 ἀνηγόρευσαν
617 586 780 636 ἑαυτοῖς
821 590 951 629 defixa
994 586 1064 630 τὸν
1105 589 1288 644 εὐγενείᾳ
1326 589 1410 628 τῶν
1442 582 1579 628 ἄλλων

139 656 412 710 διαφέροντα.
470 654 649 709 ἐγεγόνει
687 655 734 696 δὲ
782 651 804 694 ὃ
834 656 999 708 πρῶτος
1027 652 1129 703 ὃοὺξ
1169 654 1214 695 ἐν
1247 651 1387 702 αὐτοῖς
1421 651 1520 707 πρὶν
1552 647 1614 706 ἢΡ
1637 663 1683 697 86

139 723 277 762 ἐλθεῖν
312 725 401 763 κατ’
429 721 570 762 αὐτῶν
608 717 630 760 ὅ
660 717 739 775 ῥὴξ
769 724 960 768 Πιπῖνος.
1017 715 1069 773 ἧν
1101 722 1147 761 δὲ
1176 720 1233 776 τῷ
1259 718 1350 760 τότε
1376 719 1507 775 καιρῷ
1533 717 1577 760 τὸ

142 789 342 829 δουκάτον
373 788 431 835 εἰς
469 785 591 828 τόπον
621 784 840 839 λεγόμενον
873 785 1044 839 Τζιβιτὰ
1074 785 1198 841 νόβα,
1229 781 1329 838 ὅπερ
1361 782 1582 840 ἑρμηνεύε-

86 860 129 894 ιθ
141 868 211 894 ται
237 851 498 907 νεόκαστρον.
561 850 629 893 διὰ
659 853 704 893 δὲ
732 850 775 892 τὸ
807 847 913 893 εἶναι
930 851 977 893 τὸ
1002 853 1299 906 προειρημένον
1322 854 1460 906 νησίον
1482 854 1584 904 πληψ

140 915 230 960 σιόν
255 919 328 972 τῆς
356 919 500 974 ξηρᾶς,
537 919 650 974 κοινῇ
679 921 812 974 βουλῇ
837 921 1070 974 μετέθηκαν
1097 918 1142 960 τό
1179 917 1381 959 δουκάτον
1407 918 1466 966 εἰς
1494 915 1584 958 ἕτε-

144 999 217 1036 ρον
244 984 406 1040 νησίον,
450 986 495 1026 ἐν
523 979 557 1041 ᾧ
597 987 669 1025 καί
693 987 766 1026 νῦν
795 985 885 1027 ἔστι
911 982 1105 1039 σήμερον,
1137 982 1209 1025 διὰ
1239 982 1283 1025 τὸ
1318 979 1424 1024 εἶναι
1452 980 1585 1038 μηκό-

143 1051 218 1091 θεν
249 1052 324 1105 τῆς
351 1052 491 1106 ξηρᾶς,
520 1047 615 1092 ὅσον
642 1053 785 1103 βλέπει
816 1066 879 1099 τις
909 1045 1045 1105 ἄνδρα
1072 1050 1183 1107 ἵππῳ
1212 1046 1476 1105 ἐφεζόμενον.

605 1136 1007 1194 Κεφάλαιον
1063 1137 1138 1179 23¹.

90 1227 133 1260 15
255 1229 344 1275 περὶ
367 1228 429 1272 τῆς
448 1229 655 1276 Δελματίας
679 1231 744 1263 καὶ
767 1228 842 1265 τῶν
865 1229 906 1264 ἓν
933 1227 1023 1276 αὐτῇ
1047 1230 1334 1276 παρακειμένων
1359 1226 1495 1263 ἐθνῶν·

246 1302 340 1348 “Ou
371 1305 667 1361 Διοκλητιανὸς
696 1306 719 1347 ὅ
748 1305 947 1359 βασιλεὺς
979 1305 1088 1348 πάνυ
1129 1308 1199 1361 τῆς
1233 1307 1378 1360 χώρας
1421 1309 1590 1358 Λελμα·

147 1372 241 1420 τιάς
270 1369 459 1427 ἠράσθη,
507 1371 571 1413 διὸ
614 1374 686 1414 καί
717 1371 800 1413 ἀπὸ
842 1374 914 1427 τῆς
940 1370 1102 1428 Ῥώμης
1132 1372 1236 1414 λαὸν
1275 1370 1442 1426 α’γαγιόν
1482 1370 1589 1424 μετὰ

145 1439 221 1486 τὰς
248 1438 452 1494 φαμιλίας
483 1438 618 1480 αὐτῶν
658 1437 702 1479 ἐν
746 1440 795 1494 τῇ
835 1440 943 1496 αὐτῇ
979 1440 1054 1492 τῆς
1081 1439 1318 1492 Δελματιάς
1346 1437 1467 1494 χώρᾳ
1495 1434 1592 1478 τού-

145 1518 245 1552 τους
271 1502 573 1559 κατεσκήνωσεν
590 1521 600 1531 ·
630 1503 675 1545 οἳ
698 1503 986 1557 καίῬωμᾶνοι
1016 1502 1415 1560 προσηγορεύθησαν
1438 1501 1508 1544 διὰ
1544 1501 1588 1544 τὸ

88 1569 232 1611 20a'n6
259 1567 421 1625 Ῥώμης
467 1571 782 1626 μετοικισθῆναι
802 1605 813 1626 ,
850 1569 920 1612 καί
951 1569 1104 1625 ταύτην
1139 1572 1267 1626 μέχρι
1307 1572 1381 1624 τῆς
1408 1566 1593 1624 σήμερον

145 1634 220 1691 την
248 1637 487 1689 ἐπωνυμίαν
518 1638 856 1692 ε’ναποφέρονται.
915 1631 1036 1685 οὗτος
1078 1632 1154 1678 οὖν
1194 1637 1215 1677 ὅ
1260 1635 1462 1690 βασιλευς
1489 1637 1593 1677 Διο-

144 1700 360 1757 κλητιανὸς
398 1700 471 1744 καὶ
497 1702 541 1744 τὸ
588 1704 664 1745 τοῦ
687 1701 966 1745 Ἀσπαλάθου
1013 1702 1189 1758 κάστρον
1219 1702 1481 1759 ᾠκοδόμησε,
1526 1702 1598 1744 καί

246 1807 288 1841 10
313 1808 454 1854 νησίον]
482 1813 634 1855 σημεῖον
655 1806 681 1841 Ρ

153 1903 224 1938 suit
250 1904 434 1945 tributum,
460 1903 558 1948 quod
583 1904 688 1937 etiam
716 1902 825 1937 hodie
851 1902 1012 1937 obtinet:
1039 1905 1184 1938 solvunt
1208 1905 1301 1937 enim
1327 1904 1459 1938 Veneti
1484 1909 1594 1951 quot-

152 1951 255 1984 annis
283 1951 412 1984 Italiae
436 1951 511 1984 sive
545 1951 675 1996 Papiae
696 1961 842 1994 regnum
870 1951 1009 1983 tenenti
1035 1950 1172 1984 divar-ia
1201 1952 1338 1995 argenti
1365 1963 1439 1985 non
1467 1953 1595 1996 signati

152 1998 263 2031 libras
294 1998 440 2042 triginta
467 2008 541 2030 sex.
593 2003 703 2043 atque
730 1997 798 2030 hoc
827 1998 934 2030 modo
960 1997 1098 2030 bellum
1122 1999 1218 2031 inter
1241 1999 1391 2032 Francos
1418 2004 1454 2032 et
1476 2000 1596 2033 Vene-

156 2050 211 2078 tos
249 2046 411 2078 cessavit.
460 2055 538 2077 cum
575 2056 659 2077 vero
690 2044 812 2088 fugere
846 2044 1016 2077 venetias
1051 2045 1207 2090 populus
1243 2046 1443 2090 coepisset,
1470 2046 1630 2092 ibique‘

154 2092 378 2135 congregari,
401 2090 491 2124 adeo
516 2096 556 2123 ut
578 2092 703 2135 ingens
728 2096 821 2124 esset
846 2091 1062 2131 multitudo,
1099 2091 1225 2125 ducem
1250 2092 1321 2124 sibi
1344 2099 1510 2127 crearunt
1535 2093 1599 2138 qui

156 2138 349 2171 nobilitate
376 2143 511 2171 ceteros
536 2138 792 2181 antecelleret3
821 2138 1008 2183 factusque
1037 2139 1107 2171 iam
1132 2139 1202 2172 fuit
1229 2139 1362 2183 primus
1396 2140 1470 2173 dux
1503 2141 1599 2173 inter

153 2185 250 2230 ipsos
279 2190 468 2230 antequam
494 2190 617 2218 contra
645 2196 706 2218 eos
732 2196 827 2218 arma
852 2191 1006 2218 sumeret
1023 2197 1083 2218 rex
1100 2186 1255 2230 Pipinus.
1303 2186 1387 2219 Erat
1404 2192 1488 2220 tunc
1505 2193 1600 2220 tem-

153 2232 252 2276 poris
276 2233 433 2265 Ducatus
462 2232 500 2264 in
524 2233 602 2265 loco
627 2233 689 2277 qui
712 2232 898 2265 dicebatur
915 2233 1029 2265 Civita
1058 2244 1158 2270 nova.
1186 2232 1282 2277 quod
1306 2233 1600 2279 interpretantur,

156 2279 289 2311 Civitas
313 2290 414 2311 nova.
463 2290 540 2311 cum
568 2284 688 2312 autem
723 2279 906 2324 praedicta
940 2279 1058 2311 insula
1083 2279 1244 2324 proxima
1271 2281 1469 2314 continenti
1494 2286 1601 2320 esset,

157 2325 202 2357 de
235 2325 412 2358 communi
448 2325 598 2358 consilio
634 2327 810 2359 Ducatum
849 2326 886 2358 in
923 2326 1030 2358 aliam
1055 2326 1207 2358 insulam
1232 2328 1510 2369 transtulerunt,
1537 2328 1598 2360 ubi

158 2372 351 2405 etiamnum
380 2377 454 2415 est3
478 2378 668 2417 propterea
693 2373 793 2418 quod
820 2378 890 2405 tam
918 2373 1021 2416 longe
1047 2384 1066 2405 a
1093 2374 1300 2407 continente
1325 2374 1458 2416 distet,
1493 2385 1599 2421 quam

158 2419 238 2464 quis
258 2418 439 2452 hominem
467 2430 559 2465 equo
585 2420 803 2453 insidentem
827 2419 949 2453 videre
974 2419 1096 2464 possit.

396 2481 453 2516 29.
503 2481 547 2517 de
571 2484 776 2526 Dalmatia,
805 2491 839 2517 et
869 2483 1014 2529 populis
1039 2484 1074 2519 ei
1100 2482 1366 2519 adiacentibus.

250 2545 499 2579 Diocletianus
538 2547 730 2591 imperator
771 2557 996 2591 summopere
1036 2547 1249 2580 Dalmatiam
1293 2549 1447 2592 amavit3
1493 2559 1603 2593 quare

161 2592 270 2626 etiam
306 2593 433 2638 popuii
471 2593 619 2626 Romani
657 2594 814 2626 colonias
853 2605 894 2626 eo
931 2593 1102 2635 deduxit;
1128 2595 1328 2640 populique
1363 2596 1421 2628 illi
1458 2596 1606 2628 Romani

161 2640 358 2684 nuncupati
384 2645 478 2679 sunt,
505 2639 639 2684 quippe
666 2641 729 2684 qui
755 2641 862 2672 Roma
888 2640 974 2673 illuc
1000 2641 1311 2684 commigrassent3
1341 2647 1532 2687 manetque
1561 2643 1606 2677 iis

160 2696 356 2730 cognomen
379 2686 475 2719 istud
501 2685 546 2719 ad
571 2686 781 2719 hodiernum
812 2697 926 2731 usque
958 2686 1063 2721 diem.
1112 2687 1279 2722 laudatus
1307 2690 1429 2735 itaque
1453 2690 1606 2734 impera-

162 2738 219 2768 tor
242 2732 494 2767 Diocletianus
520 2733 645 2767 urbem
675 2734 751 2767 illic
778 2733 1009 2780 Aspalathum
1046 2734 1231 2776 condidit,
1267 2740 1304 2770 et
1338 2737 1376 2770 in
1404 2747 1444 2770 ea
1472 2737 1606 2782 palatia
