1780 3132
219 143 274 184 ΙΝ
299 141 654 183 CONSTANTlNl
682 142 879 184 PORPH.
906 145 1007 183 Lm.
1034 143 1104 182 DE
1131 143 1261 183 ΑΒΜ.
1290 143 1395 183 ΙΜΡ.
1439 140 1531 183 307

104 277 160 320 ap
190 264 374 314 ellatur,
403 268 474 321 qui
509 265 727 308 veteribus
758 264 946 307 Graecis
988 270 1031 306 et
1070 263 1245 307 Latinis
1287 263 1428 319 Dyras
1457 270 1536 313 est,

102 323 189 363 soi
219 318 400 362 Valachi
433 320 487 362 ab
516 334 567 362 eo
599 321 655 363 ad
682 320 861 363 Pontum
888 332 944 361 ae
967 320 1206 362 Danubium
1234 319 1536 361 extenduntur.

210 389 278 438 73,
310 391 372 426 12.
440 379 659 438 ἄνθρωπος
702 387 767 427 hic
809 400 883 440 pro
909 384 1075 438 famulo
1111 387 1330 439 accipitur,
1359 390 1402 426 ut
1432 387 1535 438 apud

103 439 299 482 coffinum
337 442 386 480 de
415 443 518 481 offic.
561 443 679 482 aulae
722 441 793 494 Cp.
826 455 859 481 c.
889 446 915 481 7
955 455 993 481 n.
1025 444 1090 491 15,
1135 446 1174 481 et
1210 442 1315 494 apud
1353 443 1542 482 loannem

103 496 275 546 Glycam
303 496 352 535 «le
378 497 568 537 Vanitate
600 498 719 538 vitae.

214 560 323 603 Ibid.
353 566 419 602 20.
487 558 536 600 τά
570 557 740 610 ζάκανα]
782 574 863 602 vox
890 562 1058 611 Illyrica
1086 565 1273 614 corrupte
1301 562 1463 614 scripta,
1488 561 1546 602 uti

103 616 258 669 passim
288 617 394 670 apud
413 617 592 657 Graecos
625 617 869 657 recentiores
899 629 1018 656 voces
1047 621 1263 656 occurrunt
1291 617 1546 668 alienigenae

105 676 344 725 corruptae:
374 671 511 712 zalton
530 672 676 725 quippe
706 673 747 712 in
774 671 975 724 singulari
1006 683 1182 720 numero,
1212 684 1281 710 seu
1310 676 1354 711 ut
1382 677 1544 711 nostra-

105 730 167 775 tes
198 727 378 767 scribunt
414 727 545 767 sakon
571 727 638 766 vel
676 739 822 774 sacon,
852 726 986 779 legem
1014 726 1218 778 significat
1247 731 1330 766 tam
1356 727 1546 778 scriptam

105 793 224 834 quam
253 794 330 822 non
361 782 576 834 scriptam,
608 781 684 822 hoc
711 786 771 821 est
805 780 939 834 leyem
971 786 1010 820 et
1038 779 1407 829 consuetudinem
1438 787 1477 820 et
1509 782 1550 822 in

105 834 255 888 plurali
294 836 458 876 zakona
492 849 562 876 seu
590 837 746 876 sakona
783 835 901 888 leyes
942 840 982 875 et
1009 835 1351 876 consuetudines.
1410 837 1551 876 eadem

109 891 361 993 V⁰⁰g.¹¹⁸i⁸¹¹r
388 892 507 931 etiam
537 904 571 931 c.
590 894 657 932 38.
715 892 878 944 corrige
901 891 1099 944 Ducangii
1120 891 1254 931 Gloss.
1284 891 1385 930 med.
1403 891 1548 932 Graec.

105 956 146 986 v.
204 957 367 984 ακανον.

216 1014 283 1060 74,
314 1015 379 1051 11.
436 1007 508 1048 καί
535 1006 642 1048 κακὰ
672 1009 822 1048 παιδία
851 1009 959 1058 εἰσί]
988 1011 1190 1051 Meursius
1219 1011 1271 1052 ad
1301 1011 1480 1062 verbum,
1508 1016 1553 1053 et

105 1064 210 1117 mali
236 1068 362 1119 pueri
396 1068 509 1107 sunt.
579 1065 652 1105 sed
682 1077 898 1118 perperam
930 1066 1035 1106 idem
1062 1066 1262 1106 Meursius
1291 1067 1333 1106 in
1363 1067 1468 1107 notis
1499 1068 1552 1108 ad

107 1120 212 1162 hunc
248 1120 590 1173 Porphyrogeniti
634 1121 766 1160 locum
802 1121 945 1161 laudat
987 1121 1233 1174 Epimenidis
1273 1134 1455 1173 versum,
1487 1123 1554 1175 qui

107 1175 282 1216 habetur
310 1177 416 1228 apud
447 1177 496 1216 Ι).
527 1175 709 1226 Paulum,
741 1174 822 1216 sic:

218 1240 383 1292 Κρῆτες
410 1237 480 1279 αἐἰ
505 1239 715 1290 ψεῦσται,
749 1235 854 1277 κακά
884 1236 1047 1290 παιδία,
1075 1239 1274 1291 γαστέρες
1302 1238 1444 1294 ἀργαί.

107 1319 202 1348 nam
230 1306 285 1347 ibi
314 1319 395 1346 non
424 1301 530 1344 κακά
562 1303 710 1344 παιδία
739 1305 810 1345 sed
841 1300 946 1342 κακὰ
978 1305 1107 1357 θηρία
1136 1306 1303 1359 legitur.

217 1369 326 1414 Ibid.
371 1373 436 1412 15.
511 1369 840 1421 καλλοκαιρίζειν
882 1370 1086 1423 significat
1136 1375 1346 1413 aestatem
1391 1375 1555 1415 transi-

133 1439 230 1469 ere:
277 1424 541 1476 καλοκαίριον
577 1425 723 1479 quippe
764 1437 798 1464 c.
838 1428 893 1465 29
934 1429 996 1466 est
1037 1429 1201 1469 aestas
1271 1428 1366 1468 vide
1387 1430 1554 1470 Meursii

103 1439 242 1524 gloss.
274 1481 375 1522 med.
406 1480 552 1522 Graec.
581 1493 738 1520 necnon
765 1480 978 1533 Ducangii.

215 1546 325 1590 Ibtd.
358 1550 427 1588 1⁷.
485 1541 692 1595 μονόξυλα
722 1550 815 1586 sunt
842 1546 986 1586 lintres
1004 1547 1181 1587 minores
1212 1561 1263 1588 ex
1294 1550 1410 1589 unico
1439 1550 1553 1603 ligno

106 1604 325 1644 confectae.
392 1601 588 1654 vegetius
617 1605 645 1640 :3
674 1604 701 1640 *7
728 1600 921 1654 scaphas
949 1601 1003 1642 de
1030 1602 1215 1655 sinyulis
1245 1603 1441 1646 trabibus
1471 1618 1552 1646 ea:-

106 1661 289 1698 cavatas
314 1657 507 1710 appellat.
564 1655 671 1695 unde
699 1669 726 1696 a
748 1656 906 1696 Latinis
928 1656 1151 1698 trabariae
1178 1658 1323 1708 dictae,
1354 1671 1463 1713 quae
1491 1672 1552 1702 ex

105 1711 290 1765 sinyulis
319 1709 514 1752 trabibus
539 1714 761 1759 cavantur,
791 1715 835 1750 ut
869 1715 932 1750 est
958 1712 1065 1764 apud
1091 1713 1289 1752 Isidorum
1305 1714 1416 1767 Orig.
1447 1719 1551 1756 191.

106 1767 184 1808 hae
213 1767 404 1820 propriae
433 1770 551 1805 erant
580 1764 826 1814 Scytharum
844 1765 1116 1818 Bulgarorum
1144 1768 1369 1808 Russorum
1397 1774 1553 1810 cetero-

105 1834 270 1875 rumque
300 1821 353 1862 ad
380 1820 703 1872 septemtrionem
719 1821 970 1872 populorum,
1000 1822 1143 1874 quibus
1165 1823 1312 1862 Istrum
1340 1827 1380 1862 et
1397 1825 1552 1865 maiora

105 1877 269 1917 flumina
296 1875 563 1916 traiiciebant.
591 1873 839 1914 Claudianus
858 1876 899 1915 in
920 1878 946 1915 4
965 1876 1214 1916 consulatum
1230 1876 1422 1919 Honorii:
1454 1882 1553 1920 ausi

105 1930 347 1973 Danubium
373 1928 581 1985 quondam
609 1932 842 1970 transnare
871 1927 1085 1971 Gothunnz'
1117 1932 1163 1971 in
1192 1930 1349 1973 lintres
1376 1930 1552 1988 freyere

105 1998 276 2037 nemus,
317 1997 414 2026 cum
439 1983 558 2025 mille
601 1982 782 2025 ruebant
808 1996 891 2036 per
915 1982 1086 2036 fluvium
1111 1984 1268 2038 plenae
1297 1990 1448 2030 cuneis
1475 1992 1551 2030 im-
1630 1996 1634 2000 “

103 2040 297 2082 manibus
337 2039 440 2081 alni.
509 2039 572 2079 his
609 2051 765 2092 quoque
790 2039 1034 2091 temporibus
1072 2040 1259 2081 lintribus
1290 2041 1452 2084 illarum
1481 2057 1549 2085 re·-

104 2097 268 2149 gionum
299 2095 435 2148 populi
464 2097 644 2144 utuntur,
672 2106 774 2147 quas
804 2094 942 2146 patria
979 2095 1122 2147 lingua
1146 2094 1289 2148 yolz'ze
1320 2104 1479 2150 vocant,
1507 2104 1551 2140 ut

104 2152 225 2192 etiam
253 2154 470 2191 nostrates.
529 2149 721 2189 eiusmodi
750 2144 987 2197 μονοξύλων
1016 2150 1206 2202 frequens
1234 2151 1382 2191 mentio
1410 2167 1550 2195 occur-

103 2206 159 2246 rit
184 2206 290 2258 apud
313 2205 532 2258 scriptores
570 2203 841 2253 Byzantinos,
874 2216 1028 2244 necnon
1059 2205 1101 2244 in
1127 2206 1305 2246 Tacticis
1332 2208 1478 2248 Leonis
1509 2215 1550 2250 et

105 2259 360 2301 Constantini
386 2260 510 2312 impp.
583 2259 675 2298 vide
714 2258 917 2310 Ducangii
948 2259 1082 2299 Gloss.
1120 2261 1222 2302 med.
1251 2261 1342 2302 Lat.
1369 2263 1411 2303 in
1440 2261 1547 2306 Lm-

104 2319 185 2367 ter,
216 2328 265 2356 ac
292 2315 395 2354 med.
412 2315 557 2354 Graec.
575 2326 613 2354 v.
642 2309 864 2362 μονόξυλα.

212 2378 322 2421 Ibid.
353 2384 420 2419 20.
475 2380 576 2419 Puto
609 2379 674 2418 hic
703 2390 777 2431 pro
805 2380 1065 2430 Nemogarda
1092 2381 1307 2434 legendum
1331 2383 1546 2438 Novogar-

103 2435 184 2485 dia,
214 2447 316 2488 quae
343 2439 384 2474 et
411 2434 659 2487 Novogorod
690 2434 932 2485 appellatur.

214 2499 323 2541 Ibid.
380 2496 755 2550 Σφενδοσθλάβος]
797 2499 1073 2539 wenceslaum
1112 2501 1170 2541 ita
1199 2503 1368 2544 efferunt
1399 2504 1548 2546 Gracci

102 2555 333 2608 scriptores.
389 2554 704 2607 Sphendostlabi
747 2553 864 2593 huius
895 2555 1113 2595 Russorum
1154 2557 1350 2611 principis
1397 2562 1545 2601 mentio

103 2611 282 2651 occurrit
309 2611 415 2662 apud
445 2608 670 2649 cedrenum
711 2622 748 2659 p.
783 2612 875 2660 660,
905 2612 998 2658 674,
1024 2611 1119 2659 675,
1148 2615 1244 2663 677,
1271 2618 1353 2655 632
1383 2619 1422 2654 et
1449 2619 1550 2661 683,

104 2677 258 2707 necnon
286 2665 391 2718 apud
424 2665 628 2706 Zonaram
656 2677 692 2715 p.
723 2665 816 2704 215.
