1780 3132
289 168 381 216 342
601 177 855 217 BANDUml
895 174 1383 218 AMMADVERfflONEs

287 291 356 327 tor
384 287 570 327 clamore
599 289 847 326 irruentium
874 289 1093 327 excitatus
1121 285 1419 335 lecto‘desilit,
1445 298 1564 327 arma
1590 298 1688 327 cor-

288 343 402 392 ripit,
433 345 476 380 et
502 352 595 379 cum
621 343 852 392 perpaucis
869 343 1066 393 corporis
1096 343 1164 380 sui
1193 339 1437 380 custodibus
1455 340 1511 380 ad
1537 342 1689 381 ostium

286 395 431 435 domus
468 393 662 434 turbatus
698 394 914 445 procedit,
960 395 1197 447 aditumque
1232 392 1356 444 ferro
1396 393 1685 434 intercludens

286 447 446 488 hostem
473 459 500 486 a
532 446 743 488 liminibus
781 452 915 488 arcet.
988 446 1219 500 Adalyisus
1259 448 1447 487 sentiens
1484 459 1565 487 non
1593 449 1687 487 sine

286 501 532 541 discrimine
573 503 686 541 ostia
717 501 862 542 domus
889 513 987 542 esse
1012 500 1295 554 penetranda,
1327 499 1380 540 ab
1415 503 1592 540 introitu
1617 512 1689 552 pe-

286 554 378 594 dem
405 554 586 595 retrahit
621 554 904 608 palatiumque
940 554 1117 606 flannuis
1166 557 1295 594 exuri
1331 553 1456 594 iubet.
1525 556 1689 594 interea

284 610 516 659 imperator
541 608 725 649 dextras
753 609 837 650 sibi
866 609 962 649 dari
1024 612 1112 658 etit,
1138 620 1366 662 pacemque
1382 607 1536 648 obnixe
1564 607 1689 659 depo-

283 663 382 701 scit·
408 664 478 701 cui
504 674 752 714 responsum
769 667 836 703 est
862 675 942 703 non
961 622 1089 703 aiii-er
1103 665 1240 715 petita
1257 664 1585 714 impetraturum,
1606 662 1692 700 nisi

284 717 407 766 prius
447 716 720 756 iureiurando
758 719 1024 769 promitteret
1066 727 1270 770 nunquam
1305 727 1355 755 se
1398 715 1544 755 diebus
1580 715 1693 754 vitae

282 780 388 808 suae
403 766 630 810 Beneventi
653 768 761 820 fines
779 773 1044 817 intraturum,
1069 783 1200 824 neque
1223 781 1302 821 pro
1329 768 1539 809 calumnia
1594 778 1688 807 uam

284 826 385 863 tunc
422 823 666 876 patiebatur
701 824 928 864 vindictam
956 824 1182 878 aliquando
1221 827 1484 863 exacturum.
1539 834 1567 862 a
1585 820 1689 861 latis

283 878 426 929 itaque
452 881 697 917 sanctorum
734 878 979 971 piynoribus
995 910 1005 929 ‚
1033 879 1291 918 necessitate
1328 878 1589 917 constrictus
1617 886 1689 915 sa-

284 935 542 970 cramentum
570 931 679 984 quod
705 943 732 971 a
800 943 853 971 eo
881 931 1132 983 eaeiyebatur
1170 932 1339 980 iuravit,
1363 932 1588 982 statimque
1614 940 1688 980 po-

281 987 401 1024 stero
427 984 495 1024 die
526 996 553 1024 a
583 983 820 1025 Benevento
842 988 965 1026 exiit.
1020 998 1111 1025 mox
1138 989 1278 1024 narrat
1306 989 1349 1022 ut
1378 997 1482 1023 anuo
1510 982 1688 1034 sequenti

281 1038 504 1077 Ludovicus
542 1039 758 1090 imperator
784 1041 947 1079 Romam
976 1039 1150 1086 venerit,
1181 1043 1220 1076 et
1248 1051 1273 1077 a
1300 1039 1447 1076 Ioanne
1477 1049 1583 1088 papa
1610 1036 1684 1075 ab-

282 1092 433 1130 solutus
467 1105 494 1131 a
521 1097 767 1132 sacramento
809 1094 1038 1145 Adclgisum
1080 1096 1290 1141 tyrannum
1336 1090 1604 1130 denuntiatum
1644 1089 1686 1128 in

284 1144 485 1184 Corsicam
515 1147 656 1198 fugere
685 1148 929 1198 compulerit,
957 1159 1004 1186 ac
1031 1147 1187 1186 tandem
1214 1145 1436 1184 Ludovicus
1466 1145 1601 1183 asu
1630 1142 1689 1181 vi-
1756 1155 1759 1159 ·

281 1203 363 1238 tam
392 1199 548 1239 finierit.
604 1206 776 1240 cet-erum
805 1201 853 1239 de
875 1200 1065 1240 Ludovici
1092 1199 1273 1251 captione
1299 1198 1441 1238 similia
1467 1196 1589 1238 habet
1606 1197 1688 1236 Leo

282 1253 476 1292 Ostiensis
502 1258 524 1292 1
556 1257 622 1303 38,
649 1254 717 1294 ubi
748 1255 798 1293 de
827 1254 965 1306 Capua
988 1267 1014 1293 a
1043 1253 1255 1293 Saracenis
1297 1252 1460 1291 obsessa
1490 1255 1530 1290 et
1556 1263 1582 1291 a
1608 1250 1688 1289 Lu-

281 1306 423 1346 dovico
452 1307 550 1346 fusis
591 1308 645 1347 ibi
671 1308 886 1348 Saracenis
926 1308 1144 1355 nonnulla,
1179 1307 1281 1345 nihil
1308 1310 1438 1345 tamen
1474 1305 1523 1343 de
1549 1304 1687 1355 legato

282 1359 557 1411 Captianorum
588 1361 640 1400 ad
668 1361 857 1402 Basilium
886 1362 1018 1411 misso,
1046 1362 1095 1400 de
1125 1372 1200 1413 quo
1221 1359 1585 1411 Porphyrogenitus
1610 1357 1685 1397 Ce-

281 1414 427 1453 drenus
456 1427 503 1454 ac
532 1415 717 1454 Zonaras
743 1416 968 1467 loquuntur.

387 1471 478 1518 136,
507 1472 570 1508 17.
624 1467 784 1517 λέγεται
804 1464 1030 1516 Ῥωμαϊστὶ
1056 1463 1077 1503 ὅ
1105 1461 1282 1516 κρημνὸς
1309 1463 1407 1514 aaz]
1437 1465 1495 1505 sic
1523 1464 1691 1504 hahetur

278 1525 318 1560 et
342 1522 383 1560 in
410 1533 502 1561 mss.
557 1524 601 1562 at
627 1522 793 1562 Graecis
819 1522 936 1569 λᾶας,
961 1519 1036 1558 τοῦ
1059 1515 1204 1570 λαάος,
1241 1520 1306 1559 vel
1332 1517 1448 1569 λᾶας,
1475 1516 1547 1556 τοῦ
1573 1515 1688 1564 λάου,

279 1575 421 1614 dicitur
447 1574 574 1627 lapis.
631 1587 758 1627 neque
787 1576 875 1615 sola
901 1575 996 1614 urbs
1021 1574 1195 1613 Rausina
1211 1604 1222 1622 ‚
1253 1573 1356 1625 quod
1387 1573 1428 1611 in
1455 1573 1544 1611 loco
1571 1583 1689 1622 prae-

278 1633 395 1680 rupto
424 1629 504 1668 sita
530 1629 673 1679 fuerit,
702 1630 777 1668 hoc
815 1641 956 1668 nomen
998 1633 1117 1668 nacta
1160 1633 1237 1667 est:
1279 1626 1422 1679 quippe
1449 1626 1544 1666 urbs
1572 1626 1690 1664 etiam

277 1682 499 1722 Laconicae
526 1695 668 1734 aspero
689 1683 731 1722 in
760 1683 848 1722 loco
877 1683 956 1722 sita
971 1681 1046 1720 Λᾶ
1075 1680 1216 1720 dicitur
1245 1681 1349 1732 apud
1367 1679 1691 1730 Lycophronem3

280 1736 384 1774 unde
410 1748 553 1775 nomen
584 1748 785 1787 sumpsere
801 1736 1027 1784 Λαπέρσαι
1054 1734 1248 1774 Dioscuri.
1304 1738 1344 1773 et
1371 1732 1692 1785 quemadmodum

277 1802 304 1828 a
334 1790 529 1840 principio
557 1790 653 1830 urbs
683 1790 756 1830 illa
782 1790 969 1829 Rausium
998 1789 1085 1828 sive
1114 1788 1299 1827 Lausium
1326 1787 1432 1826 dicta
1457 1785 1533 1826 fuit
1562 1785 1688 1825 Grae-

278 1844 347 1892 cis,
377 1844 480 1895 quod
506 1843 548 1882 in
574 1844 662 1882 loco
690 1847 904 1895 praerupto
933 1843 1011 1882 sita
1038 1846 1153 1892 esset,
1183 1842 1250 1893 qui
1277 1841 1431 1894 quidem
1456 1841 1567 1879 locus
1594 1850 1691 1891 pars

275 1902 337 1936 est
382 1897 499 1936 hodie
539 1898 649 1936 urbis
679 1909 860 1936 occasum
901 1897 997 1935 solis
1022 1895 1227 1935 hibernum
1272 1899 1467 1946 spectanS‚
1495 1893 1554 1933 sie
1579 1896 1690 1944 post-

273 1951 427 1990 modum
458 1951 570 1989 initio
599 1951 721 1989 seculi
749 1950 953 1999 undecimi,
982 1962 1066 1988 cum
1095 1949 1205 1988 multi
1235 1961 1285 1988 ex
1304 1953 1423 1999 gente
1443 1947 1687 1987 SlavaRau-

273 2004 374 2044 sium
400 2005 582 2044 venerint
601 2004 908 2053 inhabitandum,
931 2003 1107 2054 pomeria
1122 2002 1230 2041 urbis
1257 2001 1562 2053 septentrionem
1592 2011 1688 2038 ver-

273 2070 340 2096 sus
369 2060 645 2110 protulerunt,
675 2059 904 2109 domosque,
928 2057 983 2096 ibi
1019 2061 1331 2103 exstruxerunt3
1400 2054 1438 2093 ui
1463 2055 1574 2093 locus
1602 2065 1689 2092 cum

272 2115 364 2150 tunc
409 2117 514 2151 esset
556 2113 728 2150 silvosus
769 2116 809 2150 et
846 2111 951 2149 silva
993 2110 1128 2149 Slavis
1170 2109 1324 2148 dicatur
1385 2106 1564 2157 uBrava,
1591 2106 1688 2146 urbs

269 2165 460 2205 Rausium
491 2166 541 2206 ab
583 2166 656 2204 illa
682 2169 797 2216 parte
835 2164 943 2203 urbis
972 2168 1065 2202 tunc
1107 2163 1316 2202 aedificata
1346 2174 1489 2201 nomen
1519 2160 1687 2212 sumpsit.

270 2219 483 2271 Slavisque
511 2223 736 2269 nuncupata
765 2222 825 2258 est
850 2215 1120 2262 moranum,-
1152 2217 1257 2267 quod
1290 2216 1446 2267 quidem
1476 2226 1618 2254 nomen
1645 2212 1688 2253 in

268 2272 498 2312 hodiernum
524 2284 648 2324 usque
675 2273 777 2311 diem
805 2275 951 2311 servat.
1007 2275 1180 2309 ceterum
1208 2270 1333 2308 verba
1361 2269 1435 2308 illa
1460 2268 1687 2319 Porphyro-

268 2326 392 2377 geniti
419 2327 603 2366 fortassis
633 2326 825 2377 quispiam
863 2325 920 2364 sic
959 2324 1184 2375 intelliget:
1224 2321 1327 2362 urbs
1357 2320 1565 2362 Rausium
1603 2332 1685 2360 non

268 2379 514 2431 appellatur
526 2377 731 2420 Rausium
747 2377 909 2419 Latina
937 2377 1089 2432 linqua,
1117 2376 1196 2417 sed
1224 2378 1324 2430 quia
1350 2378 1394 2416 in
1423 2374 1535 2415 locis
1558 2385 1687 2426 prac-

268 2436 410 2484 ruptis
436 2435 579 2485 posita
610 2437 698 2481 est;
729 2433 1030 2485 praecipitium
1046 2429 1215 2471 Graece
1242 2433 1422 2470 vocatur
1441 2427 1554 2479 Λαῦ,
1579 2427 1690 2468 unde

266 2486 551 2526 inhabitantes
589 2492 662 2526 etc.
696 2487 809 2538 quasi
846 2486 999 2525 diceres
1039 2497 1180 2524 nomen
1207 2485 1318 2523 urbis
1348 2482 1579 2535 Ragusinae
1605 2493 1689 2520 non

266 2546 328 2579 est
354 2542 596 2590 Romanum,
633 2553 703 2580 seu
731 2553 810 2579 non
838 2544 899 2578 est
926 2551 951 2578 a
972 2539 1125 2579 Latinis
1154 2539 1399 2587 derivatum,
1442 2536 1512 2575 sed
1537 2548 1564 2575 a
1593 2536 1685 2573 loco

265 2599 480 2646 praerupto
517 2594 558 2633 in
595 2606 671 2645 quo
712 2594 790 2633 sita
821 2593 892 2632 'est
920 2605 1060 2632 nomen
1099 2592 1294 2632 Graecum
1330 2590 1505 2643 accepit;
1538 2588 1684 2640 quippe

264 2648 537 2701 praecipitium
566 2648 720 2688 Graece
758 2651 924 2687 vocatur
952 2645 1045 2687 λαῦ.
1115 2645 1278 2695 θωπί,
1297 2645 1400 2685 enim
1441 2642 1683 2684 recentiores
