1780 3132
210 179 266 217 IN
292 174 647 217 CONSTANTlNl
674 173 872 215 PORPH.
900 175 999 214 Lm.
1026 174 1097 213 DE
1122 170 1256 214 ΑΒΜ.
1282 172 1390 213 ΙΜΡ.
1431 167 1521 213 351

92 291 216 344 paulo
244 291 354 330 infra
380 302 455 343 pro
487 283 668 339 εὐλαβής
694 283 891 339 εὕσεβὴςς
924 288 994 328 sed
1027 287 1212 337 fallitur,
1239 298 1328 327 cum
1357 298 1439 327 vox
1470 277 1539 322 εὖ-

92 342 222 396 λαβῆς
249 345 355 398 apud
383 344 601 397 scriptores
614 342 867 385 Christianos
885 343 1026 383 eadem
1052 355 1178 396 saepe
1204 340 1408 395 significat
1435 352 1539 394 quac

90 397 288 452 εὕσεβής,
318 400 504 440 nimirum
530 399 781 453 religiosum
810 409 866 438 ac
895 400 1024 451 pium.

201 469 294 516 150,
325 471 390 506 11.
421 464 622 516 κοντοῧρα
652 469 692 505 et
717 462 923 514 κονδοῦρα
951 476 1078 518 genus
1096 463 1255 516 navigii
1285 463 1390 516 apud
1402 461 1535 504 Croa-

91 526 170 572 tos,
195 522 300 575 quod
328 533 483 574 sagena
511 520 640 560 minus
669 524 754 569 est3
793 518 939 572 quippe
970 531 1163 572 sagenae,
1195 523 1240 559 ut
1269 519 1411 559 scribit
1437 519 1537 558 Por-

89 576 382 630 phyrogenitus
424 576 545 629 paulo
584 575 716 626 infra,
745 577 799 614 40
830 574 942 614 viros
981 575 1133 615 habent
1150 606 1160 625 ‚
1207 574 1411 614 condurae
1437 586 1536 613 vero

91 644 163 673 seu
191 636 407 683 conturae,
439 643 542 684 quae
583 630 758 670 maiores
787 633 903 680 sunt,
931 633 986 669 20
1013 630 1125 671 viros
1155 629 1305 669 habent
1321 660 1332 680 ,
1360 629 1537 669 minores

90 699 189 728 vero
221 691 274 727 10
301 690 468 727 tantum.
500 685 750 726 nostratibus
784 689 917 725 autem
943 685 1019 726 hoc
1046 683 1206 739 navigii
1233 696 1366 738 genus
1394 684 1536 724 etiam-

90 755 184 783 num
208 741 400 795 glandula
426 740 583 782 dicitur.

201 806 310 850 Ibid.
325 809 389 847 15.
478 802 548 845 τὸν
589 801 735 844 κόλπον
771 804 841 856 τῆς
877 803 1117 854 Δελματίας
1160 805 1286 846 maris
1323 805 1535 845 Dalmata-

94 875 182 903 rum
207 861 387 903 meminit
414 861 787 914 Porphyrogenitus
817 864 857 900 et
885 860 928 900 in
960 860 1028 900 avi
1056 861 1154 901 vita.
1212 861 1373 914 quando
1402 864 1535 901 autem

92 930 205 958 mare
234 917 438 968 illyricum
465 929 536 956 seu
567 916 818 956 Adriaticum
850 913 1090 957 Dalmata—i
1119 916 1434 969 appellationem
1465 928 1534 956 ac-

92 972 245 1026 ceperit
276 973 394 1013 docet
420 971 565 1012 Lucius
598 976 621 1011 1
651 975 691 1013 6.

202 1037 312 1080 Ιϋίιί.
342 1042 407 1078 22.
464 1034 690 1089 Βορώσης]
729 1037 861 1090 capite
887 1036 1069 1090 sequenti
1106 1035 1296 1077 scribitur
1330 1031 1534 1086 Βορίσηςς

91 1092 155 1133 ab'
176 1094 268 1134 aliis
296 1105 395 1134 vero
424 1093 654 1145 appellatur
682 1093 852 1133 Vorizes
890 1093 956 1132 vel
993 1092 1216 1132 Burichius.
1274 1093 1373 1133 libet
1401 1096 1533 1133 autem

90 1148 156 1188 hic
180 1161 322 1202 regum
349 1147 571 1200 Bulgariae
600 1152 767 1189 stemma
795 1160 847 1189 ex
861 1147 1210 1200 porphyrogenito
1238 1152 1279 1188 et
1308 1147 1401 1189 aliis
1429 1146 1533 1188 scri-

90 1204 272 1255 ptoribus
299 1203 469 1245 Graecis
498 1203 703 1244 exhibere.

283 1376 426 1411 REGES
455 1376 711 1411 BULGARIAE
738 1377 797 1411 EX
820 1376 1106 1411 AUCTORIBUS
1132 1377 1334 1412 GRAECIS.

409 1535 588 1576 Presian.

140 1628 347 1670 Constant.
410 1668 586 1709 Michaffl
603 1668 776 1709 gomses

411 1799 683 1842 Blastemerus

153 1894 349 1948 Porphyr.
502 1853 512 1930 Ι

414 1931 553 1973 smum
838 2005 860 2012 ,,
1092 2006 1099 2012 ,
1192 1930 1207 2058 3
1244 1964 1450 2006 Cedrenus

413 2016 518 2045 uxor
545 2016 664 2045 soror
695 2005 862 2058 Georgii
898 2004 1103 2045 susurbuh

213 2092 974 2102 —-—-——-——-—-——-———

214 2215 386 2255 loannes
428 2214 572 2255 Petrus
830 2214 1006 2255 michael

431 2280 566 2321 Maria
593 2292 661 2321 ux.
827 2279 1048 2321 Monachus

436 2346 579 2398 Imper.
607 2346 695 2386 filia

316 2453 327 2530 Ι
527 2453 536 2528 Ι

215 2553 378 2595 Borises
434 2555 639 2596 Romanus
667 2554 732 2606 qui
763 2557 803 2593 et

511 2619 675 2662 Simeon
