1780 3132
332 144 387 183 IN
428 141 794 183 SYNECDEMUM
833 139 1276 183 COMMENTARlUs.
1440 136 1533 182 517

89 255 163 308 τῆς
181 253 426 304 Δαμαλίδος
452 267 499 294 τε
526 250 598 293 καί
611 248 751 293 §Ma
775 254 850 293 τοῦ
868 253 1128 307 ἸΙρακλὲους
1153 253 1231 294 τοῦ
1261 247 1538 305 Ἀμφιτρύω-

89 324 170 358 voc.
225 311 277 352 ad
307 312 413 351 hanc
441 311 545 351 enim
572 310 711 351 urbem
740 323 791 351 ea
822 311 1026 363 pertinere
1062 324 1149 351 cum
1181 310 1246 351 Ti.
1275 310 1538 350 Ilemsterhu-

88 367 152 407 sio
179 366 379 415 existimo,
408 379 490 406 non
519 366 572 407 ad
591 366 780 416 Tarsum,
812 378 915 419 quae
940 367 1061 406 Henr.
1081 366 1236 407 Valesii
1264 365 1304 405 in
1334 365 1536 406 Ammian.

90 425 146 463 14
175 425 205 463 8
233 427 324 462 erat
352 421 572 462 sententia:
612 421 691 461 etsi
720 421 824 461 enim
852 420 1050 461 Ammiani
1082 421 1252 462 Sandan
1282 420 1360 460 viri
1388 420 1537 460 doctis-

90 477 181 518 simi
210 477 391 530 opinioni
421 476 712 530 quodammodo
742 476 1032 528 patrocinetur,
1061 477 1197 516 obstat
1223 482 1358 517 tamen
1387 475 1537 517 Dama-

89 532 156 582 lis,
185 543 289 586 quae
316 545 405 573 cum
445 531 588 573 Sanda
627 531 840 572 coniuncta
881 527 1211 579 Δαμαλισανδόν
1252 536 1293 570 et
1330 535 1539 572 contracte

88 584 357 628 Δαλισανδὸν
399 588 570 627 format:
611 599 662 627 ne
698 586 830 627 dicam
859 586 1053 626 Basiliam
1092 585 1216 626 Tarsi
1246 599 1332 626 cum
1360 587 1540 627 meminit

88 654 248 695 semper
274 642 439 683 honoris
467 642 607 683 titulos
635 641 799 692 addere,
830 646 874 681 ut
894 642 973 682 Vit.
992 641 1172 681 Theclae
1202 645 1224 681 1
1254 655 1294 693 p.
1315 643 1399 681 275
1430 638 1539 692 Τάρ-

86 709 160 742 σος
187 694 212 749 ἦ
240 693 360 747 καλή,
391 701 418 737 2
437 701 490 737 10
517 693 542 748 ἦ
570 692 744 748 μεγάλη,
772 701 814 737 et
832 701 885 738 13
913 693 937 746 ἦ
966 692 1109 734 κάλλει
1136 692 1208 734 καί
1231 696 1400 746 μεγέθει
1435 698 1539 745 λαμ-

88 747 176 802 πρὰ
207 749 280 791 καί
307 748 536 801 εὐδαίμων.
608 753 661 793 ad
690 752 790 803 hoc,
837 751 949 792 urbis
987 751 1095 804 apud
1130 750 1324 791 Basiliam
1352 752 1538 792 conditor

93 806 258 848 Saudas
285 807 471 848 Herculis
499 807 606 849 filius
634 807 723 857 fuit,
754 820 842 848 cum
863 806 1064 847 Ammiani
1091 805 1258 846 Sandan
1289 819 1341 847 ex
1369 807 1536 847 Aethio-

83 861 156 915 pia
182 862 237 903 sit
265 864 496 916 profectus,
533 863 598 904 vir
640 863 853 916 opulentus
897 866 937 902 et
964 861 1127 911 nobilis,
1155 865 1196 901 et
1224 862 1410 902 diversae
1442 874 1535 915 pro-

85 921 230 970 pterea
259 918 434 972 originis
461 918 659 959 videatur.
728 918 835 972 quod
863 922 997 959 tamen
1035 929 1185 969 urgere
1213 918 1351 968 nolim,
1378 930 1464 958 cum
1494 918 1537 958 in

86 973 254 1013 heroum
282 986 434 1027 genere
464 986 598 1014 secum
614 973 785 1014 invicem
812 985 935 1026 saepe
953 973 1197 1013 dissentiant
1215 978 1396 1023 veteres;
1427 977 1537 1012 certe

83 1040 167 1068 non
194 1028 419 1070 laudavero
454 1041 530 1070 nec
555 1029 733 1080 Valesii‚
762 1029 831 1083 qui
860 1041 934 1082 pro
963 1040 1024 1069 eae
1052 1024 1310 1080 Aethiopia,
1350 1028 1538 1081 quoniam

85 1083 168 1123 ms's
198 1084 361 1138 quidam
389 1096 450 1125 εει·
478 1080 644 1126 Aee-hio
673 1085 879 1136 scribunt,
910 1096 971 1125 ex
1003 1081 1114 1125 chio
1142 1081 1376 1137 profectus
1403 1095 1537 1123 emen-

85 1137 216 1189 davit,
245 1144 456 1190 conatum,
493 1153 569 1181 nec
599 1141 798 1181 Gronovii
841 1152 902 1182 εει)
932 1137 1158 1181 Μθίαοῆὶο
1187 1140 1254 1180 vel
1283 1137 1534 1180 Metachoio

84 1194 344 1247 corrigentis.
410 1195 571 1236 Sandes
608 1195 714 1236 enim
752 1196 840 1236 sive
882 1196 1076 1236 Hercules
1114 1207 1188 1235 seu
1213 1195 1396 1235 Herculis
1428 1194 1535 1234 filius

82 1250 324 1303 peregrinus
354 1251 443 1301 fuit,
472 1255 512 1291 et
540 1263 593 1292 ex
623 1251 774 1292 ultimis
802 1251 943 1292 Indiae
971 1251 1085 1301 locis,
1115 1263 1235 1304 quam
1264 1263 1352 1291 cum
1367 1249 1534 1292 Aethio-

80 1303 152 1358 pia
178 1318 302 1359 saepe
329 1306 563 1360 permisceri
601 1311 740 1347 notum
771 1311 855 1358 est,
890 1307 932 1347 in
962 1305 1147 1347 Ciliciam
1188 1306 1353 1348 invasit.
1411 1305 1534 1344 doce-

79 1371 171 1400 mur
197 1360 275 1401 hoc
314 1375 340 1402 a
369 1363 514 1403 Nonno
542 1364 598 1403 34
628 1366 737 1411 196,
785 1375 872 1402 cum
901 1362 1156 1409 Morrheum,
1197 1362 1386 1403 Indorum
1419 1360 1534 1413 regis

82 1427 277 1468 generum
313 1421 353 1457 et
382 1417 587 1470 copiarum
613 1418 780 1467 ducem,
827 1417 1012 1458 Ciciliam
1041 1417 1242 1457 domuisse
1272 1430 1320 1457 ac
1350 1416 1532 1459 sanciam

78 1470 180 1511 inibi
208 1472 408 1525 appellari
439 1473 650 1526 perhibet:
681 1467 780 1511 ὅθεν
795 1471 983 1514 Κιλίκων
1009 1468 1073 1510 ἐνὶ
1099 1471 1198 1527 γαίῃ
1214 1468 1372 1524 Σάνδης
1394 1471 1534 1524 Ἡρα-

78 1525 199 1576 κλέης
229 1522 492 1579 κικλήσκεται
520 1527 650 1567 εἰσέτι
682 1523 911 1579 Μόρρευς,
941 1528 1029 1578 ubi,
1055 1531 1099 1567 ut
1135 1541 1161 1568 a
1193 1529 1425 1569 doctissimo
1454 1528 1533 1570 Cu-

80 1593 186 1622 naeo
217 1581 310 1636 quid
339 1586 587 1633 mutaretur,
628 1583 730 1624 nihil
759 1585 894 1624 fuerat
920 1595 1111 1633 necesse,
1145 1584 1204 1624 uti
1235 1596 1310 1623 nec
1343 1585 1395 1624 ab
1428 1585 1532 1625 Har-

81 1635 205 1678 duino
232 1638 275 1678 in
307 1638 430 1679 Plinii
456 1643 484 1679 6
510 1643 588 1680 20:
618 1638 740 1679 Indus
770 1639 877 1679 enim
902 1638 1060 1690 fluvius,
1089 1639 1232 1679 incolis
1260 1638 1423 1679 Sandus
1453 1654 1530 1692 ap-

82 1692 272 1744 pellatus,
302 1694 465 1734 Herculi
490 1694 583 1735 huic
605 1694 741 1735 Indico
781 1694 942 1734 videtur
966 1693 1109 1735 merito
1137 1694 1399 1747 cognominis.
1455 1707 1532 1735 nec

81 1747 193 1787 Indis
232 1753 391 1790 tantum
421 1749 580 1791 Sandes
620 1750 661 1790 in
686 1750 841 1790 honore
873 1754 980 1796 erat,
1012 1761 1151 1789 verum
1182 1754 1222 1789 et
1250 1750 1398 1798 Persis,
1429 1762 1531 1803 quos

83 1801 306 1856 Agatffias,
335 1805 448 1845 cuius
475 1805 572 1845 mihi
615 1806 805 1846 indicium
840 1805 937 1844 fecit
963 1805 1288 1845 flemsterhusius
1315 1809 1470 1855 noster,
1500 1810 1532 1846 2

82 1869 123 1910 p.
141 1863 198 1898 62
231 1860 444 1900 Herculem
480 1861 646 1901 Sanden
682 1873 914 1913 nuncupare
955 1860 1209 1901 testificatur.
1274 1860 1410 1914 itaque
1438 1861 1474 1901 si
1502 1874 1530 1902 a

10 1943 12 1945 »
82 1914 296 1956 Damalide
323 1919 363 1956 et
378 1915 519 1957 Sanda
536 1916 783 1956 Dalisandus
806 1917 872 1965 sit,
900 1915 972 1956 vix
1001 1915 1097 1956 mihi
1126 1915 1365 1967 persuaderi
1392 1916 1529 1969 patior

79 1966 339 2010 Λαλίσοινδα
367 1972 505 2012 urbem
535 1972 672 2022 fuisse,
702 1972 863 2012 tametsi
894 1976 1037 2012 testem
1070 1971 1164 2011 citet
1182 1971 1417 2023 Stephanus
1449 1971 1529 2013 Ca-

79 2023 258 2077 pitonem
283 2027 313 2067 1.
344 2030 368 2067 1
400 2027 681 2079 1sauricorum,
711 2039 886 2081 unquam
914 2027 1073 2067 dictam.
1131 2028 1228 2067 novi
1261 2027 1356 2079 quid
1385 2028 1529 2069 Victo-

82 2079 196 2120 rinus
220 2081 447 2123 Grammat.
478 2096 516 2136 p.
533 2087 655 2133 2470,
686 2083 780 2136 quid
809 2083 881 2123 alii
909 2083 958 2121 de
980 2083 1027 2121 Λ
1043 2086 1082 2121 et
1100 2083 1143 2122 A
1166 2083 1273 2122 inter
1299 2095 1389 2122 sese
1422 2096 1529 2123 com-

80 2136 246 2176 mutatis
274 2138 530 2191 scripserint:
578 2139 650 2179 sed
679 2139 764 2179 alia
791 2139 856 2178 hic
898 2143 938 2177 et
963 2138 1087 2177 multo
1118 2138 1282 2177 diversa
1311 2143 1372 2178 est
1395 2139 1530 2180 ratio:

77 2202 209 2244 neque
236 2192 340 2234 enim
368 2194 557 2234 Damalin
588 2198 629 2233 et
647 2194 832 2234 Lamalin
861 2193 1015 2233 dixisse
1043 2193 1236 2233 credibile
1263 2197 1337 2232 est.
1393 2195 1533 2247 potius

77 2246 261 2287 arbitror
286 2248 329 2288 in
359 2248 569 2301 Capitonis
595 2250 786 2289 Isauricis
824 2249 1143 2288 conformatione
1172 2249 1384 2289 literarum
1413 2250 1463 2289 Λ
1487 2254 1529 2290 et

78 2300 122 2341 Δ
145 2314 308 2342 errasse
336 2304 541 2355 librarios,
573 2317 700 2357 eaque
726 2304 886 2344 ratione
907 2302 1158 2342 Λαλίσανδα
1189 2316 1278 2343 esse
1307 2308 1417 2344 nata.

188 2361 284 2407 397,
315 2362 382 2400 23,
450 2358 490 2396 Γ
488 2355 821 2408 ερμανικόηολις]
855 2359 961 2399 inter
998 2359 1181 2399 Isauriae
1207 2360 1531 2412 mediterraneas

77 2409 370 2454 constantinus
400 2414 426 2453 l.
447 2418 470 2453 1
496 2415 637 2455 Thcm.
656 2418 709 2455 13
734 2415 858 2454 locat.
879 2412 919 2452 Γ
917 2409 1267 2466 ερμανικοόπολις
1292 2414 1364 2466 τῆς
1390 2412 1529 2455 Ἰσαυ-

79 2465 174 2517 ριἀς
202 2469 345 2510 concil.
377 2468 624 2511 Chalcedon.
659 2472 809 2521 p·659-

192 2519 301 2563 Ibid.
361 2521 649 2574 Εἰρηνόηολις]
695 2525 981 2577 distinguenda
1028 2525 1129 2565 haec
1168 2530 1231 2565 est
1264 2525 1316 2565 ab
1353 2525 1530 2565 eiusdem

74 2575 248 2618 nominis
275 2578 317 2618 in
346 2578 493 2621 Cilicia
528 2580 705 2620 secunda
736 2581 856 2629 urbe,
893 2585 938 2620 ut
963 2581 1145 2620 studiose
1173 2582 1218 2620 fit
1249 2581 1290 2621 iu
1324 2581 1525 2621 Constan-

76 2631 203 2685 tinop.
234 2634 409 2674 secundo
440 2648 477 2686 p.
499 2639 582 2675 670
614 2640 654 2674 et
670 2639 776 2676 671:
807 2647 899 2676 nam
927 2640 967 2675 et
995 2636 1160 2675 Paullus
1188 2631 1533 2687 Είρηνο-υπόλεως

73 2685 144 2738 τῆς
171 2686 374 2741 δευτέρας
410 2689 494 2729 τῶν
522 2689 707 2729 Κιλίκων
736 2690 966 2743 ἐπαρχίας,
1008 2695 1049 2732 et
1089 2690 1294 2743 Georgius
1326 2690 1529 2742 Ea‘pqvou-
