1780 3132
247 133 307 177 10
559 135 638 175 EX
670 134 930 177 BANDURII
962 122 1351 180 PRAEFATIONE.'

350 239 455 281 Parte
491 248 606 281 autem
644 238 797 280 secunda
832 240 984 282 habetur
1012 242 1171 295 inprimis
1199 244 1293 284 liber
1322 243 1539 284 Constantini
1566 245 1655 285 Por·

239 310 470 365 phyrogeniti
514 310 559 350 ad
604 311 796 351 Romanum
842 309 968 357 filium
1021 311 1080 364 qui
1125 313 1266 366 quidem
1303 329 1325 353 a
1361 313 1522 354 Meursio
1556 314 1656 354 titulo

241 381 289 417 de
323 382 630 418 administrando
662 383 820 431 imperio
851 379 1011 419 donatur.
1067 380 1103 420 in
1139 381 1210 421 hoc
1246 390 1362 422 autem
1398 395 1532 436 opere,
1575 383 1656 424 dum

239 446 381 500 imperii
403 448 595 502 prudenter
611 449 875 491 administrandi
892 449 1066 489 rationem
1085 449 1297 503 praescribit
1315 449 1656 506 l’orphyrogenssm,

240 515 467 568 plurimarum
515 519 672 573 gentium
716 534 808 573 quae
846 518 1035 571 cpolitano
1072 519 1225 573 imperio
1263 519 1508 560 formidabiles
1543 530 1655 571 erant,

237 583 529 626 Patzinacitarum
565 587 754 628 Bassorum
789 587 1026 643 Bulgarorum
1054 587 1249 627 'furcarum
1282 588 1540 631 Saracenorum
1571 592 1657 632 Dal-

240 662 408 694 matarum
446 655 706 697 Chrobatorum
740 657 930 698 Slavorum
966 658 1185 698 Francorum
1220 656 1385 698 Italorum
1423 666 1459 700 et
1495 659 1656 709 aliorum,

237 732 352 763 terras
376 725 537 779 origines
559 740 679 766 mores
703 734 738 767 et
762 733 865 781 gesta
891 725 1072 773 describit,
1103 726 1150 766 ita
1174 733 1210 766 ut
1233 726 1268 765 in
1293 740 1340 766 eo
1363 742 1530 768 summam
1553 730 1660 769 totius

238 792 402 847 imperii,
444 794 620 835 sociorum
644 798 797 837 omnium
821 795 990 843 foedera,
1031 795 1183 835 hostium
1206 796 1305 836 vires
1328 796 1486 837 rationes
1509 798 1657 838 consilia

236 862 489 916 explicaverit;
529 872 635 918 atque
671 865 764 906 adeo
802 865 924 918 operis
959 864 1061 904 huius
1091 872 1334 918 argumentum
1355 874 1426 906 tam
1453 865 1657 908 historicum

235 945 338 985 quam
364 931 542 982 politicum
568 942 640 980 est,
667 942 702 973 ut
724 935 802 987 ipse
824 934 860 973 in
880 933 1068 986 prooemio
1089 932 1194 973 docet
1215 932 1471 974 Constantinus,
1525 937 1661 990 prodiit

235 999 386 1053 primum
422 999 492 1041 hoc
529 1015 618 1056 opus
655 1002 799 1043 Graece
823 1011 860 1043 et
882 1003 1010 1043 Latine
1039 1003 1234 1055 interprete
1258 1000 1310 1041 lo,
1334 1000 1496 1044 Meursio
1521 1012 1556 1045 et
1579 1021 1658 1047 cum

237 1069 313 1109 eius
354 1070 444 1109 notis
485 1071 737 1120 brevioribus,
783 1072 947 1127 Lugduni
984 1072 1220 1116 Batavorum,
1262 1069 1315 1110 lo,
1352 1070 1515 1112 Balduini
1550 1075 1656 1129 typis,

235 1138 323 1178 Lud.
350 1139 522 1180 Elzevirii
547 1141 736 1194 impensiS‚
766 1157 799 1183 a.
826 1146 955 1190 1617,
984 1142 1021 1182 in
1045 1144 1082 1183 8.
1139 1154 1244 1194 quam
1267 1146 1383 1179 autem
1407 1141 1486 1193 ipse
1509 1156 1658 1195 operam

234 1206 463 1248 Constantino
491 1209 697 1250 navaverim
722 1211 758 1250 in
781 1211 850 1252 hac
873 1226 966 1253 nova
992 1211 1169 1256 editione,
1199 1208 1284 1249 licet
1308 1207 1448 1261 planum
1470 1210 1516 1250 sit
1540 1211 1574 1252 ei
1599 1213 1657 1266 qui

232 1283 414 1331 utramque
450 1277 604 1318 invicem
641 1280 849 1327 contulerit,
886 1279 1048 1320 breviter
1083 1286 1201 1318 tamen
1238 1290 1427 1331 exponam.
1490 1280 1659 1333 inprimis

232 1352 363 1386 textum
401 1345 579 1387 Graecum
615 1349 745 1390 contuli
779 1363 859 1390 cum
891 1347 1017 1389 codice
1040 1363 1093 1387 ms
1116 1347 1391 1388 membranaceo
1414 1346 1659 1390 bibliothecae

232 1415 391 1469 Regiae,
416 1416 573 1469 optimae
592 1426 718 1466 notae,
757 1434 792 1461 n.
816 1421 944 1466 2661,
983 1431 1087 1471 quem
1112 1417 1212 1456 annis
1236 1415 1367 1455 abhinc
1391 1417 1536 1458 circiter
1559 1419 1655 1471 quin·

230 1485 350 1537 gentis
384 1485 551 1539 scriptum
585 1485 694 1526 fuisse
723 1487 829 1528 aiunt.
886 1485 1160 1528 innumerabiles
1184 1485 1349 1532 mendae,
1388 1485 1513 1539 quibus
1535 1486 1657 1527 Meur-

229 1554 331 1594 siaua
361 1554 471 1594 editio
498 1555 651 1609 undique
675 1556 855 1605 scatebat,
897 1556 1115 1601 sustulimus;
1156 1553 1236 1594 loca
1267 1562 1434 1608 corrupta
1457 1570 1502 1595 ac
1523 1556 1655 1605 mutila,

229 1637 321 1678 quae
345 1623 499 1677 plurima
523 1632 623 1664 erant
646 1625 683 1666 in
706 1633 803 1666 textu
828 1625 972 1666 Graeco
996 1625 1115 1672 edito,
1141 1637 1187 1664 ex
1211 1623 1340 1663 eodem
1362 1638 1416 1663 ms
1439 1624 1558 1678 Regio
1579 1639 1656 1665 sar-

228 1692 388 1733 civimus.
462 1701 656 1747 praeterea
693 1702 797 1750 caput
821 1696 873 1738 23
898 1693 945 1734 de
968 1693 1090 1733 Iberia
1118 1701 1154 1733 et
1180 1691 1233 1735 24
1257 1691 1303 1733 de
1325 1693 1496 1746 Hispania
1511 1725 1520 1740 ‚
1564 1708 1657 1748 quae

228 1759 409 1801 Meursius
432 1769 554 1815 utpote
577 1762 680 1803 nimis
703 1771 892 1818 corrupta,
931 1770 968 1804 ut
991 1762 1070 1817 ipse
1094 1763 1131 1802 in
1154 1763 1247 1802 notis
1270 1762 1340 1810 ait,
1378 1762 1456 1802 sine
1479 1761 1656 1816 interpre-

228 1831 362 1870 tatione
411 1830 540 1871 Latina
588 1831 806 1885 reliquerat,
857 1832 986 1871 Latina
1031 1830 1190 1870 fecimus.
1264 1830 1418 1885 denique
1453 1831 1655 1871 versionem

227 1899 332 1938 totius
368 1897 452 1939 libri
486 1899 603 1940 multis
639 1899 676 1940 in
712 1900 804 1940 loeis
841 1899 1106 1940 emendavimus
1132 1899 1319 1947 auximus,
1352 1905 1530 1953 totumque
1566 1913 1656 1954 opus

227 1967 594 2008 animadversionibus
630 1968 887 2011 illustravimus.
964 1968 1083 2023 quanti
1123 1975 1239 2007 autem
1275 1966 1474 2007 faciendum
1506 1967 1551 2008 sit
1584 1968 1656 2008 hoc

225 2036 528 2092 porphyrogeniti
552 2052 662 2092 opus,
698 2039 734 2079 in
758 2053 829 2093 quo
852 2037 1002 2093 plurima
1027 2036 1203 2077 habentur
1225 2034 1405 2076 historicis
1428 2051 1473 2076 ac
1495 2046 1654 2091 geogra-

227 2105 309 2159 phis
332 2106 392 2146 vel
416 2107 540 2161 ignota
564 2107 623 2147 vel
647 2108 692 2148 ab
719 2109 774 2150 eis
796 2107 937 2150 silentio
965 2106 1240 2160 praetermissa,
1279 2119 1384 2146 nemo
1420 2105 1479 2147 vel
1515 2105 1653 2146 medio-

229 2175 337 2216 criter
360 2175 483 2216 doetus
507 2177 662 2231 ignorat.

1772 206 1780 257 l
