1780 3132
325 156 418 205 324
640 161 895 202 BANDURu
943 161 1436 205 ANJMADvEnsioNEs

435 274 621 322 105,11.
652 272 795 319 κρατεῖ
810 269 882 319 τῆς
910 268 1040 321 ἀρχῆς
1056 269 1210 321 Maoov
1201 276 1289 322 αμ]
1317 279 1468 314 mortuo
1495 275 1596 315 lsam
1614 274 1731 316 Valid

328 327 501 367 Arabum
533 326 715 376 princeps
755 330 981 364 numeratur
1017 338 1042 364 a
1071 326 1324 378 Theophane,
1352 329 1416 380 qui
1443 341 1586 368 annum
1611 342 1731 370 unum

326 383 362 421 ei
395 379 597 420 adscribit.
654 378 744 417 vide
768 378 1047 430 Theophanem
1078 380 1130 419 ad
1158 393 1300 420 annum
1329 385 1357 421 3
1385 381 1631 424 Constantini
1656 383 1734 424 Co-

351 433 514 482 ronymi.

324 448 348 487 P
432 485 631 525 [bid-12.
685 482 881 547 ’ᾼβδελάς
907 497 968 530 τις
992 485 1073 522 τῶν
1098 481 1284 535 Ἀράβων
1311 484 1441 536 ἀρχῆς
1466 483 1602 538 κύριος
1627 489 1734 539 γίνε-

324 552 390 577 ται
417 538 487 576 καί
512 541 657 599 noaret
678 534 748 589 ἐτη
775 535 861 588 κοί]
902 540 1164 590 Theophanes
1202 544 1293 592 post
1329 541 1510 581 Maruam
1549 542 1732 583 Mnamed

324 596 515 641 recenset,
545 592 656 643 eique
685 605 810 632 anuos
839 596 867 633 5
895 594 1095 643 attribuit,
1127 597 1170 632 ut
1198 597 1310 646 patet
1336 607 1388 635 ex
1411 595 1459 634 iis
1486 606 1588 648 quae
1613 596 1733 637 habet

325 647 376 686 ad
400 658 543 686 annum
582 648 634 684 14
662 646 912 686 Constantini
952 646 1202 698 copronymi.
1266 660 1473 700 perperam
1504 661 1600 688 vero
1627 650 1731 689 eius-

323 701 411 739 dem
439 699 599 739 tabulae
631 700 706 751 ipsi
733 700 915 740 Muamed
942 713 1067 740 annos
1097 705 1124 741 9
1153 701 1393 742 adscribunt.
1422 702 1492 742 sed
1518 702 1560 742 in
1589 703 1735 743 tabulis

325 753 538 805 praedictis
566 753 715 792 numeri
736 766 926 794 annorum
947 754 1090 805 passim
1117 756 1290 807 corrupti
1318 760 1547 796 occurrunt:
1577 755 1666 796 hinc
1691 757 1736 796 fit

325 812 370 846 ut
393 807 635 846 recentiores
652 807 906 847 historiarum
923 808 1148 859 scriptores,
1176 809 1264 848 dum
1283 810 1440 849 tabulas
1465 810 1559 850 illas
1586 813 1738 850 tantum

326 862 536 900 consulunt
565 865 604 899 et
634 874 712 900 non
740 861 994 913 Theophanis
1025 866 1194 912 textum,
1220 863 1365 913 passim
1395 863 1436 902 in
1464 875 1640 903 errorem
1666 863 1734 903 de-

324 916 516 954 ferantur.
575 918 745 953 ceterum
767 915 943 955 Abdelas
983 915 1046 954 hic
1074 916 1202 955 frater
1238 916 1314 955 fuit
1339 917 1533 968 Muamed,
1562 921 1606 956 ut
1633 917 1735 958 scri-

325 969 381 1007 bit
409 969 686 1020 Theophanes,
713 969 778 1020 qui
807 980 932 1008 annos
963 969 999 1008 ei
1034 969 1275 1020 principatus
1306 973 1356 1009 21
1385 971 1577 1022 assignat.
1635 971 1733 1010 obiit

324 1023 359 1061 is
391 1023 526 1061 eodem
557 1034 689 1061 mense
717 1034 792 1073 quo
813 1023 955 1074 impius
970 1022 1253 1074 Copronymus,
1280 1027 1323 1062 ut
1351 1024 1475 1064 tradit
1502 1024 1605 1065 idem
1631 1024 1730 1064 scri-

322 1081 414 1127 ptor
440 1089 477 1115 a.
508 1078 562 1115 35
593 1076 676 1115 eius
704 1075 887 1128 Augusti.

430 1140 537 1181 Ibid.
573 1143 635 1179 14.
693 1137 839 1185 Μαδίς
866 1141 1009 1181 dicitur
1038 1144 1076 1179 et
1100 1140 1346 1204 Theophani,
1375 1140 1441 1194 qui
1470 1141 1632 1183 totidem
1659 1141 1733 1193 ipsi
1761 1148 1764 1152 ·

326 1207 451 1235 annos
481 1194 685 1234 adtribuit.
741 1194 782 1232 in
811 1195 926 1234 editis
957 1195 1108 1246 legitur
1137 1191 1304 1246 Μάδης.

432 1258 542 1299 Ibid.
572 1260 634 1298 15.
701 1255 862 1308 Ἀαρών
890 1258 968 1311 τις]
1016 1272 1052 1299 a.
1083 1261 1109 1298 4
1134 1260 1269 1298 Irenes
1298 1263 1337 1298 et
1361 1258 1610 1300 Constantini
1635 1257 1734 1299 obiit

327 1314 465 1353 Mades
494 1326 563 1352 seu
592 1313 712 1361 Madi,
743 1317 782 1351 et
810 1313 932 1364 ipsius
967 1313 1071 1352 filius
1101 1314 1230 1352 Moses
1255 1313 1515 1365 principatum
1545 1313 1733 1360 obtinuit3

329 1369 394 1420 qui
422 1379 506 1406 cum
537 1367 770 1418 imperasset
805 1379 948 1406 aunum
984 1367 1142 1406 circiter
1178 1379 1294 1406 unum
1323 1367 1438 1417 obiit,
1473 1367 1576 1407 etin
1604 1366 1734 1405 locum

327 1424 470 1514 Aaront
495 1423 622 1513 {rater-
649 1420 831 1459 suffectus
860 1424 931 1459 est.
998 1421 1087 1460 vide
1115 1420 1396 1472 Theophanem
1423 1433 1460 1462 a.
1485 1425 1514 1461 6
1540 1420 1736 1461 Constan-

330 1482 401 1514 tini
431 1488 451 1513 e
515 1486 643 1513 renes.
1753 1478 1764 1485 -

437 1538 620 1579 Ibid.17.
677 1531 802 1588 ἤγουν
831 1538 903 1589 τῆς
931 1536 1012 1576 τῶν
1034 1533 1263 1586 Ῥωμαίων]
1294 1549 1475 1578 numerus
1489 1537 1638 1589 primus
1665 1548 1737 1576 an-

328 1605 467 1633 norum
493 1594 544 1633 ab
575 1593 672 1631 orbe
701 1593 858 1632 condito
886 1593 927 1632 in
951 1592 983 1631 B
1015 1592 1184 1632 habetur
1211 1592 1383 1644 margini
1409 1591 1629 1642 adscriptus
1655 1590 1739 1630 alia

328 1660 447 1687 manu
491 1651 529 1685 et
561 1646 693 1685 rubris
735 1646 883 1686 literis:
927 1646 1093 1685 habetur
1131 1651 1170 1685 et
1198 1645 1465 1685 interlinearis
1485 1675 1496 1695 ,
1523 1645 1593 1684 sed
1620 1656 1740 1684 manu

330 1700 539 1740 admodum
578 1700 740 1739 recenti.
796 1699 907 1751 atqui
941 1710 1046 1738 mors
1082 1699 1255 1739 Aaronis
1283 1699 1456 1739 Arabum
1482 1697 1673 1750 principis
1701 1701 1741 1736 et

331 1754 534 1793 dissidium
565 1753 664 1792 illud
695 1754 800 1793 inter
824 1753 978 1793 Arabes
1007 1765 1132 1805 neque
1170 1753 1241 1792 sub
1271 1752 1532 1792 Constantino
1559 1755 1600 1791 et
1626 1753 1740 1790 Irene

332 1820 457 1860 neque
483 1820 520 1848 a.
549 1810 657 1847 6288
694 1808 744 1846 ab
771 1807 867 1847 orbe
909 1807 1066 1846 condito
1097 1807 1252 1857 accidit,
1279 1807 1347 1846 sed
1376 1818 1412 1846 a.
1442 1809 1468 1845 ⁷
1492 1806 1647 1857 imperii
1671 1805 1741 1845 Ni-

333 1862 496 1913 cephori
524 1861 757 1910 Generalis,
785 1861 879 1900 Chr.
907 1864 1012 1912 808,
1041 1864 1084 1899 ut
1111 1861 1231 1900 hahet
1259 1859 1519 1911 Theophanes
1550 1860 1626 1899 hoc
1654 1859 1741 1911 ipso

333 1928 451 1965 anuo,
478 1915 545 1968 qui
585 1927 669 1954 rem
708 1891 832 1954 to'tam
859 1915 999 1954 iisdem
1029 1916 1151 1954 ferme
1194 1915 1325 1954 verbis
1350 1915 1496 1962 refert3
1524 1913 1628 1952 unde
1653 1913 1742 1952 loco

334 1972 468 2008 Irenes
497 1973 537 2008 et
565 1968 814 2008 Constantini
845 1968 1091 2008 scribendum
1125 1971 1186 2007 est
1213 1967 1421 2019 Nicephori
1452 1967 1674 2014 Generalis,
1704 1971 1744 2006 et·

335 2035 462 2063 annus
492 2023 542 2063 ab
571 2023 667 2062 orbe
698 2023 856 2062 condito
885 2022 1133 2072 reponendus
1159 2023 1225 2061 vel
1244 2026 1360 2073 prout
1387 2024 1586 2072 computat
1611 2020 1743 2059 Theo-

336 2078 501 2128 phanum,
530 2076 709 2116 nimirum
736 2073 841 2129 ςτοί,
883 2080 1009 2126 6301,
1039 2076 1105 2116 vel
1136 2080 1178 2115 ut
1204 2077 1411 2116 numerant
1435 2074 1581 2114 Graeci
1607 2085 1746 2114 recen-

335 2131 471 2181 tiores,
501 2127 619 2183 ςτις’,
643 2133 762 2170 6316.

446 2199 538 2245 106,
567 2197 606 2235 8.
664 2192 842 2243 λαυρῶν]
873 2194 964 2247 quid
990 2195 1142 2241 laurae,
1170 2197 1209 2232 et
1234 2193 1427 2245 quodnam
1453 2191 1663 2232 discrimen
1686 2190 1748 2231 in-

339 2253 402 2342 gli·
429 2250 566 2289 lauras
598 2252 637 2288 et
655 2247 876 2300 coenobia,
904 2248 1081 2300 pluribus
1114 2248 1228 2286 docet
1255 2246 1482 2299 Ducangius
1509 2247 1552 2286 in
1581 2249 1748 2298 utroque

396 2303 561 2343 ossario.

449 2366 557 2407 Ibid.
588 2371 626 2407 9.
683 2367 742 2406 De
771 2366 985 2407 Charitone
1004 2366 1329 2406 monasteriorum
1360 2368 1400 2404 et
1428 2365 1629 2404 laurarum
1654 2375 1747 2402 con-

342 2422 483 2469 ditore,
510 2421 625 2461 Pauli
655 2421 841 2460 eremitae
858 2421 1081 2484 discipulo,
1108 2421 1312 2459 Menaeum
1345 2418 1588 2470 Septembris
1615 2420 1680 2456 28.
1709 2417 1749 2456 in

341 2475 586 2526 Anthologio
600 2475 785 2514 Arcudii:
814 2470 942 2517 αυτὸς
969 2471 1014 2510 δὲ
1042 2471 1086 2510 τὸ
1115 2470 1313 2534 σπήὶαιον
1339 2471 1552 2522 ἐκκλησίαν
1579 2466 1751 2519 ποιήσας

342 2527 412 2566 καί
437 2528 592 2577 πλῆθος
616 2526 809 2577 μοναχῶν
834 2522 1074 2576 συναγαγών
1102 2525 1158 2570 εἷς
1188 2522 1314 2576 μονὴν
1333 2523 1666 2574 ἀποκατέστησεν.
1693 2523 1754 2562 vi·

345 2583 405 2622 xit
442 2581 506 2620 hic
544 2582 707 2621 Charito
746 2581 985 2633 temporibus
1028 2581 1278 2632 imperatoris
1313 2579 1538 2628 Aureliani,
1566 2578 1756 2628 huiusque

346 2634 482 2687 λαῦρα
514 2631 668 2674 παλαιοὶ
697 2636 842 2676 citatur
868 2648 892 2676 a
911 2635 1087 2688 Georgio
1102 2634 1160 2685 S)
1163 2635 1290 2674 ucello
1318 2634 1359 2674 in
1378 2632 1571 2674 Chronico
1596 2645 1635 2684 p.
1658 2634 1748 2680 107,
