1780 3132
247 163 301 201 lN
329 158 683 201 CONSTANTINI
711 158 908 199 PORPH.
936 158 1036 197 Lm.
1063 157 1133 196 DE
1158 154 1418 196 ADM..1MP.
1466 147 1558 192 367

230 275 322 325 164,
350 277 390 315 3.
449 268 641 326 Βράτζης
682 274 826 314 Latine
856 269 1063 321 Brachia,
1092 270 1220 312 Slave
1247 266 1382 312 Brac.

227 336 336 381 Ibid.
365 341 404 380 5.
462 335 619 392 Χόαρα
645 339 838 380 Antonini
878 340 919 380 in
946 338 1156 380 itinerario
1187 336 1319 378 Corra
1347 334 1504 375 dicitur.

226 403 335 448 lbid.
381 399 470 459 Ἴης
500 408 646 448 Latine
674 405 801 457 Issa,
829 405 957 447 slave
989 417 1086 446 vero
1122 401 1217 446 Wis
1243 406 1506 456 nuncupatur.

227 471 336 514 1bid.
395 469 621 525 Λάστοβον
648 473 848 527 Stephani
867 472 1056 521 Ladesta,
1073 471 1175 512 Tab.
1198 471 1309 511 Peut.
1338 466 1559 510 Ladestris.

116 528 260 571 Latine
302 526 575 570 Laude-§tina
617 529 786 580 dicitur,
825 527 953 569 Slave
980 539 1079 568 vero
1111 524 1329 574 Lastovo;
1367 527 1562 578 paretque

118 585 178 626 rei
207 584 394 638 publicae
420 585 667 638 Ragusinae.
725 586 777 626 cf.
807 585 954 626 Lucius
984 597 1023 636 p.
1053 585 1119 623 49.

226 650 336 693 Ibid.
361 654 401 693 S.
459 652 749 702 Patzinacitae‚
777 651 844 704 qui
874 655 914 690 et
941 649 1196 697 Patzinacae‚
1224 659 1250 687 a
1274 645 1471 699 principio
1500 644 1561 685 in-

116 707 327 747 coluerunt
351 706 558 760 antiquam
585 719 850 760 magnamque
878 705 1114 759 Bulgariam
1148 703 1257 743 circa
1284 702 1442 764 flumen·
1458 697 1562 741 Atel

115 762 264 802 dictum
280 794 291 811 ,
319 762 423 815 quod
456 762 694 815 Theophani
721 758 870 803 Atalis
905 761 1052 801 dicitur
1079 763 1119 799 et
1146 757 1258 800 Edel
1276 758 1504 805 Tartame,
1537 768 1563 796 a

115 817 285 858 Rutenis
312 829 411 857 vero
450 814 586 871 Volya
614 830 687 857 seu
713 818 866 870 Wolga
894 816 1145 869 appellatur,
1174 814 1270 854 olim
1299 809 1395 853 Rha
1423 812 1560 851 Ptole-

115 885 254 913 maeo:
283 873 534 925 postmodum
558 885 655 913 vero
682 873 802 913 iidem
832 871 1110 912 Patzinacitae
1153 875 1268 910 trans
1296 869 1445 908 Istrum
1472 868 1562 919 pla-

115 928 233 968 nities
272 928 525 968 incoluerunt
565 941 591 969 a
625 928 877 978 Borysthene
916 927 1040 967 fluvio
1079 926 1132 966 ad
1161 924 1411 966 Pannoniam
1438 934 1562 976 usque

113 986 335 1036 porrectas.
403 984 454 1023 de
494 984 610 1024 huius
638 989 771 1025 autem
814 983 996 1035 regionis
1038 981 1182 1021 incolis
1222 978 1484 1021 Patzinacitis
1522 982 1562 1017 et

115 1038 303 1092 gentibus
347 1038 448 1091 ipsis
487 1040 744 1080 conterminis
785 1038 966 1092 pluribus
1006 1036 1094 1090 agit
1129 1036 1304 1089 scriptor
1341 1039 1481 1074 noster
1519 1033 1562 1073 in

118 1093 316 1147 principio
344 1093 463 1134 huius
491 1095 626 1148 operis
646 1126 656 1145 ‚
683 1099 723 1134 et
761 1094 870 1134 infra
898 1105 932 1134 c.
962 1095 1016 1133 42
1031 1121 1042 1140 ,
1084 1092 1152 1133 ubi
1181 1090 1374 1132 terminos
1397 1089 1561 1129 illarum

113 1149 294 1201 gentium
314 1149 512 1202 assignat.
568 1150 846 1191 Patzinacitae
866 1160 965 1190 vero
993 1147 1287 1202 quamplurima
1313 1146 1421 1186 bella
1442 1145 1560 1186 varia

114 1207 278 1245 fortuna
308 1210 522 1258 gesserunt
549 1208 632 1247 tam
659 1219 748 1246 cum
774 1205 966 1246 Romanis
998 1215 1117 1257 quam
1147 1215 1236 1244 cum
1264 1201 1358 1243 aliis
1385 1199 1559 1240 nationi-

114 1259 216 1309 bus3
251 1260 412 1300 tandem
444 1261 592 1301 devicti
637 1262 752 1301 fuere
781 1273 807 1301 a
846 1261 997 1300 Ioanne
1029 1258 1246 1308 comneno,
1277 1257 1344 1311 qui
1372 1256 1413 1295 in
1443 1255 1561 1296 huius

113 1314 310 1355 victoriae
350 1316 582 1356 memoriam
624 1317 727 1356 diem
757 1317 903 1356 festum
930 1314 1127 1364 instituit,
1157 1326 1272 1366 quem
1300 1311 1459 1366 quidem
1488 1307 1561 1361 τὴν

113 1369 198 1408 τῶν
234 1365 514 1419 narrantum
553 1367 717 1423 τελετὴν
753 1371 1028 1424 nuncupavit,
1072 1374 1118 1409 ut
1162 1368 1305 1409 scribit
1341 1366 1560 1408 Choniates

113 1437 153 1477 p.
184 1428 238 1466 23
265 1429 304 1466 2.
361 1426 670 1467 Patzinacarum
710 1431 843 1467 autem
873 1438 1018 1466 nomen
1059 1437 1111 1465 ex
1142 1424 1311 1465 Russico
1344 1423 1409 1463 vel
1441 1422 1561 1462 Polo-

114 1480 204 1520 nico
231 1481 564 1535 Pyeczinigorum
591 1483 841 1535 desumptum
872 1482 1012 1522 scribit
1043 1480 1220 1520 Allutius
1250 1484 1290 1519 et
1321 1491 1373 1519 ex
1402 1490 1450 1517 eo
1481 1478 1560 1517 Lu-

113 1535 198 1576 cius
214 1539 243 1576 6
260 1537 301 1588 5,
329 1536 398 1577 ubi
427 1537 486 1578 ait
510 1537 764 1589 Patzinacas,
797 1550 869 1578 seu
889 1535 1166 1578 Patzinacitas
1195 1534 1445 1589 postmodum
1463 1534 1563 1574 vla-

112 1590 188 1631 hos
213 1592 441 1644 appellatos
466 1593 602 1633 fuisse.

128 1696 130 1698 μ
223 1644 333 1687 Ibid.
366 1652 430 1687 10.
500 1643 756 1700 Μαζὰρους]
791 1648 851 1690 sic
882 1648 922 1689 in
944 1660 1026 1688 mss
1055 1650 1096 1687 et
1123 1646 1165 1687 in
1194 1645 1338 1685 editis:
1368 1643 1440 1684 sed
1469 1647 1563 1684 sunt

115 1700 184 1754 qui
212 1700 278 1741 hic
304 1699 534 1752 Χαζιέρους
573 1704 786 1758 legendum
814 1708 955 1756 putent
977 1732 988 1750 ‚
1012 1716 1103 1742 cum
1131 1701 1350 1754 subiungat
1380 1699 1563 1762 gorphyss

114 1757 327 1808 rogenitus
367 1755 449 1806 πρὸ
493 1756 599 1796 ἑτῶν
636 1757 684 1797 δὲ
713 1756 960 1811 πεντήκοντα
1003 1753 1042 1796 οἱ
1083 1753 1297 1808 λεγόμενοι
1345 1753 1432 1802 Ova:
1457 1766 1561 1804 μετα

111 1810 192 1850 τῶν
218 1805 434 1861 Χαζιέρων
460 1808 773 1863 ὁμονοήσαντες.

222 1864 336 1906 Ibid.
366 1870 433 1908 22.
492 1866 551 1912 εἰς
579 1868 747 1917 θέματα
777 1864 902 1915 ὀκτὼ]
946 1871 986 1908 et
1013 1867 1136 1920 paulo
1167 1866 1277 1907 infra
1304 1864 1431 1906 tradit
1460 1864 1564 1904 idem

111 1921 299 1973 scriptor,
327 1921 428 1962 haec
471 1927 562 1963 octo
591 1924 933 1964 Patzinacitarum
972 1923 1150 1963 themata
1193 1921 1319 1962 dividi
1346 1920 1389 1961 in
1423 1924 1563 1973 partes

113 1978 181 2017 40.
213 1975 419 2016 cedrenus
443 1990 542 2018 vero
571 1992 608 2031 p.
639 1981 723 2019 775
752 1979 894 2020 scribit
923 1978 1262 2018 Patzinacitarum
1291 1979 1450 2029 gentem
1479 1988 1565 2016 ma·
1634 1996 1637 2000 .

110 2044 236 2084 gnam
263 2043 313 2072 ac
339 2033 575 2085 populosam
609 2034 734 2074 dividi
762 2034 805 2074 in
825 2038 879 2075 13
906 2034 1048 2074 tribus.
1103 2033 1145 2073 in
1172 2033 1248 2072 hoc
1278 2036 1410 2073 autem
1427 2030 1565 2071 Patzi-

109 2099 305 2182 pacarum
330 2091 464 2130 tractu
492 2089 610 2130 hodie
630 2088 814 2131 Podalia
843 2093 884 2130 et
912 2086 1138 2131 Moldavia
1162 2088 1361 2137 visuntur,
1391 2091 1437 2127 ut
1463 2086 1566 2127 scri-

138 2142 170 2182 it
198 2141 391 2182 ortelius.

220 2199 315 2248 165,
347 2201 386 2237 1.
455 2191 586 2250 ἷὶνομα
624 2196 699 2238 τοῦ
739 2194 904 2250 πρώτου
937 2198 1134 2248 θέματος]
1182 2198 1316 2239 omnia
1345 2197 1447 2239 haec
1477 2196 1569 2237 the-

110 2257 223 2293 mata
253 2252 377 2305 paulo
404 2253 514 2295 infra
542 2255 777 2307 compositis
814 2254 1041 2295 nominibus
1069 2254 1355 2308 insigniuntur,
1387 2253 1567 2305 exceptis

111 2308 221 2357 Gyla
250 2312 291 2347 et
319 2307 547 2350 Charoboe.
622 2323 697 2350 nec
728 2310 866 2350 dubito
899 2310 998 2363 quin
1025 2310 1200 2362 plurima
1243 2309 1385 2349 horum
1412 2309 1568 2348 thema-

111 2368 195 2403 tum
241 2363 405 2404 nomina
431 2369 624 2417 corrupta
665 2378 715 2406 ac
745 2366 972 2418 depravata
1014 2366 1117 2417 sint,
1145 2369 1190 2406 ut
1227 2377 1351 2417 saepe
1381 2364 1567 2405 accidere

113 2418 220 2458 solet
248 2418 516 2470 scriptoribus
545 2421 730 2470 Graecis,
759 2421 855 2461 dum
886 2420 1068 2461 barbara
1099 2420 1264 2461 nomina
1295 2421 1492 2460 referunt.

219 2470 330 2513 Ibid.
347 2477 387 2514 9.
444 2470 519 2512 τὸν
540 2472 693 2526 Γιαζή]
723 2477 845 2528 paulo
874 2477 983 2516 infra
1011 2475 1116 2516 idem
1143 2476 1278 2516 thema
1305 2468 1568 2525 Γιαζιχοπόν

111 2528 346 2580 appellatur
374 2541 400 2568 a
425 2530 585 2570 nomine
614 2531 790 2571 eiusdem
823 2532 1031 2584 principis.

223 2581 335 2624 Ibid.
364 2587 431 2625 23,
500 2583 865 2636 Κουαρτζιτζούρ]
911 2586 988 2626 hoc
1030 2599 1175 2627 nomen
1214 2585 1474 2639 compositum
1507 2587 1569 2623 est

110 2649 163 2678 ex
190 2639 351 2679 nomine
379 2639 568 2680 thematis
596 2638 733 2690 Τζοὺρ
766 2646 806 2681 et
833 2641 1027 2695 principis
1057 2642 1123 2696 qui
1150 2643 1191 2682 in
1222 2655 1271 2682 eo
1293 2647 1388 2682 tunc
1415 2651 1568 2692 regna-

108 2692 181 2733 bat
210 2705 296 2734 cum
325 2694 426 2736 haec
456 2695 653 2737 scriberet
681 2697 1079 2750 porphyrogenitus:
1121 2710 1212 2738 nam
1246 2701 1291 2737 ut
1322 2696 1462 2739 scribit
1493 2694 1568 2735 Ce-
