1780 3132
512 165 587 208 DE
621 163 981 207 THEMATIBUS
1016 162 1122 206 LIB.
1153 161 1208 206 ΙΙ.
1525 160 1589 205 45

135 282 202 325 καὶ
218 282 494 336 μαρτυροῦσιν
516 277 620 321 αὐτὰ
639 277 691 320 τὰ
717 275 897 331 ὀνόματα
926 281 1007 318 τῶν
1026 275 1191 326 πόλεων,
1227 272 1254 329 ἥ
1270 291 1312 316 τε
1334 275 1590 329 Μεσημβριά

136 351 203 392 καὶ
225 347 251 404 ἢ
274 349 536 404 Σηλυμβρία,
581 346 781 400 βασιλέων
808 346 1080 402 προσηγορίας
1107 344 1270 399 Ξβςουσαι
1291 342 1426 392 πόλεις
1451 344 1544 398 πρὶν
1565 342 1591 394 ἢ·

137 418 214 472 τὴν
227 421 308 460 τῶν
320 415 528 470 Ῥωμαίων
541 416 749 469 βασιλείαν
767 414 999 468 αὖξηθῆναί
1013 415 1132 456 τεκαὶ
1147 414 1384 468 διαδραμεῖν
1395 408 1526 452 πάντα
1539 411 1590 452 τὰ

134 491 207 529 τοῦ
225 483 379 539 κόσμου
400 483 667 541 πληρώματα.
739 482 817 539 ἀφ’
845 476 894 524 οὗ
913 482 990 539 γὰρ
1015 481 1041 536 ἡ
1062 486 1142 524 τῶν
1166 479 1373 534 Ῥωμαίων
1393 480 1497 535 ἀρχὴ
1517 479 1590 533 τὴν

102 552 281 608 5ἕαυτῆς
316 552 492 608 σαγήνην
529 550 754 605 ἐξήπλωσεν
789 553 844 600 εἷς
873 549 1004 592 πάντα
1031 551 1083 592 τὰ
1110 554 1184 592 τοῦ
1213 548 1366 603 κόσμου
1396 549 1589 603 τέρματα,

131 620 285 672 πάντας
304 620 359 671 ὡς
380 623 499 663 εἰπεῖν
520 621 747 662 διεσκέδασε
767 621 832 661 καὶ
853 618 1142 672 μετεσκεύασεν
1161 621 1216 667 εἷς
1231 620 1328 672 μίαν
1346 616 1488 672 ἀρχήν,
1523 618 1591 658 καὶ

133 690 249 746 ζυγὸν
274 688 476 745 ἠνάγκασε
505 693 629 731 τελεῖν
663 689 730 730 ἕνα
762 687 926 738 πάντας.
995 687 1220 744 ἀρξαμένης
1247 687 1291 728 δὲ
1319 690 1391 740 τῆς
1417 684 1593 741 σαγήνης

133 756 405 813 διασήπεσθαι
427 759 491 799 καὶ
515 755 838 814 διαρρήγνυσθαι
847 788 860 807 ,
907 755 1041 806 ἄλλως
1062 758 1127 798 καὶ
1148 755 1198 798 τὰ
1218 753 1436 810 πράγματα
1454 756 1520 795 καὶ
1539 754 1590 795 τὰ

131 826 311 881 ὀνόματα
327 824 666 881 μετεποιήθησαν.
734 825 906 882 ἐπαρχία
930 826 973 867 δὲ
997 823 1163 885 Θρᾴκης
1188 821 1266 880 ὑφ’
1299 821 1474 879 ἡγεμόνα
1506 822 1588 864 ε’τὲ-

78 912 254 947 ιοτακτο
282 897 348 936 καὶ
371 893 450 936 ὑπὸ
477 895 547 936 τὸν
577 893 789 949 λεγόμενον
814 892 1094 949 κυνσιλιάριον,
1139 893 1318 935 τουτέστι
1346 889 1588 944 βουλευτήν·

134 967 298 1021 Ταῦρος
336 964 414 1019 γὰρ
454 962 690 1012 ἀνθύπατος
722 961 876 1017 ἐκράτει
907 966 981 1016 τῆς
1017 960 1182 1022 Θρᾴκης
1214 963 1275 1002 ἐπὶ
1309 964 1382 1002 τοῦ
1409 959 1589 1015 μεγάλου

131 1034 451 1082 Κωνσταντίνου,
479 1031 580 1085 ἔχων
597 1030 675 1089 ὑφ’
697 1029 840 1073 ἑαυτὸν
857 1029 991 1081 πόλεις
1011 1029 1079 1087 ὑφ’
1103 1028 1278 1086 ἡγεμόνα
1298 1030 1363 1070 καὶ
1387 1026 1585 1070 κονσιλιά-

131 1117 218 1156 ριον
235 1099 306 1155 νγ’.
353 1102 613 1154 διασαπείσης
634 1101 678 1142 δὲ
694 1105 766 1154 τῆς
785 1098 982 1155 σαγήνης,
1019 1098 1073 1149 ὡς
1096 1099 1269 1152 εἴπομεν,
1299 1100 1364 1138 καὶ
1386 1101 1466 1139 τῶν
1482 1101 1589 1152 βαρ-

103 1189 108 1193 ·
128 1167 270 1225 βάρων
289 1167 628 1224 ἕκπορθησάντων
647 1169 721 1218 τὰς
742 1167 896 1218 πόλεις,
934 1171 989 1217 εἰς
1007 1169 1132 1223 μικρὰ
1155 1166 1346 1221 τμήματα
1370 1167 1541 1222 διῃρέθη
1563 1163 1588 1219 ἡ

78 1242 204 1291 Ῑ5τῆς
227 1235 394 1295 Θρᾴκης
417 1235 547 1292 ἀρχή·
586 1236 612 1290 ἣ
632 1254 673 1278 τε
691 1237 768 1293 γὰρ
793 1237 1027 1291 Βουλγαριά
1049 1238 1114 1278 καὶ
1139 1236 1260 1285 αὐτὸς
1286 1233 1305 1276 ὃ
1329 1234 1494 1289 Ἴστρος
1523 1236 1590 1275 καὶ

128 1305 174 1346 τὸ
197 1303 448 1361 περιώνυμον
470 1303 564 1359 ὄρος
583 1305 627 1346 τὸ
657 1307 796 1358 διῆκον
824 1304 918 1358 ἄχρι
945 1309 1016 1346 τοῦ
1038 1303 1227 1354 Πόντου,
1275 1303 1320 1345 τὸ
1345 1302 1591 1356 καλούμενον

127 1371 285 1427 Αἶμος,
320 1378 392 1427 τῆς
417 1371 582 1431 Θρᾴκης
603 1374 677 1414 εἶσὶ
699 1373 826 1427 με’ρη,
872 1374 955 1413 νυνὶ
987 1373 1029 1413 δὲ
1063 1372 1257 1428 ἀλλότρια
1284 1373 1588 1427 χρηματίζουσι.

126 1443 173 1484 ’τὸ
203 1442 247 1483 δὲ
273 1446 348 1495 τῆς
375 1441 542 1499 Θρᾴκης
581 1442 692 1494 θέμα
720 1439 799 1482 ὑπὸ
829 1439 898 1482 τὸν
925 1441 1096 1493 βασιλέα
1125 1438 1588 1488 Κωνσταντινουπόλεως

128 1510 311 1552 ἐτέτακτο
340 1512 406 1551 καὶ
442 1512 496 1559 εἷς
522 1507 744 1565 ὑπουργίαν
774 1509 899 1550 αὐτοῦ
926 1507 1184 1564 ἐχρημάτιζε,
1231 1511 1296 1551 καὶ
1332 1509 1488 1550 οὐδέπω
1527 1526 1588 1558 τις
1610 1520 1638 1554 Ρ
1661 1520 1704 1555 21

70 1597 117 1632 ρο
128 1578 350 1634 στρατηγὸς
369 1573 418 1632 ἦν
436 1579 477 1619 ἓν
497 1578 620 1635 αὐτῷ.
665 1577 743 1634 ἀφ’
769 1572 816 1619 οὗ
843 1578 887 1619 δὲ
907 1578 952 1619 τὸ
976 1580 1221 1632 θεομίσητον
1240 1582 1319 1620 τῶν
1342 1576 1588 1633 Βουλγάρων

126 1647 246 1696 ἔθνος
265 1644 495 1702 ἐπεραιώθη
529 1648 582 1695 εἷς
610 1646 679 1688 τὸν
707 1646 870 1702 Ἴστρον
893 1645 1088 1700 ποταμόν,
1125 1646 1213 1689 τότε
1235 1649 1302 1688 καὶ
1326 1645 1446 1696 αὐτὸς
1466 1651 1588 1700 βασι-

125 1715 218 1764 λεὺς
244 1713 485 1770 ἠναγκάσθη
518 1714 585 1756 διὰ
609 1714 683 1765 τὰς
709 1714 932 1771 ἐπιδρομὰς
953 1720 1033 1758 τῶν
1055 1718 1232 1758 Σκυθῶν
1256 1716 1321 1757 καὶ
1347 1715 1480 1756 αὐτῶν
1505 1719 1586 1756 τῶν

125 1782 373 1839 Βουλγάρων
402 1786 458 1833 εἷς
481 1785 662 1837 θέματος
682 1782 794 1833 τάξιν
817 1785 978 1838 ἀγαγεῖν
1002 1784 1100 1826 αὐτὸ
1119 1786 1185 1826 καὶ
1206 1783 1429 1841 στρατηγὸν
1451 1785 1491 1824 ἐν
1512 1785 1586 1825 αὗ·-

215 1879 238 1934 (ξ
260 1876 495 1969 gangetide&
594 1880 615 1913 8
635 1875 682 1912 τοὶ
707 1874 877 1922 ὀνόματα
900 1876 962 1912 καὶ
985 1875 1032 1911 τὰ
1056 1875 1255 1922 πράγματα
1278 1879 1308 1913 C
1401 1880 1442 1915 21
1470 1877 1586 1920 αὐτὸς

215 1936 235 1959 ο
287 1948 297 1958 .

122 2008 194 2039 tum
217 2002 428 2038 Mesembria
449 2007 520 2037 tum
543 2002 761 2047 Selymbria,
801 2013 892 2048 quae
923 2001 1084 2037 civitates
1107 2014 1128 2037 a
1151 2002 1294 2047 regibus
1318 2003 1585 2050 appellationem

123 2050 307 2093 habebant,
331 2049 530 2094 priusquam
554 2050 780 2083 Romanorum
803 2049 984 2094 imperium
1005 2055 1139 2083 auctum
1162 2051 1288 2083 suisset
1311 2057 1347 2083 et
1370 2062 1487 2084 omnes
1510 2057 1584 2085 ter—
1620 2093 1624 2098 ι

120 2107 236 2130 ratum
266 2095 355 2129 fines
387 2094 629 2140 percurrisset.
677 2095 804 2129 etenim
829 2107 873 2129 ex
893 2106 962 2139 quo
986 2095 1216 2128 Romanorum
1241 2095 1457 2141 principatus
1482 2109 1584 2142 sage-

122 2152 200 2176 nam
224 2153 320 2176 suam
352 2141 397 2175 ad
429 2153 546 2174 omnes
578 2140 695 2174 mundi
728 2141 854 2174 limites
891 2141 1075 2185 expandit,
1117 2146 1280 2184 cunctos,
1325 2149 1363 2176 ut
1384 2143 1433 2176 ita
1457 2143 1581 2187 dicam,

121 2187 290 2232 dispersit
322 2191 358 2221 et
393 2187 436 2221 ad
469 2198 570 2220 unum
602 2187 782 2232 imperium
814 2186 953 2220 reduxit
985 2198 1026 2220 ac
1057 2188 1172 2231 iugum
1197 2198 1298 2221 unum
1323 2189 1440 2223 subire
1464 2201 1583 2223 omnes

121 2234 250 2278 coligit.
297 2244 416 2267 verum
440 2244 516 2267 cum
539 2245 670 2278 sagena
692 2232 790 2267 rimis
812 2232 979 2267 fatiscere
1002 2245 1042 2266 ac
1063 2233 1232 2278 perfringi
1250 2234 1378 2279 coepit,
1401 2235 1467 2268 iam
1484 2235 1583 2269 varie

122 2283 159 2313 et
180 2290 237 2312 res
261 2283 298 2313 et
318 2279 458 2313 nomina
480 2284 687 2313 commutata
710 2284 803 2313 sunt.
829 2279 1050 2324 praefectura
1069 2286 1181 2313 autem
1198 2279 1373 2314 Thraciae
1396 2283 1459 2315 sub
1485 2282 1584 2315 ducis

120 2336 164 2359 ac
188 2324 377 2359 consiliarii
400 2330 574 2370 potestate
597 2325 786 2359 constituta
805 2331 870 2358 est.
921 2325 1059 2360 Taurus
1079 2325 1209 2370 quippe
1231 2327 1417 2371 proconsul
1445 2328 1585 2361 obtine-

120 2372 182 2405 bat
203 2370 391 2405 Thraciam
422 2371 635 2415 temporibus
671 2370 895 2405 Constantini
926 2371 1060 2415 magni,
1096 2378 1218 2405 tenens
1249 2373 1313 2405 sub
1348 2373 1487 2407 dicione
1521 2385 1585 2408 sua

121 2417 228 2450 urbes
258 2421 332 2451 tres
364 2422 400 2451 et
431 2417 701 2462 quinquaginta,
734 2429 754 2450 a
781 2417 868 2451 duce
901 2422 937 2450 et
969 2417 1168 2451 consiliario
1202 2417 1471 2453 administratas.
1520 2420 1584 2454 sed

121 2473 196 2495 cum
221 2473 372 2507 sagena,
404 2468 444 2496 ut
467 2463 560 2506 dixi,
588 2464 694 2497 rimas
719 2463 881 2505 fecisset,
917 2463 1060 2497 urbibus
1084 2476 1104 2497 a
1127 2464 1284 2498 barbaris
1309 2465 1519 2510 expugnatis,
1541 2477 1583 2499 ac

119 2507 267 2552 dirutis,
303 2508 477 2542 Thraciae
511 2509 691 2554 imperium
723 2509 760 2542 in
793 2508 920 2552 exigua
949 2514 1126 2553 segmenta
1158 2509 1306 2543 divisum
1341 2517 1406 2544 est.
1455 2511 1582 2546 etenim

119 2553 285 2598 Balgatia
308 2561 344 2588 et
367 2554 457 2588 Ister
479 2554 608 2589 fluvius
632 2561 668 2589 et
689 2566 786 2588 mons
813 2554 1042 2599 percelebris,
1076 2555 1229 2590 Haemus
1254 2563 1482 2601 nuncupatus,
1520 2557 1582 2602 qui

120 2610 230 2646 usque
254 2601 297 2634 ad
321 2601 469 2634 Pontum
493 2601 664 2646 pertinet,
704 2601 880 2634 Thraciae
903 2607 1019 2646 partes
1043 2602 1207 2643 fuerunt3
1241 2613 1332 2636 nunc
1355 2609 1468 2636 autem
1497 2602 1582 2636 alie-

120 2648 250 2680 nae'ac
273 2646 450 2680 seiunctae
473 2652 565 2680 sunt.
624 2652 775 2681 ceterum
800 2646 974 2681 Thraciae
998 2647 1114 2681 thema
1137 2649 1199 2682 sub
1224 2647 1434 2692 imperatore
1459 2649 1582 2694 Cpoii-

119 2697 202 2725 tano
232 2692 458 2726 constitutum
489 2697 594 2736 atque
630 2694 674 2727 ad
708 2693 783 2726 eius
809 2692 884 2726 iura
910 2698 946 2727 et
970 2693 1162 2727 ministeria
1184 2694 1360 2728 redactum
1387 2700 1483 2737 erat,
1517 2707 1581 2728 nec

120 2736 208 2770 ullus
233 2748 381 2782 unquam
406 2743 550 2782 praetor
571 2739 608 2772 in
633 2751 675 2772 ea
698 2739 835 2772 suerat:
874 2742 910 2772 at
943 2751 986 2772 ex
1009 2751 1077 2783 quo
1101 2739 1239 2774 infensa
1262 2740 1327 2773 deo
1352 2740 1580 2784 Bnigarorum

119 2782 215 2825 natio
239 2783 282 2816 ad
304 2784 431 2817 Istrum
453 2783 594 2818 fluvium
618 2784 771 2828 traiecit,
793 2790 877 2818 tunc
898 2785 1000 2818 etiam
1024 2785 1215 2829 imperator
1236 2785 1313 2831 ipse
1337 2794 1476 2819 coactus
1499 2786 1580 2832 fuit,

120 2829 166 2862 ob
187 2827 347 2864 incursus
371 2834 407 2863 et
429 2829 675 2875 impressiones
698 2830 908 2875 Scytharum
932 2838 969 2865 et
990 2830 1142 2877 ipsorum
1167 2831 1409 2876 Bulgarorum‚
1434 2833 1478 2866 ad
1500 2833 1579 2867 the-
