<?xml version="1.0" encoding="UTF-8"?>
<!DOCTYPE html PUBLIC "-//W3C//DTD XHTML 1.0 Transitional//EN"
    "http://www.w3.org/TR/xhtml1/DTD/xhtml1-transitional.dtd">
<html xmlns="http://www.w3.org/1999/xhtml" xml:lang="en" lang="en">
 <head>
  <title>
</title>
<meta http-equiv="Content-Type" content="text/html;charset=utf-8" />
  <meta name='ocr-system' content='tesseract 3.04.00' />
  <meta name='ocr-capabilities' content='ocr_page ocr_carea ocr_par ocr_line ocrx_word'/>
</head>
<body>
  <div class='ocr_page' id='page_1' title='image "./corpusscriptorum09niebuoft_0359.png"; bbox 0 0 1780 3132; ppageno 0'>
   <div class='ocr_carea' id='block_1_1' title="bbox 166 142 1485 195">
    <p class='ocr_par' dir='ltr' id='par_1_1' title="bbox 166 142 1485 195">
     <span class='ocr_line' id='line_1_1' title="bbox 166 142 1485 195; baseline -0.004 0"><span class='ocrx_word' id='word_1_1' title='bbox 166 155 220 195; x_wconf 84' lang='lat' dir='ltr'><strong>lN</strong></span> <span class='ocrx_word' id='word_1_2' title='bbox 246 152 601 195; x_wconf 78' lang='lat' dir='ltr'><strong>CONSTANriNi</strong></span> <span class='ocrx_word' id='word_1_3' title='bbox 636 153 832 195; x_wconf 66' lang='lat' dir='ltr'><strong>Pomm.</strong></span> <span class='ocrx_word' id='word_1_4' title='bbox 859 155 957 194; x_wconf 76' lang='lat' dir='ltr'><strong>Lm.</strong></span> <span class='ocrx_word' id='word_1_5' title='bbox 983 154 1053 194; x_wconf 85' lang='lat' dir='ltr'><strong>DE</strong></span> <span class='ocrx_word' id='word_1_6' title='bbox 1084 150 1215 194; x_wconf 73' lang='grc' dir='ltr'><strong>ΑΒΜ.</strong></span> <span class='ocrx_word' id='word_1_7' title='bbox 1240 153 1347 194; x_wconf 80' lang='grc' dir='ltr'><strong>ῐΜΡ.</strong></span> <span class='ocrx_word' id='word_1_8' title='bbox 1391 142 1485 191; x_wconf 77' lang='grc'><strong>349</strong></span> 
     </span>
    </p>
   </div>
   <div class='ocr_carea' id='block_1_2' title="bbox 47 260 1490 1441">
    <p class='ocr_par' dir='ltr' id='par_1_2' title="bbox 48 260 1490 370">
     <span class='ocr_line' id='line_1_2' title="bbox 48 260 1490 321; baseline -0.005 -11"><span class='ocrx_word' id='word_1_9' title='bbox 48 272 126 310; x_wconf 83' lang='lat' dir='ltr'><strong>tur.</strong></span> <span class='ocrx_word' id='word_1_10' title='bbox 182 271 227 309; x_wconf 88' lang='lat' dir='ltr'><strong>at</strong></span> <span class='ocrx_word' id='word_1_11' title='bbox 253 271 347 308; x_wconf 84' lang='lat' dir='ltr'><strong>sunt</strong></span> <span class='ocrx_word' id='word_1_12' title='bbox 385 267 452 320; x_wconf 87' lang='lat' dir='ltr'><strong>qui</strong></span> <span class='ocrx_word' id='word_1_13' title='bbox 486 267 588 308; x_wconf 83' lang='lat' dir='ltr'><strong>haec</strong></span> <span class='ocrx_word' id='word_1_14' title='bbox 613 268 673 308; x_wconf 85' lang='lat' dir='ltr'><strong>ita</strong></span> <span class='ocrx_word' id='word_1_15' title='bbox 713 267 888 321; x_wconf 80' lang='lat' dir='ltr'><strong>legenda</strong></span> <span class='ocrx_word' id='word_1_16' title='bbox 917 270 1076 320; x_wconf 85' lang='lat' dir='ltr'><strong>putent,</strong></span> <span class='ocrx_word' id='word_1_17' title='bbox 1106 265 1321 320; x_wconf 77' lang='grc' dir='ltr'><em>Φραγγιάς</em></span> <span class='ocrx_word' id='word_1_18' title='bbox 1350 277 1394 304; x_wconf 82' lang='grc' dir='ltr'><strong>τε</strong></span> <span class='ocrx_word' id='word_1_19' title='bbox 1419 260 1490 303; x_wconf 77' lang='grc' dir='ltr'><strong>καὶ</strong></span> 
     </span>
     <span class='ocr_line' id='line_1_3' title="bbox 49 321 211 370; baseline 0.012 -8"><span class='ocrx_word' id='word_1_20' title='bbox 49 321 211 370; x_wconf 52' lang='lat' dir='ltr'><strong>Ragaba.</strong></span> 
     </span>
    </p>

    <p class='ocr_par' dir='ltr' id='par_1_3' title="bbox 138 382 1287 440">
     <span class='ocr_line' id='line_1_4' title="bbox 138 382 1287 440; baseline -0.001 -12"><span class='ocrx_word' id='word_1_21' title='bbox 138 382 250 438; x_wconf 76' lang='lat'><strong>&#39;144‚</strong></span> <span class='ocrx_word' id='word_1_22' title='bbox 281 390 346 428; x_wconf 98' lang='grc'><strong>14.</strong></span> <span class='ocrx_word' id='word_1_23' title='bbox 406 387 660 439; x_wconf 77' lang='grc' dir='ltr'>Παννονίαν]</span> <span class='ocrx_word' id='word_1_24' title='bbox 695 388 745 427; x_wconf 87' lang='lat' dir='ltr'><strong>cf.</strong></span> <span class='ocrx_word' id='word_1_25' title='bbox 776 387 924 427; x_wconf 87' lang='lat' dir='ltr'><strong>Lucius</strong></span> <span class='ocrx_word' id='word_1_26' title='bbox 954 391 976 427; x_wconf 95' lang='lat'>1</span> <span class='ocrx_word' id='word_1_27' title='bbox 1007 390 1062 427; x_wconf 80' lang='lat'><strong>12</strong></span> <span class='ocrx_word' id='word_1_28' title='bbox 1090 400 1127 440; x_wconf 88' lang='lat' dir='ltr'><strong>p.</strong></span> <span class='ocrx_word' id='word_1_29' title='bbox 1157 389 1211 427; x_wconf 77' lang='grc'><strong>47</strong></span> <span class='ocrx_word' id='word_1_30' title='bbox 1238 386 1287 428; x_wconf 91' lang='grc' dir='ltr'><strong>Α.</strong></span> 
     </span>
    </p>

    <p class='ocr_par' dir='ltr' id='par_1_4' title="bbox 157 449 1486 506">
     <span class='ocr_line' id='line_1_5' title="bbox 157 449 1486 506; baseline -0.005 -11"><span class='ocrx_word' id='word_1_31' title='bbox 157 456 263 506; x_wconf 83' lang='grc'><strong>145,</strong></span> <span class='ocrx_word' id='word_1_32' title='bbox 291 458 328 495; x_wconf 90' lang='grc'><strong>1.</strong></span> <span class='ocrx_word' id='word_1_33' title='bbox 402 453 564 492; x_wconf 85' lang='grc' dir='ltr'>α’νεῖλον</span> <span class='ocrx_word' id='word_1_34' title='bbox 605 449 703 498; x_wconf 79' lang='grc' dir='ltr'><strong>τούς</strong></span> <span class='ocrx_word' id='word_1_35' title='bbox 749 451 1001 504; x_wconf 79' lang='grc' dir='ltr'><strong><em>Φράγγους]</em></strong></span> <span class='ocrx_word' id='word_1_36' title='bbox 1037 454 1088 494; x_wconf 85' lang='lat' dir='ltr'><strong>cf.</strong></span> <span class='ocrx_word' id='word_1_37' title='bbox 1128 453 1276 494; x_wconf 88' lang='lat' dir='ltr'><strong>Lucius</strong></span> <span class='ocrx_word' id='word_1_38' title='bbox 1314 456 1338 493; x_wconf 90' lang='lat'>1</span> <span class='ocrx_word' id='word_1_39' title='bbox 1364 456 1415 493; x_wconf 90' lang='lat'><strong>11</strong></span> <span class='ocrx_word' id='word_1_40' title='bbox 1447 465 1486 506; x_wconf 76' lang='lat' dir='ltr'><strong>p.</strong></span> 
     </span>
    </p>

    <p class='ocr_par' dir='ltr' id='par_1_5' title="bbox 47 561 1490 1441">
     <span class='ocr_line' id='line_1_6' title="bbox 162 561 1488 615; baseline -0.002 -10"><span class='ocrx_word' id='word_1_41' title='bbox 162 562 269 605; x_wconf 77' lang='lat' dir='ltr'><strong>Ibid.</strong></span> <span class='ocrx_word' id='word_1_42' title='bbox 290 568 337 604; x_wconf 82' lang='lat'><strong>6.</strong></span> <span class='ocrx_word' id='word_1_43' title='bbox 397 561 598 611; x_wconf 76' lang='grc' dir='ltr'>ζουπανία</span> <span class='ocrx_word' id='word_1_44' title='bbox 627 562 756 604; x_wconf 84' lang='lat' dir='ltr'><strong>Slava</strong></span> <span class='ocrx_word' id='word_1_45' title='bbox 785 573 867 602; x_wconf 86' lang='lat' dir='ltr'><strong>vox</strong></span> <span class='ocrx_word' id='word_1_46' title='bbox 896 563 1111 615; x_wconf 72' lang='lat' dir='ltr'><strong>reqionem</strong></span> <span class='ocrx_word' id='word_1_47' title='bbox 1141 562 1366 614; x_wconf 80' lang='lat' dir='ltr'><strong>significat,</strong></span> <span class='ocrx_word' id='word_1_48' title='bbox 1395 566 1435 603; x_wconf 90' lang='lat' dir='ltr'><strong>et</strong></span> <span class='ocrx_word' id='word_1_49' title='bbox 1462 576 1488 604; x_wconf 89' lang='lat' dir='ltr'><strong>a</strong></span> 
     </span>
     <span class='ocr_line' id='line_1_7' title="bbox 50 615 1489 674; baseline -0.003 -12"><span class='ocrx_word' id='word_1_50' title='bbox 50 621 168 674; x_wconf 79' lang='lat' dir='ltr'><strong>Zupa</strong></span> <span class='ocrx_word' id='word_1_51' title='bbox 196 620 416 671; x_wconf 83' lang='lat' dir='ltr'><strong>deducitur,</strong></span> <span class='ocrx_word' id='word_1_52' title='bbox 445 618 550 671; x_wconf 84' lang='lat' dir='ltr'><strong>quod</strong></span> <span class='ocrx_word' id='word_1_53' title='bbox 578 619 764 671; x_wconf 78' lang='lat' dir='ltr'><strong>populum</strong></span> <span class='ocrx_word' id='word_1_54' title='bbox 793 615 860 656; x_wconf 72' lang='lat' dir='ltr'><strong>vel</strong></span> <span class='ocrx_word' id='word_1_55' title='bbox 888 618 1096 671; x_wconf 81' lang='lat' dir='ltr'>regionem</span> <span class='ocrx_word' id='word_1_56' title='bbox 1124 617 1301 670; x_wconf 83' lang='lat' dir='ltr'>aliquam</span> <span class='ocrx_word' id='word_1_57' title='bbox 1330 617 1489 658; x_wconf 82' lang='lat' dir='ltr'><strong>habita-</strong></span> 
     </span>
     <span class='ocr_line' id='line_1_8' title="bbox 48 673 1489 728; baseline -0.004 -10"><span class='ocrx_word' id='word_1_58' title='bbox 48 681 132 718; x_wconf 84' lang='lat' dir='ltr'><strong>tam</strong></span> <span class='ocrx_word' id='word_1_59' title='bbox 161 674 372 728; x_wconf 81' lang='lat' dir='ltr'><strong>significat.</strong></span> <span class='ocrx_word' id='word_1_60' title='bbox 440 673 534 714; x_wconf 88' lang='lat' dir='ltr'><strong>hinc</strong></span> <span class='ocrx_word' id='word_1_61' title='bbox 571 678 702 713; x_wconf 86' lang='lat' dir='ltr'><strong>autem</strong></span> <span class='ocrx_word' id='word_1_62' title='bbox 738 682 932 725; x_wconf 81' lang='lat' dir='ltr'><strong>zupanus</strong></span> <span class='ocrx_word' id='word_1_63' title='bbox 973 685 1044 712; x_wconf 89' lang='lat' dir='ltr'><strong>seu</strong></span> <span class='ocrx_word' id='word_1_64' title='bbox 1080 673 1267 724; x_wconf 78' lang='lat' dir='ltr'><strong>iupanus</strong></span> <span class='ocrx_word' id='word_1_65' title='bbox 1307 673 1489 727; x_wconf 78' lang='lat' dir='ltr'><strong>dignitas</strong></span> 
     </span>
     <span class='ocr_line' id='line_1_9' title="bbox 50 726 1488 784; baseline -0.002 -13"><span class='ocrx_word' id='word_1_66' title='bbox 50 730 156 784; x_wconf 76' lang='lat' dir='ltr'><strong>apud</strong></span> <span class='ocrx_word' id='word_1_67' title='bbox 187 728 354 770; x_wconf 89' lang='lat' dir='ltr'><strong>Servios</strong></span> <span class='ocrx_word' id='word_1_68' title='bbox 375 729 592 779; x_wconf 80' lang='lat' dir='ltr'><strong>Hungaros</strong></span> <span class='ocrx_word' id='word_1_69' title='bbox 621 732 662 767; x_wconf 90' lang='lat' dir='ltr'><strong>et</strong></span> <span class='ocrx_word' id='word_1_70' title='bbox 688 726 906 767; x_wconf 86' lang='lat' dir='ltr'>universim</span> <span class='ocrx_word' id='word_1_71' title='bbox 935 727 1044 779; x_wconf 88' lang='lat' dir='ltr'><strong>apud</strong></span> <span class='ocrx_word' id='word_1_72' title='bbox 1071 726 1277 768; x_wconf 89' lang='lat' dir='ltr'><strong>Slavicam</strong></span> <span class='ocrx_word' id='word_1_73' title='bbox 1304 733 1488 781; x_wconf 87' lang='lat' dir='ltr'><strong>gentem:</strong></span> 
     </span>
     <span class='ocr_line' id='line_1_10' title="bbox 47 781 1486 840; baseline -0.003 -13"><span class='ocrx_word' id='word_1_74' title='bbox 47 782 306 840; x_wconf 78' lang='lat' dir='ltr'><em>praefectus</em></span> <span class='ocrx_word' id='word_1_75' title='bbox 335 784 586 837; x_wconf 80' lang='lat' dir='ltr'><strong>provinciae</strong></span> <span class='ocrx_word' id='word_1_76' title='bbox 614 781 684 824; x_wconf 87' lang='lat' dir='ltr'><strong>vel</strong></span> <span class='ocrx_word' id='word_1_77' title='bbox 714 781 904 823; x_wconf 79' lang='lat' dir='ltr'><strong>alicuius</strong></span> <span class='ocrx_word' id='word_1_78' title='bbox 928 783 1144 823; x_wconf 74' lang='lat' dir='ltr'><strong>territorii</strong></span> <span class='ocrx_word' id='word_1_79' title='bbox 1174 786 1251 823; x_wconf 83' lang='lat' dir='ltr'><strong>aut</strong></span> <span class='ocrx_word' id='word_1_80' title='bbox 1277 785 1486 824; x_wconf 78' lang='lat' dir='ltr'><strong>civitatis.</strong></span> 
     </span>
     <span class='ocr_line' id='line_1_11' title="bbox 48 831 1488 893; baseline -0.002 -14"><span class='ocrx_word' id='word_1_81' title='bbox 48 841 222 893; x_wconf 79' lang='lat' dir='ltr'><strong>scriptor</strong></span> <span class='ocrx_word' id='word_1_82' title='bbox 248 844 386 880; x_wconf 85' lang='lat' dir='ltr'><strong>noster</strong></span> <span class='ocrx_word' id='word_1_83' title='bbox 413 851 446 878; x_wconf 83' lang='lat' dir='ltr'><strong>c.</strong></span> <span class='ocrx_word' id='word_1_84' title='bbox 475 842 550 878; x_wconf 83' lang='lat'><strong>29:</strong></span> <span class='ocrx_word' id='word_1_85' title='bbox 588 831 796 889; x_wconf 79' lang='grc' dir='ltr'>ἄρχοντας</span> <span class='ocrx_word' id='word_1_86' title='bbox 834 835 880 875; x_wconf 78' lang='grc' dir='ltr'><strong>δὲ</strong></span> <span class='ocrx_word' id='word_1_87' title='bbox 919 836 1050 876; x_wconf 81' lang='grc' dir='ltr'><em>ταῦτα</em></span> <span class='ocrx_word' id='word_1_88' title='bbox 1090 833 1140 876; x_wconf 82' lang='grc' dir='ltr'><strong>τοὶ</strong></span> <span class='ocrx_word' id='word_1_89' title='bbox 1171 833 1272 888; x_wconf 68' lang='grc' dir='ltr'>ἔθνη</span> <span class='ocrx_word' id='word_1_90' title='bbox 1299 834 1357 889; x_wconf 76' lang='grc' dir='ltr'><strong>μή</strong></span> <span class='ocrx_word' id='word_1_91' title='bbox 1388 834 1488 888; x_wconf 83' lang='grc' dir='ltr'><em>ἔχει,</em></span> 
     </span>
     <span class='ocr_line' id='line_1_12' title="bbox 48 886 1488 946; baseline -0.001 -14"><span class='ocrx_word' id='word_1_92' title='bbox 48 891 156 946; x_wconf 75' lang='grc' dir='ltr'><strong>πλὴν</strong></span> <span class='ocrx_word' id='word_1_93' title='bbox 186 890 415 941; x_wconf 76' lang='grc' dir='ltr'>ζουπάνους</span> <span class='ocrx_word' id='word_1_94' title='bbox 442 891 662 944; x_wconf 77' lang='grc' dir='ltr'>γέροντας,</span> <span class='ocrx_word' id='word_1_95' title='bbox 704 886 848 938; x_wconf 76' lang='grc' dir='ltr'><em>καθώς</em></span> <span class='ocrx_word' id='word_1_96' title='bbox 886 891 958 930; x_wconf 85' lang='grc' dir='ltr'><em>καί</em></span> <span class='ocrx_word' id='word_1_97' title='bbox 997 889 1041 930; x_wconf 85' lang='grc' dir='ltr'><strong>αἱ</strong></span> <span class='ocrx_word' id='word_1_98' title='bbox 1072 888 1216 931; x_wconf 82' lang='grc' dir='ltr'><strong><em>λοιπαὶ</em></strong></span> <span class='ocrx_word' id='word_1_99' title='bbox 1243 892 1488 943; x_wconf 73' lang='grc' dir='ltr'>Σκλαβίνιαι</span> 
     </span>
     <span class='ocr_line' id='line_1_13' title="bbox 49 945 1488 1013; baseline 0 -25"><span class='ocrx_word' id='word_1_100' title='bbox 49 945 196 1000; x_wconf 81' lang='grc' dir='ltr'><strong><em>ἔχουσι</em></strong></span> <span class='ocrx_word' id='word_1_101' title='bbox 223 945 361 987; x_wconf 80' lang='grc' dir='ltr'>τύπον.</span> <span class='ocrx_word' id='word_1_102' title='bbox 418 952 575 1001; x_wconf 87' lang='lat' dir='ltr'><strong>pactum</strong></span> <span class='ocrx_word' id='word_1_103' title='bbox 589 947 808 988; x_wconf 73' lang='lat' dir='ltr'><strong>Boemundi</strong></span> <span class='ocrx_word' id='word_1_104' title='bbox 836 960 922 987; x_wconf 90' lang='lat' dir='ltr'><strong>cum</strong></span> <span class='ocrx_word' id='word_1_105' title='bbox 943 947 1090 988; x_wconf 85' lang='lat' dir='ltr'><strong>Alexio</strong></span> <span class='ocrx_word' id='word_1_106' title='bbox 1110 949 1353 1013; x_wconf 55' lang='lat' dir='ltr'><strong>imperatore</strong></span> <span class='ocrx_word' id='word_1_107' title='bbox 1381 947 1488 1000; x_wconf 77' lang='lat' dir='ltr'><strong>apud</strong></span> 
     </span>
     <span class='ocr_line' id='line_1_14' title="bbox 49 997 1490 1055; baseline -0.002 -10"><span class='ocrx_word' id='word_1_108' title='bbox 49 1005 207 1046; x_wconf 86' lang='lat' dir='ltr'><strong>Annam</strong></span> <span class='ocrx_word' id='word_1_109' title='bbox 235 1003 480 1048; x_wconf 87' lang='lat' dir='ltr'><strong>Comnenam</strong></span> <span class='ocrx_word' id='word_1_110' title='bbox 524 1004 551 1043; x_wconf 88' lang='lat' dir='ltr'><strong>l.</strong></span> <span class='ocrx_word' id='word_1_111' title='bbox 588 1007 642 1043; x_wconf 84' lang='lat'><strong>13</strong></span> <span class='ocrx_word' id='word_1_112' title='bbox 669 1002 884 1042; x_wconf 85' lang='lat' dir='ltr'><strong>subscribit</strong></span> <span class='ocrx_word' id='word_1_113' title='bbox 914 997 1117 1049; x_wconf 81' lang='grc' dir='ltr'>ζουπάνος</span> <span class='ocrx_word' id='word_1_114' title='bbox 1146 1016 1166 1040; x_wconf 92' lang='lat' dir='ltr'><strong>o</strong></span> <span class='ocrx_word' id='word_1_115' title='bbox 1197 997 1354 1055; x_wconf 78' lang='grc' dir='ltr'><em>Περής,</em></span> <span class='ocrx_word' id='word_1_116' title='bbox 1382 1005 1490 1043; x_wconf 87' lang='lat' dir='ltr'><strong>alter</strong></span> 
     </span>
     <span class='ocr_line' id='line_1_15' title="bbox 49 1054 1488 1117; baseline -0.001 -16"><span class='ocrx_word' id='word_1_117' title='bbox 49 1072 73 1101; x_wconf 87' lang='lat' dir='ltr'><strong>e</strong></span> <span class='ocrx_word' id='word_1_118' title='bbox 104 1059 253 1117; x_wconf 84' lang='lat' dir='ltr'><strong>legatis</strong></span> <span class='ocrx_word' id='word_1_119' title='bbox 285 1059 396 1112; x_wconf 87' lang='lat' dir='ltr'><strong>regis</strong></span> <span class='ocrx_word' id='word_1_120' title='bbox 427 1058 643 1110; x_wconf 84' lang='lat' dir='ltr'><strong>Ungariae.</strong></span> <span class='ocrx_word' id='word_1_121' title='bbox 701 1058 849 1097; x_wconf 85' lang='lat' dir='ltr'><strong>dicitur</strong></span> <span class='ocrx_word' id='word_1_122' title='bbox 876 1061 916 1097; x_wconf 91' lang='lat' dir='ltr'><strong>et</strong></span> <span class='ocrx_word' id='word_1_123' title='bbox 943 1057 1074 1108; x_wconf 81' lang='grc' dir='ltr'><em>μέγας</em></span> <span class='ocrx_word' id='word_1_124' title='bbox 1104 1054 1309 1105; x_wconf 76' lang='grc' dir='ltr'>ζουπάνος</span> <span class='ocrx_word' id='word_1_125' title='bbox 1337 1059 1377 1098; x_wconf 92' lang='lat' dir='ltr'><strong>in</strong></span> <span class='ocrx_word' id='word_1_126' title='bbox 1406 1058 1488 1098; x_wconf 86' lang='lat' dir='ltr'><strong>Sa-</strong></span> 
     </span>
     <span class='ocr_line' id='line_1_16' title="bbox 47 1109 1489 1167; baseline -0.001 -11"><span class='ocrx_word' id='word_1_127' title='bbox 47 1116 164 1156; x_wconf 80' lang='lat' dir='ltr'><strong>lutat.</strong></span> <span class='ocrx_word' id='word_1_128' title='bbox 193 1114 361 1167; x_wconf 74' lang='lat' dir='ltr'><strong>Epistol.</strong></span> <span class='ocrx_word' id='word_1_129' title='bbox 388 1114 534 1154; x_wconf 86' lang='lat' dir='ltr'><strong>Pontif.</strong></span> <span class='ocrx_word' id='word_1_130' title='bbox 562 1113 628 1166; x_wconf 92' lang='lat' dir='ltr'><strong>qui</strong></span> <span class='ocrx_word' id='word_1_131' title='bbox 659 1109 966 1163; x_wconf 74' lang='grc' dir='ltr'>α’ρχιζουπάνος</span> <span class='ocrx_word' id='word_1_132' title='bbox 994 1113 1100 1165; x_wconf 86' lang='lat' dir='ltr'><strong>apud</strong></span> <span class='ocrx_word' id='word_1_133' title='bbox 1121 1114 1301 1154; x_wconf 88' lang='lat' dir='ltr'><strong>Nicetam</strong></span> <span class='ocrx_word' id='word_1_134' title='bbox 1328 1113 1369 1154; x_wconf 91' lang='lat' dir='ltr'><strong>in</strong></span> <span class='ocrx_word' id='word_1_135' title='bbox 1400 1114 1489 1154; x_wconf 86' lang='lat' dir='ltr'><strong>Ma-</strong></span> 
     </span>
     <span class='ocr_line' id='line_1_17' title="bbox 56 1168 1489 1222; baseline -0.002 -11"><span class='ocrx_word' id='word_1_136' title='bbox 56 1171 175 1211; x_wconf 85' lang='lat' dir='ltr'><strong>nuele</strong></span> <span class='ocrx_word' id='word_1_137' title='bbox 205 1170 406 1210; x_wconf 88' lang='lat' dir='ltr'><strong>Comneno</strong></span> <span class='ocrx_word' id='word_1_138' title='bbox 435 1173 461 1208; x_wconf 78' lang='lat'><strong>2</strong></span> <span class='ocrx_word' id='word_1_139' title='bbox 488 1173 514 1208; x_wconf 73' lang='lat'><strong>⁶7</strong></span> <span class='ocrx_word' id='word_1_140' title='bbox 541 1174 576 1208; x_wconf 76' lang='lat' dir='ltr'><strong>et</strong></span> <span class='ocrx_word' id='word_1_141' title='bbox 608 1170 796 1208; x_wconf 88' lang='lat' dir='ltr'><strong>Ioannem</strong></span> <span class='ocrx_word' id='word_1_142' title='bbox 823 1168 1045 1208; x_wconf 88' lang='lat' dir='ltr'><strong>Cinnanum</strong></span> <span class='ocrx_word' id='word_1_143' title='bbox 1070 1172 1098 1209; x_wconf 83' lang='lat'><strong>3</strong></span> <span class='ocrx_word' id='word_1_144' title='bbox 1118 1172 1156 1209; x_wconf 72' lang='lat'><strong>7.</strong></span> <span class='ocrx_word' id='word_1_145' title='bbox 1213 1180 1389 1222; x_wconf 73' lang='lat' dir='ltr'><strong>maynus</strong></span> <span class='ocrx_word' id='word_1_146' title='bbox 1418 1182 1489 1209; x_wconf 80' lang='lat' dir='ltr'><strong>au-</strong></span> 
     </span>
     <span class='ocr_line' id='line_1_18' title="bbox 48 1223 1490 1278; baseline -0.001 -13"><span class='ocrx_word' id='word_1_147' title='bbox 48 1229 129 1265; x_wconf 82' lang='lat' dir='ltr'><strong>tem</strong></span> <span class='ocrx_word' id='word_1_148' title='bbox 160 1235 354 1278; x_wconf 78' lang='lat' dir='ltr'><strong>zupanus</strong></span> <span class='ocrx_word' id='word_1_149' title='bbox 383 1225 612 1276; x_wconf 81' lang='lat' dir='ltr'><strong>appellatur</strong></span> <span class='ocrx_word' id='word_1_150' title='bbox 639 1223 869 1263; x_wconf 85' lang='lat' dir='ltr'><strong>Innocentio</strong></span> <span class='ocrx_word' id='word_1_151' title='bbox 901 1223 954 1262; x_wconf 89' lang='lat'><strong>111</strong></span> <span class='ocrx_word' id='word_1_152' title='bbox 990 1235 1122 1275; x_wconf 84' lang='lat' dir='ltr'><strong>papae</strong></span> <span class='ocrx_word' id='word_1_153' title='bbox 1154 1224 1181 1263; x_wconf 89' lang='lat' dir='ltr'><strong>l.</strong></span> <span class='ocrx_word' id='word_1_154' title='bbox 1210 1228 1234 1263; x_wconf 95' lang='lat'>1</span> <span class='ocrx_word' id='word_1_155' title='bbox 1267 1231 1308 1264; x_wconf 86' lang='lat' dir='ltr'><strong>et</strong></span> <span class='ocrx_word' id='word_1_156' title='bbox 1339 1228 1366 1263; x_wconf 83' lang='lat'>2</span> <span class='ocrx_word' id='word_1_157' title='bbox 1393 1224 1490 1276; x_wconf 84' lang='lat' dir='ltr'><strong>Epi-</strong></span> 
     </span>
     <span class='ocr_line' id='line_1_19' title="bbox 49 1277 1488 1330; baseline -0.001 -10"><span class='ocrx_word' id='word_1_158' title='bbox 49 1281 142 1321; x_wconf 82' lang='lat' dir='ltr'><strong>stol.</strong></span> <span class='ocrx_word' id='word_1_159' title='bbox 173 1284 213 1319; x_wconf 94' lang='lat' dir='ltr'><strong>et</strong></span> <span class='ocrx_word' id='word_1_160' title='bbox 239 1281 280 1320; x_wconf 89' lang='lat' dir='ltr'><strong>in</strong></span> <span class='ocrx_word' id='word_1_161' title='bbox 309 1280 420 1319; x_wconf 88' lang='lat' dir='ltr'><strong>Actis</strong></span> <span class='ocrx_word' id='word_1_162' title='bbox 441 1279 627 1319; x_wconf 83' lang='lat' dir='ltr'><strong>eiusdem.</strong></span> <span class='ocrx_word' id='word_1_163' title='bbox 684 1278 743 1318; x_wconf 82' lang='lat' dir='ltr'><strong>ita</strong></span> <span class='ocrx_word' id='word_1_164' title='bbox 775 1290 897 1330; x_wconf 90' lang='lat' dir='ltr'><strong>porro</strong></span> <span class='ocrx_word' id='word_1_165' title='bbox 927 1278 1155 1330; x_wconf 83' lang='lat' dir='ltr'><strong>appellatus</strong></span> <span class='ocrx_word' id='word_1_166' title='bbox 1175 1277 1346 1319; x_wconf 85' lang='lat' dir='ltr'><strong>Serviae</strong></span> <span class='ocrx_word' id='word_1_167' title='bbox 1374 1280 1488 1330; x_wconf 81' lang='lat' dir='ltr'><strong>prin-</strong></span> 
     </span>
     <span class='ocr_line' id='line_1_20' title="bbox 48 1332 1487 1389; baseline -0.001 -13"><span class='ocrx_word' id='word_1_168' title='bbox 48 1348 153 1389; x_wconf 82' lang='lat' dir='ltr'><strong>ceps.</strong></span> <span class='ocrx_word' id='word_1_169' title='bbox 183 1336 276 1376; x_wconf 81' lang='lat' dir='ltr'><strong>vide</strong></span> <span class='ocrx_word' id='word_1_170' title='bbox 290 1334 487 1388; x_wconf 79' lang='lat' dir='ltr'><strong>Ducangii</strong></span> <span class='ocrx_word' id='word_1_171' title='bbox 506 1332 757 1374; x_wconf 83' lang='lat' dir='ltr'><strong>Glossarium</strong></span> <span class='ocrx_word' id='word_1_172' title='bbox 785 1333 887 1373; x_wconf 87' lang='lat' dir='ltr'><strong>med.</strong></span> <span class='ocrx_word' id='word_1_173' title='bbox 909 1333 1142 1374; x_wconf 84' lang='lat' dir='ltr'><strong>Latinitatis</strong></span> <span class='ocrx_word' id='word_1_174' title='bbox 1171 1346 1326 1375; x_wconf 89' lang='lat' dir='ltr'><strong>necnon</strong></span> <span class='ocrx_word' id='word_1_175' title='bbox 1355 1334 1487 1376; x_wconf 86' lang='lat' dir='ltr'><strong>Grae-</strong></span> 
     </span>
     <span class='ocr_line' id='line_1_21' title="bbox 48 1388 1069 1441; baseline -0.002 -11"><span class='ocrx_word' id='word_1_176' title='bbox 48 1390 113 1432; x_wconf 90' lang='lat' dir='ltr'><strong>cit.</strong></span> <span class='ocrx_word' id='word_1_177' title='bbox 146 1393 187 1430; x_wconf 82' lang='lat' dir='ltr'><strong>et</strong></span> <span class='ocrx_word' id='word_1_178' title='bbox 214 1394 332 1431; x_wconf 87' lang='lat' dir='ltr'><strong>notas</strong></span> <span class='ocrx_word' id='word_1_179' title='bbox 362 1390 538 1429; x_wconf 83' lang='lat' dir='ltr'><strong>eiusdem</strong></span> <span class='ocrx_word' id='word_1_180' title='bbox 567 1389 617 1429; x_wconf 81' lang='lat' dir='ltr'><strong>ad</strong></span> <span class='ocrx_word' id='word_1_181' title='bbox 640 1388 876 1429; x_wconf 81' lang='lat' dir='ltr'><strong>Alexiadem</strong></span> <span class='ocrx_word' id='word_1_182' title='bbox 902 1401 941 1441; x_wconf 89' lang='lat' dir='ltr'><strong>p.</strong></span> <span class='ocrx_word' id='word_1_183' title='bbox 973 1391 1069 1429; x_wconf 82' lang='grc'><strong>347.</strong></span> 
     </span>
    </p>
   </div>
   <div class='ocr_carea' id='block_1_3' title="bbox 155 1444 1184 1696">
    <p class='ocr_par' dir='ltr' id='par_1_6' title="bbox 155 1444 1184 1630">
     <span class='ocr_line' id='line_1_22' title="bbox 155 1444 1184 1507; baseline -0.002 -10"><span class='ocrx_word' id='word_1_184' title='bbox 155 1454 264 1498; x_wconf 75' lang='grc' dir='ltr'><strong>Ιόἱά.</strong></span> <span class='ocrx_word' id='word_1_185' title='bbox 312 1444 547 1497; x_wconf 58' lang='grc' dir='ltr'><strong>ὈΙιΙεδίηηιι</strong></span> <span class='ocrx_word' id='word_1_186' title='bbox 575 1454 694 1494; x_wconf 89' lang='lat' dir='ltr'><strong>hodie</strong></span> <span class='ocrx_word' id='word_1_187' title='bbox 722 1451 887 1495; x_wconf 81' lang='lat' dir='ltr'><strong>le&#39;zmo</strong></span> <span class='ocrx_word' id='word_1_188' title='bbox 918 1458 1184 1507; x_wconf 85' lang='lat' dir='ltr'><strong>nuncupatur.</strong></span> 
     </span>
     <span class='ocr_line' id='line_1_23' title="bbox 155 1519 1136 1564; baseline -0.001 -1"><span class='ocrx_word' id='word_1_189' title='bbox 155 1520 268 1564; x_wconf 78' lang='lat' dir='ltr'><strong><em>Ibid.</em></strong></span> <span class='ocrx_word' id='word_1_190' title='bbox 299 1526 338 1563; x_wconf 77' lang='grc'><strong>7.</strong></span> <span class='ocrx_word' id='word_1_191' title='bbox 393 1524 631 1562; x_wconf 78' lang='lat' dir='ltr'><strong>&#39;rzentzena</strong></span> <span class='ocrx_word' id='word_1_192' title='bbox 658 1521 778 1561; x_wconf 84' lang='lat' dir='ltr'><strong>hodie</strong></span> <span class='ocrx_word' id='word_1_193' title='bbox 796 1519 950 1563; x_wconf 81' lang='lat' dir='ltr'><strong>Cetina</strong></span> <span class='ocrx_word' id='word_1_194' title='bbox 979 1521 1136 1563; x_wconf 86' lang='lat' dir='ltr'><strong>dicitur.</strong></span> 
     </span>
     <span class='ocr_line' id='line_1_24' title="bbox 157 1586 992 1630; baseline 0.001 -3"><span class='ocrx_word' id='word_1_195' title='bbox 157 1587 265 1630; x_wconf 75' lang='lat' dir='ltr'><strong>Ibid.</strong></span> <span class='ocrx_word' id='word_1_196' title='bbox 322 1589 467 1629; x_wconf 78' lang='lat' dir='ltr'><strong>Emota</strong></span> <span class='ocrx_word' id='word_1_197' title='bbox 500 1601 606 1628; x_wconf 89' lang='lat' dir='ltr'><strong>nunc</strong></span> <span class='ocrx_word' id='word_1_198' title='bbox 634 1586 775 1629; x_wconf 85' lang='lat' dir='ltr'><strong>Imota</strong></span> <span class='ocrx_word' id='word_1_199' title='bbox 810 1592 992 1629; x_wconf 86' lang='lat' dir='ltr'><strong>vocatur.</strong></span> 
     </span>
    </p>

    <p class='ocr_par' dir='ltr' id='par_1_7' title="bbox 160 1652 1051 1696">
     <span class='ocr_line' id='line_1_25' title="bbox 160 1652 1051 1696; baseline 0.001 -2"><span class='ocrx_word' id='word_1_200' title='bbox 160 1652 271 1696; x_wconf 79' lang='lat' dir='ltr'><strong>Ibid.</strong></span> <span class='ocrx_word' id='word_1_201' title='bbox 326 1655 452 1695; x_wconf 88' lang='lat' dir='ltr'><strong>Pleba</strong></span> <span class='ocrx_word' id='word_1_202' title='bbox 476 1655 616 1694; x_wconf 80' lang='lat' dir='ltr'><strong>forsan</strong></span> <span class='ocrx_word' id='word_1_203' title='bbox 654 1652 806 1695; x_wconf 77' lang='lat' dir='ltr'><strong>Plieva</strong></span> <span class='ocrx_word' id='word_1_204' title='bbox 833 1655 875 1695; x_wconf 91' lang='lat' dir='ltr'><strong>in</strong></span> <span class='ocrx_word' id='word_1_205' title='bbox 903 1654 1051 1696; x_wconf 85' lang='lat' dir='ltr'><strong>Bosna.</strong></span> 
     </span>
    </p>
   </div>
   <div class='ocr_carea' id='block_1_4' title="bbox 45 1717 1489 2158">
    <p class='ocr_par' dir='ltr' id='par_1_8' title="bbox 45 1717 1489 1993">
     <span class='ocr_line' id='line_1_26' title="bbox 134 1717 1489 1785; baseline -0.001 -24"><span class='ocrx_word' id='word_1_206' title='bbox 134 1717 266 1785; x_wconf 63' lang='lat' dir='ltr'><strong>Jbid.</strong></span> <span class='ocrx_word' id='word_1_207' title='bbox 336 1718 529 1759; x_wconf 78' lang='grc' dir='ltr'>Πεσὲντα</span> <span class='ocrx_word' id='word_1_208' title='bbox 579 1724 722 1773; x_wconf 86' lang='lat' dir='ltr'><strong>postea</strong></span> <span class='ocrx_word' id='word_1_209' title='bbox 766 1720 807 1760; x_wconf 86' lang='lat' dir='ltr'><strong>in</strong></span> <span class='ocrx_word' id='word_1_210' title='bbox 860 1720 1033 1761; x_wconf 86' lang='lat' dir='ltr'><strong>dioecesi</strong></span> <span class='ocrx_word' id='word_1_211' title='bbox 1083 1719 1317 1771; x_wconf 87' lang='lat' dir='ltr'><strong>Tinninien‚</strong></span> <span class='ocrx_word' id='word_1_212' title='bbox 1363 1720 1489 1773; x_wconf 88' lang='lat' dir='ltr'><strong>inquit</strong></span> 
     </span>
     <span class='ocr_line' id='line_1_27' title="bbox 46 1774 1488 1882; baseline 0.003 -16"><span class='ocrx_word' id='word_1_213' title='bbox 46 1774 266 1872; x_wconf 56' lang='lat' dir='ltr'><strong>Lucmlsbid.</strong></span> <span class='ocrx_word' id='word_1_214' title='bbox 334 1827 710 1882; x_wconf 78' lang='grc' dir='ltr'>Παραθαλασσιά]</span> <span class='ocrx_word' id='word_1_215' title='bbox 755 1830 902 1870; x_wconf 87' lang='lat' dir='ltr'><strong>Latine</strong></span> <span class='ocrx_word' id='word_1_216' title='bbox 941 1828 1191 1882; x_wconf 80' lang='lat' dir='ltr'><strong>Maritima,</strong></span> <span class='ocrx_word' id='word_1_217' title='bbox 1232 1830 1359 1872; x_wconf 84' lang='lat' dir='ltr'><strong>Slavc</strong></span> <span class='ocrx_word' id='word_1_218' title='bbox 1391 1828 1488 1871; x_wconf 79' lang='lat' dir='ltr'><strong>Pri-</strong></span> 
     </span>
     <span class='ocr_line' id='line_1_28' title="bbox 45 1895 1069 1993; baseline 0 -13"><span class='ocrx_word' id='word_1_219' title='bbox 45 1895 266 1991; x_wconf 38' lang='lat' dir='ltr'><strong>mamam,</strong></span> <span class='ocrx_word' id='word_1_220' title='bbox 293 1944 334 1982; x_wconf 89' lang='lat'><strong>8.</strong></span> <span class='ocrx_word' id='word_1_221' title='bbox 391 1939 572 1980; x_wconf 85' lang='lat' dir='ltr'><strong>Brebera</strong></span> <span class='ocrx_word' id='word_1_222' title='bbox 600 1939 719 1981; x_wconf 84' lang='lat' dir='ltr'><strong>hodie</strong></span> <span class='ocrx_word' id='word_1_223' title='bbox 750 1939 874 1993; x_wconf 87' lang='lat' dir='ltr'><strong>vulgo</strong></span> <span class='ocrx_word' id='word_1_224' title='bbox 905 1935 1069 1981; x_wconf 71' lang='lat' dir='ltr'><strong>Bribir.</strong></span> 
     </span>
    </p>

    <p class='ocr_par' dir='ltr' id='par_1_9' title="bbox 153 1993 720 2036">
     <span class='ocr_line' id='line_1_29' title="bbox 153 1993 720 2036; baseline 0.004 -2"><span class='ocrx_word' id='word_1_225' title='bbox 153 1993 263 2036; x_wconf 69' lang='lat' dir='ltr'><strong>Ibid.</strong></span> <span class='ocrx_word' id='word_1_226' title='bbox 319 1997 435 2036; x_wconf 84' lang='lat' dir='ltr'><strong>Nona</strong></span> <span class='ocrx_word' id='word_1_227' title='bbox 464 1995 590 2036; x_wconf 87' lang='lat' dir='ltr'><strong>Slave</strong></span> <span class='ocrx_word' id='word_1_228' title='bbox 617 1994 720 2036; x_wconf 78' lang='lat' dir='ltr'><strong>Nin-</strong></span> 
     </span>
    </p>

    <p class='ocr_par' dir='ltr' id='par_1_10' title="bbox 155 2047 1238 2101">
     <span class='ocr_line' id='line_1_30' title="bbox 155 2047 1238 2101; baseline 0.001 -12"><span class='ocrx_word' id='word_1_229' title='bbox 155 2049 264 2092; x_wconf 80' lang='lat' dir='ltr'><strong>Ibid.</strong></span> <span class='ocrx_word' id='word_1_230' title='bbox 328 2047 463 2101; x_wconf 79' lang='grc' dir='ltr'><strong>Τνὴνα</strong></span> <span class='ocrx_word' id='word_1_231' title='bbox 491 2050 635 2091; x_wconf 84' lang='lat' dir='ltr'><strong>Latine</strong></span> <span class='ocrx_word' id='word_1_232' title='bbox 670 2050 924 2099; x_wconf 78' lang='lat' dir='ltr'><strong>Tinninium‚</strong></span> <span class='ocrx_word' id='word_1_233' title='bbox 952 2050 1080 2090; x_wconf 80' lang='lat' dir='ltr'><strong>Siave</strong></span> <span class='ocrx_word' id='word_1_234' title='bbox 1108 2047 1238 2099; x_wconf 73' lang='lat' dir='ltr'><strong>Knin.</strong></span> 
     </span>
    </p>

    <p class='ocr_par' dir='ltr' id='par_1_11' title="bbox 155 2101 1242 2158">
     <span class='ocr_line' id='line_1_31' title="bbox 155 2101 1242 2158; baseline -0.001 -12"><span class='ocrx_word' id='word_1_235' title='bbox 155 2101 266 2147; x_wconf 72' lang='lat' dir='ltr'><strong>Ibid.</strong></span> <span class='ocrx_word' id='word_1_236' title='bbox 324 2105 510 2156; x_wconf 75' lang='grc' dir='ltr'><em>Σίδραγα</em></span> <span class='ocrx_word' id='word_1_237' title='bbox 538 2109 682 2158; x_wconf 85' lang='lat' dir='ltr'><strong>postea</strong></span> <span class='ocrx_word' id='word_1_238' title='bbox 711 2106 752 2146; x_wconf 89' lang='lat' dir='ltr'><strong>in</strong></span> <span class='ocrx_word' id='word_1_239' title='bbox 789 2104 963 2144; x_wconf 84' lang='lat' dir='ltr'><strong>dioecesi</strong></span> <span class='ocrx_word' id='word_1_240' title='bbox 992 2104 1242 2146; x_wconf 83' lang='lat' dir='ltr'><strong>Scardonen.</strong></span> 
     </span>
    </p>
   </div>
   <div class='ocr_carea' id='block_1_5' title="bbox 46 2169 1490 2346">
    <p class='ocr_par' dir='ltr' id='par_1_12' title="bbox 46 2169 1490 2346">
     <span class='ocr_line' id='line_1_32' title="bbox 155 2169 1490 2224; baseline -0.001 -11"><span class='ocrx_word' id='word_1_241' title='bbox 155 2169 266 2213; x_wconf 74' lang='lat' dir='ltr'><strong>Ibid.</strong></span> <span class='ocrx_word' id='word_1_242' title='bbox 320 2172 437 2223; x_wconf 86' lang='lat' dir='ltr'><strong>Nina,</strong></span> <span class='ocrx_word' id='word_1_243' title='bbox 464 2171 542 2212; x_wconf 85' lang='lat' dir='ltr'><strong>nisi</strong></span> <span class='ocrx_word' id='word_1_244' title='bbox 574 2172 630 2213; x_wconf 90' lang='lat' dir='ltr'><strong>sit</strong></span> <span class='ocrx_word' id='word_1_245' title='bbox 659 2172 764 2213; x_wconf 89' lang='lat' dir='ltr'><strong>idem</strong></span> <span class='ocrx_word' id='word_1_246' title='bbox 790 2184 839 2211; x_wconf 85' lang='lat' dir='ltr'><strong>ac</strong></span> <span class='ocrx_word' id='word_1_247' title='bbox 862 2172 991 2223; x_wconf 88' lang='lat' dir='ltr'><strong>Nona,</strong></span> <span class='ocrx_word' id='word_1_248' title='bbox 1023 2175 1064 2211; x_wconf 88' lang='lat' dir='ltr'><strong>et</strong></span> <span class='ocrx_word' id='word_1_249' title='bbox 1095 2171 1136 2212; x_wconf 89' lang='lat' dir='ltr'><strong>in</strong></span> <span class='ocrx_word' id='word_1_250' title='bbox 1164 2171 1265 2213; x_wconf 88' lang='lat' dir='ltr'><strong>duas</strong></span> <span class='ocrx_word' id='word_1_251' title='bbox 1292 2171 1490 2224; x_wconf 82' lang='lat' dir='ltr'><strong>zupanias</strong></span> 
     </span>
     <span class='ocr_line' id='line_1_33' title="bbox 46 2225 534 2280; baseline -0.002 -13"><span class='ocrx_word' id='word_1_252' title='bbox 46 2225 190 2275; x_wconf 78' lang='lat' dir='ltr'><strong>divisa,</strong></span> <span class='ocrx_word' id='word_1_253' title='bbox 216 2227 345 2280; x_wconf 89' lang='lat' dir='ltr'><strong>inquit</strong></span> <span class='ocrx_word' id='word_1_254' title='bbox 374 2227 534 2267; x_wconf 90' lang='lat' dir='ltr'><strong>Lucius.</strong></span> 
     </span>
     <span class='ocr_line' id='line_1_34' title="bbox 155 2289 1490 2346; baseline 0.001 -16"><span class='ocrx_word' id='word_1_255' title='bbox 155 2290 266 2334; x_wconf 75' lang='lat' dir='ltr'><strong>Ibid.</strong></span> <span class='ocrx_word' id='word_1_256' title='bbox 287 2297 326 2334; x_wconf 84' lang='lat'><strong>9.</strong></span> <span class='ocrx_word' id='word_1_257' title='bbox 356 2289 533 2339; x_wconf 75' lang='grc' dir='ltr'>Βοάνος]</span> <span class='ocrx_word' id='word_1_258' title='bbox 550 2293 692 2334; x_wconf 87' lang='lat' dir='ltr'><strong>Latine</strong></span> <span class='ocrx_word' id='word_1_259' title='bbox 705 2289 865 2340; x_wconf 61' lang='lat' dir='ltr'><strong>Bareas,</strong></span> <span class='ocrx_word' id='word_1_260' title='bbox 885 2292 990 2333; x_wconf 88' lang='lat' dir='ltr'><strong>idem</strong></span> <span class='ocrx_word' id='word_1_261' title='bbox 1009 2292 1114 2346; x_wconf 80' lang='lat' dir='ltr'><strong>quod</strong></span> <span class='ocrx_word' id='word_1_262' title='bbox 1134 2293 1227 2345; x_wconf 86' lang='lat' dir='ltr'><strong>dux,</strong></span> <span class='ocrx_word' id='word_1_263' title='bbox 1242 2291 1369 2334; x_wconf 82' lang='lat' dir='ltr'><strong>slave</strong></span> <span class='ocrx_word' id='word_1_264' title='bbox 1380 2290 1490 2334; x_wconf 76' lang='lat' dir='ltr'><strong>Bau.</strong></span> 
     </span>
    </p>
   </div>
   <div class='ocr_carea' id='block_1_6' title="bbox 155 2344 1175 2444">
    <p class='ocr_par' dir='ltr' id='par_1_13' title="bbox 155 2344 1175 2444">
     <span class='ocr_line' id='line_1_35' title="bbox 155 2344 1175 2400; baseline -0.001 -12"><span class='ocrx_word' id='word_1_265' title='bbox 155 2346 265 2388; x_wconf 78' lang='lat' dir='ltr'><strong><em>Ibid.</em></strong></span> <span class='ocrx_word' id='word_1_266' title='bbox 323 2344 494 2388; x_wconf 80' lang='lat' dir='ltr'><strong>Cribasa</strong></span> <span class='ocrx_word' id='word_1_267' title='bbox 522 2348 649 2389; x_wconf 85' lang='lat' dir='ltr'><strong>Slave</strong></span> <span class='ocrx_word' id='word_1_268' title='bbox 677 2351 932 2400; x_wconf 84' lang='lat' dir='ltr'><strong>nuncupatur</strong></span> <span class='ocrx_word' id='word_1_269' title='bbox 958 2346 1175 2389; x_wconf 82' lang='lat' dir='ltr'><strong>Karbava.</strong></span> 
     </span>
     <span class='ocr_line' id='line_1_36' title="bbox 155 2401 752 2444; baseline -0.002 -2"><span class='ocrx_word' id='word_1_270' title='bbox 155 2401 264 2443; x_wconf 69' lang='lat' dir='ltr'><strong>Ihm.</strong></span> <span class='ocrx_word' id='word_1_271' title='bbox 323 2403 443 2443; x_wconf 85' lang='lat' dir='ltr'><strong>Litza</strong></span> <span class='ocrx_word' id='word_1_272' title='bbox 468 2402 595 2444; x_wconf 83' lang='lat' dir='ltr'><strong>slave</strong></span> <span class='ocrx_word' id='word_1_273' title='bbox 625 2401 752 2444; x_wconf 72' lang='lat' dir='ltr'><strong>LiTca.</strong></span> 
     </span>
    </p>
   </div>
   <div class='ocr_carea' id='block_1_7' title="bbox 44 2465 1492 2742">
    <p class='ocr_par' dir='ltr' id='par_1_14' title="bbox 44 2465 1492 2742">
     <span class='ocr_line' id='line_1_37' title="bbox 155 2465 1491 2523; baseline 0.001 -14"><span class='ocrx_word' id='word_1_274' title='bbox 155 2465 265 2509; x_wconf 74' lang='lat' dir='ltr'><strong>Ibid.</strong></span> <span class='ocrx_word' id='word_1_275' title='bbox 282 2473 345 2508; x_wconf 83' lang='lat'><strong>10.</strong></span> <span class='ocrx_word' id='word_1_276' title='bbox 405 2467 443 2506; x_wconf 96' lang='grc' dir='ltr'><strong><em>Γ</em></strong></span> <span class='ocrx_word' id='word_1_277' title='bbox 441 2467 621 2520; x_wconf 80' lang='grc' dir='ltr'><em>ουτζηκᾶ</em></span> <span class='ocrx_word' id='word_1_278' title='bbox 650 2472 791 2521; x_wconf 84' lang='lat' dir='ltr'><strong>postea</strong></span> <span class='ocrx_word' id='word_1_279' title='bbox 817 2469 858 2508; x_wconf 91' lang='lat' dir='ltr'><strong>in</strong></span> <span class='ocrx_word' id='word_1_280' title='bbox 887 2468 1061 2509; x_wconf 87' lang='lat' dir='ltr'><strong>dioecesi</strong></span> <span class='ocrx_word' id='word_1_281' title='bbox 1090 2468 1271 2523; x_wconf 83' lang='lat' dir='ltr'><strong>Signicn.</strong></span> <span class='ocrx_word' id='word_1_282' title='bbox 1317 2473 1491 2510; x_wconf 87' lang='lat' dir='ltr'><strong>ceterum</strong></span> 
     </span>
     <span class='ocr_line' id='line_1_38' title="bbox 44 2523 1492 2577; baseline 0 -14"><span class='ocrx_word' id='word_1_283' title='bbox 44 2523 87 2563; x_wconf 93' lang='lat' dir='ltr'><strong>in</strong></span> <span class='ocrx_word' id='word_1_284' title='bbox 109 2523 252 2563; x_wconf 86' lang='lat' dir='ltr'><strong>relatis</strong></span> <span class='ocrx_word' id='word_1_285' title='bbox 267 2523 465 2575; x_wconf 84' lang='lat' dir='ltr'><strong>zupaniis,</strong></span> <span class='ocrx_word' id='word_1_286' title='bbox 484 2524 614 2576; x_wconf 88' lang='lat' dir='ltr'><strong>inquit</strong></span> <span class='ocrx_word' id='word_1_287' title='bbox 627 2525 785 2574; x_wconf 86' lang='lat' dir='ltr'><strong>Lucius,</strong></span> <span class='ocrx_word' id='word_1_288' title='bbox 805 2524 1031 2564; x_wconf 82' lang='lat' dir='ltr'><strong>maritimae</strong></span> <span class='ocrx_word' id='word_1_289' title='bbox 1053 2529 1096 2564; x_wconf 91' lang='lat' dir='ltr'><strong>ut</strong></span> <span class='ocrx_word' id='word_1_290' title='bbox 1115 2525 1329 2577; x_wconf 80' lang='lat' dir='ltr'><strong>plurimum</strong></span> <span class='ocrx_word' id='word_1_291' title='bbox 1355 2525 1492 2577; x_wconf 86' lang='lat' dir='ltr'><strong>regio-</strong></span> 
     </span>
     <span class='ocr_line' id='line_1_39' title="bbox 44 2579 1489 2632; baseline 0.001 -15"><span class='ocrx_word' id='word_1_292' title='bbox 44 2590 118 2617; x_wconf 82' lang='lat' dir='ltr'><strong>nes</strong></span> <span class='ocrx_word' id='word_1_293' title='bbox 146 2584 436 2628; x_wconf 81' lang='lat' dir='ltr'><strong>numerantur3</strong></span> <span class='ocrx_word' id='word_1_294' title='bbox 479 2579 569 2618; x_wconf 85' lang='lat' dir='ltr'><strong>ideo</strong></span> <span class='ocrx_word' id='word_1_295' title='bbox 598 2580 665 2618; x_wconf 89' lang='lat' dir='ltr'><strong>vel</strong></span> <span class='ocrx_word' id='word_1_296' title='bbox 691 2579 811 2618; x_wconf 87' lang='lat' dir='ltr'><strong>duces</strong></span> <span class='ocrx_word' id='word_1_297' title='bbox 853 2579 939 2619; x_wconf 85' lang='lat' dir='ltr'><strong>sive</strong></span> <span class='ocrx_word' id='word_1_298' title='bbox 966 2579 1061 2620; x_wconf 88' lang='lat' dir='ltr'><strong>bani</strong></span> <span class='ocrx_word' id='word_1_299' title='bbox 1085 2592 1111 2620; x_wconf 86' lang='lat' dir='ltr'><strong>a</strong></span> <span class='ocrx_word' id='word_1_300' title='bbox 1139 2580 1489 2632; x_wconf 85' lang='lat' dir='ltr'><strong>Porphyrogenito</strong></span> 
     </span>
     <span class='ocr_line' id='line_1_40' title="bbox 45 2633 1490 2688; baseline 0.001 -16"><span class='ocrx_word' id='word_1_301' title='bbox 45 2633 242 2672; x_wconf 86' lang='lat' dir='ltr'><strong>nominati</strong></span> <span class='ocrx_word' id='word_1_302' title='bbox 286 2633 527 2673; x_wconf 80' lang='lat' dir='ltr'><strong>maritimam</strong></span> <span class='ocrx_word' id='word_1_303' title='bbox 566 2637 720 2674; x_wconf 84' lang='lat' dir='ltr'><strong>tantum</strong></span> <span class='ocrx_word' id='word_1_304' title='bbox 751 2633 955 2674; x_wconf 83' lang='lat' dir='ltr'><strong>Croatiam</strong></span> <span class='ocrx_word' id='word_1_305' title='bbox 983 2635 1249 2687; x_wconf 85' lang='lat' dir='ltr'><strong>possederunt</strong></span> <span class='ocrx_word' id='word_1_306' title='bbox 1266 2667 1276 2687; x_wconf 90' lang='lat'>‚</span> <span class='ocrx_word' id='word_1_307' title='bbox 1305 2636 1372 2676; x_wconf 89' lang='lat' dir='ltr'><strong>vel</strong></span> <span class='ocrx_word' id='word_1_308' title='bbox 1401 2635 1490 2688; x_wconf 85' lang='lat' dir='ltr'><strong>ipse</strong></span> 
     </span>
     <span class='ocr_line' id='line_1_41' title="bbox 44 2687 1293 2742; baseline 0.003 -15"><span class='ocrx_word' id='word_1_309' title='bbox 44 2687 86 2727; x_wconf 90' lang='lat' dir='ltr'><strong>in</strong></span> <span class='ocrx_word' id='word_1_310' title='bbox 115 2689 234 2729; x_wconf 88' lang='lat' dir='ltr'><strong>rebus</strong></span> <span class='ocrx_word' id='word_1_311' title='bbox 264 2688 583 2732; x_wconf 85' lang='lat' dir='ltr'><strong>occidentalibus</strong></span> <span class='ocrx_word' id='word_1_312' title='bbox 612 2701 752 2742; x_wconf 85' lang='lat' dir='ltr'><strong>parum</strong></span> <span class='ocrx_word' id='word_1_313' title='bbox 780 2693 965 2730; x_wconf 83' lang='lat' dir='ltr'><strong>versatus</strong></span> <span class='ocrx_word' id='word_1_314' title='bbox 992 2691 1117 2731; x_wconf 82' lang='lat' dir='ltr'><strong>muita</strong></span> <span class='ocrx_word' id='word_1_315' title='bbox 1147 2690 1293 2732; x_wconf 87' lang='lat' dir='ltr'><strong>omisit.</strong></span> 
     </span>
    </p>
   </div>
  </div>
 </body>
</html>
