1780 3132
283 109 338 149 ΙΝ
379 109 743 150 SYNECDEMUM
783 110 1227 154 COMMENTARIUS.
1329 169 1331 171 ι
1385 112 1473 155 551

42 225 138 267 «lum
160 227 232 267 aut
257 225 359 267 duas
386 226 481 268 illas
508 227 629 269 urbes
656 225 699 269 in
726 241 845 270 unam
872 228 1059 282 deinceps
1078 230 1276 272 coaluisse
1302 231 1477 273 arbitra-

42 285 133 331 tui-3
163 280 269 334 quod
299 285 340 322 et
365 282 462 323 mihi
489 283 638 325 arrisit.
696 283 926 325 Philocalus
967 285 1191 335 Ζαγυλὲων
1218 287 1386 327 antistes
1418 291 1479 328 est

42 335 86 377 in
114 335 285 376 concilio
311 336 554 378 Chalcedon.
583 351 624 391 p.
644 343 736 388 127,
766 344 807 379 et
837 340 941 392 apud
972 340 1223 381 Lambecium
1251 343 1353 384 Bibl.
1375 342 1475 384 vin·

42 390 132 431 deb.
160 393 190 432 8
218 403 257 444 p.
277 394 358 433 423
399 393 600 434 Maximus
640 388 864 443 Ζαγύλεως
899 395 1099 435 Gennadii
1127 395 1355 445 synodicae
1382 398 1477 438 suh-

41 445 194 487 scribit.
250 446 498 489 Athanasius
529 448 581 488 ad
611 447 846 489 Antiochen.
875 454 956 490 767
994 451 1173 490 Marcum
1201 449 1380 502 Ζιὶγρων
1406 451 1477 504 τῆς

0 520 2 522 v
40 495 206 551 ἔγγιστα
234 499 401 554 Λιβύης
425 507 631 544 memorat.
661 503 888 544 Ptolemaeo
917 510 1087 559 utraque
1113 510 1175 546 est
1204 506 1322 558 κώμη
1350 507 1476 554 viem,

4 567 7 569 “
39 566 126 651 ἓιὲἓ
151 556 277 610 longo
319 557 476 612 quidem
511 558 617 599 inter
647 570 691 599 se
718 558 950 612 intervallo,
993 573 1068 601 nec
1095 560 1218 601 iuncti
1247 567 1379 603 tamen
1407 574 1477 603 ar-

114 622 203 652 ime.

149 669 243 719 400,
273 669 312 707 1.
381 663 583 719 th'ovt'a]
613 666 816 719 Πηδωνιά
855 673 895 709 ct
925 669 1144 711 Ptolemaei
1188 682 1315 723 prope
1348 670 1472 711 Cata-

38 719 230 761 bathmon
256 733 448 774 parvum3
495 726 614 774 atque
652 723 758 763 haud
802 724 884 764 scio
930 737 983 765 an
1023 725 1117 765 hinc
1146 725 1268 765 fuerit
1299 726 1475 779 Apollon

40 774 258 822 Πιθανιάς
280 776 322 817 in
351 776 556 827 synodica
587 778 800 818 Gennadii.

148 839 257 883 Ibid-
314 838 556 904 ’Ἀντιφραῆ
594 843 722 883 eidem
764 844 992 894 Synodicae
1031 845 1206 898 Apollon
1242 843 1473 897 Ἀντίφρων

0 940 4 954 ,Ἰ
38 895 266 962 subscribit.
321 896 541 949 Αντίφραι
583 898 791 950 Straboni,
827 900 894 952 qui
926 905 978 940 17
1020 914 1059 954 p.
1079 906 1161 942 799
1186 914 1266 941 non
1295 902 1417 954 longe
1447 914 1473 941 a

37 952 294 1048 manllb‘ifflt‘
315 1003 491 1057 Δάρνις]
521 1007 622 1049 haec
650 1008 888 1061 provinciae
926 1009 1000 1049 fuit
1026 1010 1271 1062 metropolis,
1298 1010 1373 1050 nisi
1403 1011 1473 1051 Ni-

37 1061 102 1103 lus
125 1061 403 1115 Doxopatrius
439 1063 582 1113 fallat,
626 1070 735 1104 certe
767 1069 978 1117 corruptus
1014 1078 1103 1106 cum
1133 1066 1271 1105 urbem
1299 1062 1469 1117 Λοκρικαὶ

37 1121 182 1171 Pv223
211 1121 344 1158 vocat.
373 1118 495 1169 plura
520 1118 615 1160 Ant.
644 1119 735 1160 ltin.
765 1132 804 1172 p.
824 1123 891 1161 69.

145 1181 255 1226 Ibid„
280 1187 320 1224 2.
371 1179 658 1236 Ἀμμωνιακὴ]
702 1189 811 1226 recte
853 1186 912 1226 ita
937 1198 996 1226 ms
1037 1185 1223 1238 Lugdun.
1279 1198 1358 1226 non
1390 1186 1473 1226 alia

36 1243 99 1280 est
126 1252 176 1280 ac
203 1239 423 1280 Ptolemaei
462 1235 583 1290 χώρα
621 1237 919 1291 Ἀμμωνιακή,
947 1241 1048 1280 coeli
1089 1241 1244 1293 solique
1291 1241 1472 1282 siccitate

35 1306 197 1349 aspera·
251 1294 499 1335 Athanasius
522 1292 817 1347 Ἀμμωνιακήν
841 1295 911 1346 τῆς
940 1292 1107 1347 Λιβύης
1135 1296 1253 1348 Apol.
1284 1296 1334 1335 ad
1365 1296 1471 1336 Con-

35 1351 228 1392 stantium
256 1363 296 1403 p.
312 1353 396 1391 317
439 1350 644 1403 appellat,
676 1354 716 1391 et
754 1350 887 1390 exiliis
920 1351 1195 1403 episcoporum
1222 1352 1470 1403 frequentem

33 1405 160 1446 fuisse
187 1409 273 1446 tum
298 1418 345 1446 eo
373 1406 464 1446 loco
495 1410 578 1446 tum
606 1406 755 1446 Histor.
786 1406 926 1446 Arian.
961 1419 998 1458 p.
1017 1409 1098 1446 387
1140 1406 1354 1459 significat.
1384 1408 1470 1446 sor-

33 1464 144 1501 tasse
171 1465 212 1501 et
240 1460 317 1501 huc
344 1461 520 1513 pertinet
548 1461 665 1501 Oasis
696 1461 934 1509 Strabonis,
964 1473 1082 1514 quam
1111 1473 1237 1513 prope
1265 1460 1470 1501 Ammonis

35 1517 244 1557 oraculum
272 1516 460 1557 collocat.
518 1520 628 1556 recte
657 1529 756 1557 sane
781 1516 1040 1557 Ammoniace
1067 1515 1351 1568 appellabitur·

141 1581 252 1624 Ibid„
292 1586 331 1623 6.
404 1580 503 1620 Εἰσί
527 1581 600 1633 τῆς
629 1578 804 1631 δύσεως]
846 1582 947 1623 haec
988 1586 1028 1622 et
1057 1594 1159 1634 quae
1188 1586 1417 1634 sequuntur,
1444 1594 1471 1622 a

31 1651 92 1679 ms
119 1637 308 1679 Leidensi
332 1638 511 1689 exulant,
541 1637 645 1678 hanc
670 1639 891 1678 clausulam
928 1638 1119 1685 addente,
1149 1636 1262 1681 τέλος
1289 1635 1363 1673 τοῦ
1391 1650 1467 1673 κα-

31 1687 204 1743 ταλόγου
233 1690 377 1731 πασῶν
417 1691 499 1730 τῶν
524 1690 739 1743 ἐπαρχιῶν
784 1692 855 1730 καί
885 1687 1044 1729 πόλεων
1070 1690 1151 1730 τῶν
1181 1687 1260 1727 ὑπὸ
1289 1690 1362 1727 τοῦ
1391 1692 1469 1738 βα-

30 1746 180 1793 σιλέως
206 1745 290 1787 τῶν
313 1741 545 1799 Ῥωμαίων,
573 1746 650 1785 τοῦ
677 1746 721 1786 ἐν
749 1741 1202 1793 Κωνσταντινουηόλει,
1231 1743 1468 1793 διοικουμέ-

31 1816 137 1843 ww:
166 1814 272 1856 quae
298 1802 395 1843 mihi
432 1803 557 1843 multo
588 1814 746 1856 quoque
793 1802 935 1842 iustior
966 1805 1006 1841 et
1033 1801 1169 1841 verior
1199 1799 1283 1839 illis
1309 1800 1469 1839 videtur

32 1870 136 1911 quae
163 1858 209 1898 L.
241 1857 488 1898 Holsteinius
519 1870 572 1899 ex
602 1858 686 1898 suis
723 1857 925 1898 codicibus
956 1855 1183 1909 excerpsit:
1211 1866 1338 1907 neque
1364 1855 1467 1894 enim

31 1913 236 1954 commode
262 1913 480 1953 occidentis
521 1913 688 1966 imperio
719 1913 771 1954 ab
808 1912 993 1952 Hierocle
1024 1909 1256 1963 provinciae
1286 1909 1467 1949 tribuen-

31 1972 108 2020 tur,
138 1980 242 2022 quae
270 1968 396 2021 ipsius
425 1972 558 2009 aetate
586 1969 762 2009 amissae
789 1979 955 2019 prorsus
971 1971 1111 2015 erant3
1142 1964 1359 2004 cuiusmodi
1377 1965 1466 2017 ple-

33 2036 185 2078 raeque
216 2029 312 2064 sunt
342 2036 442 2077 quas
471 2024 701 2064 subiunctas
731 2024 857 2063 vides.

137 2087 246 2130 Ibid.
288 2093 328 2130 7.
384 2088 424 2128 Γ
422 2085 599 2141 αλὴνων]
641 2085 816 2127 Γάλλων
851 2090 922 2128 aut
951 2083 1154 2123 Γαλατῶν
1182 2087 1253 2125 aut
1279 2082 1319 2122 Γ
1316 2083 1469 2122 αλλιῶν

33 2148 283 2198 oportuerat.

136 2198 244 2241 Ibid-
262 2203 303 2241 8.
357 2198 566 2248 Σηανίων]
586 2197 743 2238 solenni
770 2208 880 2237 more
908 2207 983 2248 pro
1006 2192 1232 2233 Ἱσπανιίον.
1261 2193 1322 2234 ita
1348 2193 1468 2233 Paul-

30 2252 94 2293 lus
135 2254 250 2308 epist.
291 2255 344 2296 ad
372 2256 541 2295 Roman.
583 2256 637 2293 15
664 2257 718 2293 28
758 2248 829 2301 τήν
859 2249 1055 2299 Σπανίαν,
1094 2253 1134 2288 et
1164 2248 1343 2289 Galenus
1372 2247 1469 2297 περὶ

28 2320 148 2359 τροφ.
180 2309 329 2360 δυναμ.
346 2314 373 2349 2
398 2313 528 2361 p.328
559 2304 665 2346 κατὰ
697 2302 769 2358 τήν
787 2304 964 2357 Ἰβηρίαν
994 2317 1035 2342 τε
1063 2299 1135 2341 καί
1162 2302 1347 2341 Σπανίαν
1374 2299 1466 2341 ὀνο-

29 2362 283 2416 μαζομένην,
313 2369 353 2404 et
380 2364 628 2405 Athanasius
666 2357 734 2400 τὸν
766 2360 848 2399 τῶν
879 2355 1068 2397 §navim
1086 2352 1227 2397 Ὅσιον
1253 2362 1467 2409 nuncupat.

30 2417 216 2459 similiter
242 2413 414 2457 Σηάνιοι
454 2417 572 2456 ἵπποι
611 2418 718 2470 apud
748 2416 967 2468 Apsyrtum
1001 2414 1174 2466 Hippiat.
1221 2426 1256 2451 c.
1297 2414 1400 2461 115,
1429 2416 1469 2451 et

32 2473 195 2514 Melane
221 2469 267 2511 τό
298 2473 411 2524 γένος
440 2470 583 2524 Σπάνη
624 2473 666 2512 in
695 2471 795 2511 Hist.
836 2471 958 2511 Laus.
987 2468 1160 2509 Palladii
1190 2481 1222 2507 c.
1242 2469 1309 2508 65.
1366 2467 1470 2507 adde

30 2526 275 2568 Salmasium
303 2529 344 2568 in
371 2528 579 2581 Spartian.
596 2527 792 2568 Hadrian.
821 2538 855 2565 c.
878 2529 918 2577 1,
948 2528 989 2564 et
1016 2524 1076 2564 lo.
1099 2522 1298 2565 Rhodium
1325 2522 1368 2564 in
1389 2521 1468 2563 he-

29 2583 122 2624 xico
147 2583 430 2625 Scriboniano.

137 2647 248 2692 Ibid.
304 2642 577 2703 Βρισγάμων]
606 2643 848 2701 Βριτάννων
872 2645 1049 2687 scribere
1079 2643 1220 2685 voluit.
