1780 3132
330 140 421 190 540
871 148 1217 188 wesssstmen

324 261 410 299 nius
436 260 482 299 N.
500 258 547 298 Η.
571 261 599 298 5
626 262 689 298 10.
719 257 821 297 adde
850 258 1065 310 Euagrium
1095 261 1188 297 tom.
1217 261 1258 298 3
1270 259 1518 337 Monument
1532 259 1724 343 Cotelerii

324 328 362 366 Ρ.
387 318 461 353 101
492 319 532 352 et
560 314 759 351 Philonem
789 313 830 351 in
858 313 1040 351 Flaccum
1066 326 1103 363 Ρ.
1122 316 1217 351 971.
1389 339 1392 341 -
1515 337 1518 342 ι

429 381 614 427 399,10.
665 373 898 440 Ἐλεαρχία]
933 376 1159 427 provinciae
1187 381 1255 415 aut
1284 378 1461 428 regionis
1487 389 1625 419 nomen
1653 354 1724 428 est,

324 433 399 470 elsi
424 433 538 470 Isaac
565 426 798 478 Ἐλεαρχιας
830 430 870 469 in
899 430 1065 469 concilio
1097 430 1296 481 Ephesino
1326 445 1362 482 Ρ.
1382 435 1462 471 439
1489 436 1547 474 et
1557 432 1724 474 Ghalce-

308 487 414 524 don.
443 499 481 536 p.
502 487 579 523 127
605 487 865 524 memoretur:
893 484 964 522 ille
992 484 1092 523 enim
1123 488 1191 523 ant
1208 485 1490 525 Pachnemunis
1516 490 1583 531 aut
1598 485 1724 526 Phra-

323 538 451 590 gonis,
480 550 580 589 qnae
608 543 774 598 utraque
801 538 841 576 in
868 538 1079 577 Elearchia
1108 539 1238 576 sedem
1269 538 1417 585 habuit,
1446 539 1625 581 antistes.
1634 539 1722 580 fuit.

321 593 397 631 5ἰ1ιι
425 592 628 643 provincia
658 591 742 630 sive
771 604 818 630 ea
846 592 959 643 regio
994 596 1080 630 erat
1107 591 1210 630 inter
1238 592 1341 631 ostia
1357 593 1656 641 Sebennyticum
1683 597 1724 631 et

321 645 576 685 Pliatnicum:
605 645 729 696 priori
751 645 918 685 vicinam
939 645 1058 684 fuisse
1077 657 1127 684 ex
1142 646 1367 685 Ptolomaeo
1397 649 1423 685 4
1447 649 1485 694 5,
1512 646 1723 698 posteriori

323 712 373 738 ex
403 700 577 738 Diodoro
605 703 658 738 20
689 712 725 749 Ρ.
744 702 825 738 806
853 705 1032 750 apertum
1061 703 1132 738 est.
1188 711 1328 738 nomen
1343 700 1493 762 accepit
1519 710 1543 739 a
1563 699 1723 760 paludi-

320 753 402 804 bus,
423 765 533 817 quae
558 753 611 791 ibi
639 752 842 803 plurimae.
871 753 1121 800 Thucydides
1149 753 1166 791 1
1199 757 1299 793 1120
1329 749 1538 802 Αἴγυπτος
1567 751 1611 789 δὲ
1640 749 1723 789 ποί-

319 807 384 843 λιν
412 804 490 843 ὑπὸ
518 806 684 854 βασιλει
705 805 877 855 ἐγένετο,
919 803 1020 854 πλὴν
1048 803 1310 871 Ἀμυρταίου
1339 806 1413 844 τοῦ
1438 803 1481 844 ἐν
1507 807 1589 850 τοῖς
1617 804 1725 844 ἕλεσι

319 860 536 918 βασιλέως·
590 858 730 896 τοῦτον
761 858 804 896 δὲ
833 857 902 896 διὰ
933 859 1107 908 μέγεθός
1122 872 1163 897 τε
1190 859 1263 896 τοῦ
1290 855 1407 905 ελους
1435 872 1508 897 ουκ
1531 855 1723 896 ἐδύναντο

320 908 448 964 ἑλεῖν,
499 925 566 949 και
609 908 695 960 ἅμα
723 909 1013 962 μαχιμώτατοί
1037 911 1116 951 εἰσι
1153 927 1231 950 των
1258 911 1497 962 Αἰγυπτίων
1525 908 1562 950 οἱ
1589 908 1722 949 ἕλειοι.

320 968 422 1006 adde
439 945 690 1006 Herodotum
720 971 746 1006 2
775 970 865 1006 152.
934 980 1033 1019 quae
1062 967 1192 1006 omnia
1219 979 1304 1006 cum
1347 967 1440 1006 illas
1467 966 1643 1018 paludes,
1668 963 1717 1002 τά

317 1016 412 1070 ἕλη,
439 1021 481 1060 ἰιι
512 1025 652 1071 aperta
671 1021 757 1059 luce
781 1025 939 1072 ponant,
968 1022 1164 1060 mirabere
1181 1021 1277 1060 viris
1304 1021 1521 1065 eruditione
1548 1020 1721 1059 celeber-

318 1075 427 1113 rimis
457 1087 739 1125 saepenumero
770 1087 909 1126 parum
927 1075 1226 1114 animadversas
1243 1075 1440 1127 negotium
1459 1073 1722 1123 facessivisse,
1736 1119 1739 1123 ἱ

318 1129 563 1180 solidamque
601 1128 700 1168 adeo
740 1129 1007 1168 restitutarum
1046 1129 1216 1180 gloriam
1254 1127 1545 1168 Hemsterhusio
1583 1130 1719 1166 nostro

320 1194 407 1220 esse
447 1184 643 1222 relictam:
682 1182 768 1244 quis
801 1183 903 1222 enim
945 1183 1186 1222 dubitaverit
1227 1183 1320 1247 quin
1360 1183 1401 1222 ἰιι
1443 1181 1503 1221 Ιιὶ5
1532 1180 1630 1244 Poly
1632 1180 1721 1220 aeni

319 1235 500 1299 Stratag.
528 1240 554 1275 2
582 1240 633 1275 16
672 1234 835 1285 κρύψας
877 1234 922 1273 δὲ
959 1232 1053 1280 τούς
1093 1234 1344 1284 Αἰγυπτίους
1375 1235 1417 1273 ἐν
1444 1237 1526 1279 τοις
1548 1228 1723 1285 ’Ἑλλησῃ

319 1288 559 1337 παρατάξας
587 1290 737 1338 προῆγε
759 1286 853 1335 τούς
869 1284 1074 1340 Ἕλληνας,
1099 1290 1180 1341 legi
1215 1303 1257 1326 εν
1271 1292 1352 1333 τοῖς
1380 1285 1486 1326 ἕλεσι
1515 1289 1724 1353 oporteat?

321 1347 389 1382 aut
418 1344 608 1406 ambigat
608 1343 818 1404 Aristidem
848 1349 938 1383 tom.
955 1348 981 1384 3
1005 1357 1041 1395 p.
1061 1345 1137 1382 591
1157 1344 1311 1382 dedisse
1338 1338 1404 1403 ἥτε
1433 1337 1509 1392 γὰρ
1526 1338 1728 1403 Μοίριδος

321 1397 439 1458 λιζιινη
469 1411 533 1434 και
564 1411 606 1435 αι
635 1393 737 1445 πρὸς
765 1399 849 1441 τοῖς
877 1394 982 1435 ἕλεσι
1010 1394 1131 1442 κάτω,
1160 1410 1225 1433 και
1255 1394 1278 1445 ἦ
1304 1392 1499 1445 πρότερον
1524 1394 1598 1442 μὲν
1623 1389 1727 1440 ὖπὲιι

321 1447 465 1499 Φάρου
493 1450 564 1487 νῦν
609 1450 644 1488 δ’
674 1448 888 1495 ἐξόπισθεν
926 1450 997 1499 τῆς
1030 1444 1298 1499 Ἀλεξάιδρου
1325 1447 1480 1492 πόλεως
1497 1447 1658 1498 Ma91'‚a
1686 1446 1727 1492 εξ

318 1501 450 1552 ἀρχῆς
483 1504 526 1540 τέ
554 1502 633 1541 εἰσι
660 1502 735 1540 τοῦ
764 1503 913 1541 Νείλου
942 1500 1099 1553 κόλποι,
1127 1516 1217 1552 non,
1249 1508 1292 1542 ut
1309 1516 1411 1542 nunc
1438 1503 1532 1541 editi
1560 1513 1656 1554 prae
1682 1513 1725 1540 se

318 1559 460 1604 ferunt,
491 1554 592 1605 πρὸς
620 1561 703 1600 τοῖς
721 1551 883 1607 Ἕλλησι
920 1555 1052 1596 xa'tw:
1082 1535 1120 1596 i'd
1151 1558 1250 1596 enim
1278 1559 1401 1596 multo
1428 1556 1722 1607 ineptissimum,

318 1611 640 1673 quemadmodum
674 1611 791 1650 etiam
834 1624 871 1662 Ρ.
888 1616 990 1661 612,
1032 1623 1115 1649 cum
1146 1612 1194 1649 de
1224 1611 1313 1650 Nilo
1359 1607 1464 1646 κάτω
1507 1609 1544 1646 δ’
1571 1609 1614 1647 ἐν
1640 1611 1725 1653 τοῖς

306 1659 356 1701 “E
356 1666 495 1713 λλησιν
521 1662 576 1707 εἰς
598 1659 694 1701 ἑπτά
723 1642 990 1711 καταβαίνειν
1016 1665 1082 1703 ubi
1109 1665 1241 1704 itidem
1261 1663 1369 1702 ἕλεσι
1394 1665 1623 1729 reliquerat.
1652 1674 1726 1714 par

321 1718 426 1756 latio
454 1721 513 1756 est
542 1717 584 1756 in
613 1717 675 1756 his
703 1718 942 1758 scholiastae
974 1717 1255 1778 Aristophanis
1282 1718 1515 1757 Plut.1·78:
1556 1714 1598 1754 οἵ
1623 1727 1726 1760 τινες

318 1768 388 1807 καί
413 1767 726 1817 διαπεράσαντες
756 1771 813 1814 εἰς
836 1769 911 1832 τήν
924 1767 1148 1822 Αἴγυπτον,
1173 1785 1237 1808 και
1267 1767 1310 1808 ἐν
1333 1783 1409 1808 τινι
1437 1770 1515 1808 τῶν
1539 1768 1613 1807 τοῦ
1628 1767 1726 1807 Νεί-

317 1825 390 1861 λου
420 1821 634 1871 στομάτων
663 1820 1012 1872 ἀναπλεύσαντες,
1044 1826 1270 1873 προσέσχον
1314 1827 1397 1868 τοῖς
1414 1818 1584 1875 Ἕλλησι.
1628 1823 1724 1862 reli-

319 1879 403 1929 quit
428 1883 709 1918 commentator
739 1881 824 1923 τοῖς
851 1875 972 1929 ἕλεσι,
1002 1883 1190 1931 tantoque
1220 1880 1403 1918 beneficio
1431 1879 1612 1930 collegae
1635 1889 1722 1916 meo

319 1932 546 1982 obstrictus,
574 1933 765 1972 medicam
782 1933 953 1973 eiusdem
969 1945 1126 1973 manum
1151 1934 1191 1973 in
1211 1933 1410 1985 plerisque
1437 1932 1528 1973 aliis
1555 1932 1723 1983 supplex

318 1986 396 2027 sibi
424 1987 663 2038 expostulat.

425 2060 532 2101 Ibid.
590 2055 821 2112 Παραλιος]
855 2061 913 2100 ita
938 2073 1030 2100 ιιι55.
1053 2061 1097 2100 1..
1111 2061 1351 2100 Holsteinius
1368 2056 1567 2109 Πάραλος
1594 2070 1722 2098 emen-

317 2115 408 2164 dat,
435 2115 542 2154 cuius
570 2116 731 2166 praesul
758 2115 798 2154 in
829 2115 973 2167 Ephes.
991 2114 1166 2154 Concilio
1194 2128 1232 2166 p.
1249 2117 1330 2154 439
1358 2114 1596 2154 Athanasius
1623 2113 1725 2150 Πα-

319 2166 447 2230 Ράλου
476 2174 515 2208 et
542 2169 581 2208 in
610 2169 846 2208 Chalcedon.
879 2182 917 2220 Ρ.
935 2173 1014 2208 127
1041 2169 1238 2208 Pasmeius
1265 2164 1469 2216 Παράλου
1498 2167 1653 2216 dicitur,
1681 2170 1721 2205 et

318 2222 360 2261 in
389 2223 534 2262 Latina
561 2223 745 2262 versione
772 2221 949 2274 Parali,
988 2222 1061 2262 etsi
1097 2223 1319 2285 Ephesinae
1361 2222 1502 2270 synodi
1524 2221 1721 2271 interpres

318 2273 485 2316 Ραναῑὶὶ
511 2277 707 2317 maluerit.
765 2277 814 2316 de
842 2277 924 2316 eius
952 2277 1056 2327 situ,
1080 2277 1158 2316 nisi
1185 2277 1292 2317 intra
1321 2276 1438 2315 Delta
1463 2275 1596 2324 fuisse,
1621 2273 1721 2313 nihil

318 2330 416 2368 certi
447 2335 614 2370 constat.

423 2403 530 2444 [bid.
564 2409 628 2445 11.
697 2398 934 2454 Αυγούστα]
974 2405 1077 2444 forte
1113 2401 1496 2454 Αυγουσταμνικῆς,
1524 2402 1717 2456 quomodo

316 2457 570 2497 Constantius
590 2459 806 2509 imperator
828 2460 950 2523 apud
950 2458 1209 2498 Athanasium
1231 2459 1401 2522 Apolog.
1423 2458 1559 2497 Arian.
1587 2470 1624 2508 Ρ.
1642 2459 1718 2495 174

315 2513 395 2555 τοῖς
427 2510 468 2548 ἐν
498 2509 842 2564 Αὕγουσταμνικῇ
882 2526 950 2549 και
999 2510 1173 2563 Θηβαΐδι
1201 2525 1269 2549 και
1304 2505 1487 2559 Λιβύαις
1530 2507 1720 2560 ἡγεμόσι·

318 2577 390 2616 pro
419 2565 556 2629 quibus
583 2566 874 2616 Metaphrastes
899 2579 940 2606 ιιι
955 2565 1164 2606 Athanasn
1192 2567 1284 2606 Vita
1310 2578 1343 2604 c.
1373 2569 1422 2604 11
1453 2566 1536 2608 τοῖς
1563 2562 1606 2601 ἐν
1639 2563 1719 2600 Τα-

317 2618 437 2669 μνικῇ
483 2617 553 2656 καί
585 2618 761 2670 Θηβαΐδι
796 2632 861 2658 και
892 2618 1031 2673 Λιβιη
1074 2615 1254 2670 ἡγεμόσι.
1310 2630 1517 2671 perperam
1543 2617 1718 2665 diceres,
