1780 3132
308 147 399 192 330
611 150 871 192 BANDURII
906 148 1397 195 ANIMADVERSIONES

307 261 366 300 dit
391 261 580 313 Sigonius
607 262 656 300 de
684 262 784 312 neg.
815 261 904 301 ltal.
931 261 959 300 1.
989 265 1028 301 6.
1055 262 1122 300 sed
1151 275 1197 301 eo
1225 263 1350 303 Roma
1374 266 1581 307 recedente
1606 268 1710 309 idem

307 316 488 366 pontifex
526 316 776 355 Lambertum
816 315 1047 366 Augustum,
1085 316 1149 366 qui
1175 328 1201 355 a
1228 317 1418 358 Formosa
1445 332 1550 372 papa
1578 323 1711 362 fuerat

307 374 539 418 coronatus,
575 370 740 408 Romam
770 369 947 418 accersit,
975 369 1040 408 ubi
1081 369 1218 409 habita
1240 370 1710 426 episcoporum'synod0,

306 424 506 474 utriusque
532 422 642 473 regis
681 422 830 462 iuribus
857 422 1110 471 examinatis,
1138 424 1309 463 omnium
1336 429 1490 476 patrum
1515 429 1711 469 sententia

305 476 473 515 Ioannes
492 475 727 527 Berengarii
756 477 1050 515 coronationem
1088 480 1273 528 tanquam
1301 478 1342 517 vi
1369 483 1564 521 extortam
1593 483 1709 522 ahro-

305 530 418 582 gavit
444 534 482 568 et
509 530 710 569 Lamberti
736 530 952 582 legitimam
979 530 1188 580 iudicavit;
1218 532 1323 583 quod
1352 533 1505 584 quidem
1531 547 1710 587 compro-

306 582 436 622 batum
466 583 539 623 suit
566 584 608 623 in
635 584 786 632 synodo
819 585 1051 624 Ravennate
1068 615 1079 634 ‚
1105 585 1225 636 paulo
1251 589 1343 637 post
1368 586 1419 626 ab
1452 587 1587 628 eodem
1611 601 1710 641 pon-

305 636 407 675 tifice
437 638 618 677 Romano
644 642 904 689 congregata.
979 651 982 655 ²

413 704 505 749 115,
533 706 598 741 21.
667 701 723 752 τῷ
748 697 1003 754 Ῥοὸούλφῳ]
1029 702 1266 742 Adelbertus
1285 704 1508 754 Eporediae
1536 707 1712 747 marchio

303 755 449 807 aliique
485 756 626 795 ltaliae
666 767 851 805 proceres
888 756 1135 807 Rodulphum
1169 757 1357 796 Richardi
1410 759 1555 808 filium,
1602 772 1714 812 quem

303 809 551 849 Flodoardus
591 809 749 848 Galliae
788 809 1015 861 Cisalpinae
1051 822 1206 862 regem,
1235 811 1504 863 Luitprandus
1530 813 1712 866 Burgun-

304 863 395 902 diae
423 864 637 915 principem
674 867 923 915 nuncupant,
963 863 1014 902 ad
1051 863 1192 902 ltaliae
1229 876 1395 915 regnum
1433 869 1711 918 capessendum

304 922 461 957 vocant.
517 930 590 956 nec
615 917 685 956 ille
703 922 906 956 cunctatus
938 929 974 956 a.
994 920 1086 964 922,
1114 921 1160 957 ut
1185 917 1242 956 ait
1255 918 1514 970 FlodoarduS,
1545 933 1592 960 eo
1619 934 1711 961 con-

303 971 440 1019 tendit,
471 983 517 1010 ac
545 970 780 1023 Berengarii
808 971 906 1010 fusis
934 970 1057 1022 copiis
1075 971 1216 1010 Italiae
1244 983 1318 1011 rex
1346 973 1582 1024 appellatur.
1636 974 1713 1019 Be÷

303 1025 515 1076 rengarius
543 1026 739 1074 Veronae,
768 1036 843 1076 quo
873 1037 915 1064 se
945 1037 995 1064 ex
1021 1024 1174 1063 insidiis
1212 1026 1311 1077 fuga
1336 1030 1554 1078 receperat,
1581 1028 1712 1069 Flam-

303 1078 407 1117 herti
434 1078 632 1118 cuiusdam
676 1078 829 1117 insidiis
871 1078 1022 1117 occisus
1050 1082 1112 1117 est
1139 1091 1174 1117 a.
1202 1082 1296 1119 924.
1353 1079 1484 1132 sicque
1512 1080 1712 1135 Berenga.

303 1132 387 1171 rius
413 1133 556 1185 dignas
584 1132 756 1183 suscepit
783 1144 953 1184 poenaS‚
987 1133 1090 1184 quod
1133 1133 1294 1172 foedere
1322 1145 1406 1173 cum
1434 1133 1585 1175 numnis
1615 1135 1713 1177 inito
1758 1155 1760 1158 ·

295 1186 462 1226 eosdem
491 1186 631 1226 iterum
664 1185 805 1225 maiori
847 1186 1006 1237 agmine
1030 1186 1072 1225 in
1098 1185 1253 1226 ltaliam
1290 1186 1488 1227 intulisset
1513 1187 1555 1228 in
1583 1189 1714 1230 odium

301 1240 500 1292 Rodulphi
542 1241 658 1280 electi
685 1240 926 1280 Francorum
963 1240 1096 1292 regis,
1127 1252 1152 1279 a
1175 1251 1250 1292 quo
1294 1244 1386 1279 ante
1411 1254 1554 1282 annum
1581 1237 1713 1287 filerat

300 1295 407 1334 hello
436 1299 655 1346 superatus,
684 1298 729 1333 ut
754 1294 892 1334 scribit
917 1294 1019 1334 idem
1046 1294 1318 1344 FlodoarduS‚
1347 1295 1414 1346 qui
1441 1295 1714 1348 depopulatio-

300 1360 371 1387 nes
399 1349 537 1387 Italiae
565 1348 742 1399 pluribus
771 1351 963 1387 recenset.
1034 1351 1206 1386 ceterum
1246 1347 1295 1386 de
1324 1347 1374 1387 iis
1401 1360 1502 1401 quae
1525 1349 1590 1388 hic
1618 1363 1712 1390 nar-

299 1406 366 1441 rat
390 1402 756 1454 porphyrogenitus
797 1402 846 1441 de
878 1402 1033 1441 iteratis
1067 1414 1115 1440 ac
1151 1401 1290 1440 variae
1326 1400 1511 1442 fortunae
1547 1404 1712 1456 praeliis

298 1456 498 1507 Rodulphi
527 1468 611 1495 cum
640 1455 898 1507 Berengario,
927 1456 1052 1508 deque
1080 1455 1274 1494 divisione
1299 1456 1416 1507 regni
1438 1456 1543 1496 inter
1571 1469 1638 1497 eos
1666 1471 1713 1498 ac

299 1510 349 1548 de
378 1510 523 1549 bellica
551 1509 800 1561 expeditione
827 1510 945 1549 trium
972 1508 1238 1548 marchionum
1264 1521 1286 1547 e
1316 1509 1550 1562 Burgundia
1575 1515 1714 1551 contra

298 1563 478 1612 ltaliam,
508 1564 738 1603 consulendi
778 1566 869 1602 sunt
897 1563 1113 1614 scriptores
1150 1563 1259 1602 illius
1293 1563 1406 1612 aevi;
1438 1564 1580 1616 quippe
1609 1565 1713 1616 apud

298 1617 508 1658 historicos
536 1618 778 1657 recentiores
797 1629 862 1656 res
888 1621 1027 1668 gestae
1055 1616 1136 1655 illis
1156 1616 1396 1668 temporibus
1426 1617 1468 1656 in
1496 1618 1616 1658 ltalia
1643 1619 1713 1658 ad-

299 1672 454 1711 modum
482 1671 674 1710 obscurae
701 1683 749 1710 ac
777 1672 966 1710 confusae
994 1670 1268 1721 reperiunturs

406 1740 497 1784 116,
527 1739 566 1776 7.
620 1731 726 1783 μετὰ
757 1733 828 1784 τῆς
859 1733 1008 1783 δορκιῖς
1039 1731 1188 1782 αὐτοῦ]
1220 1735 1502 1786 interpretatus
1531 1748 1613 1775 sum
1643 1736 1714 1775 du-

299 1791 399 1840 hius,
429 1790 533 1842 quod
563 1789 666 1841 apud
703 1789 867 1830 Suidam
905 1784 1059 1837 δόρκων
1095 1784 1245 1838 ἔλαφος
1285 1793 1522 1840 exponatur,
1561 1801 1716 1830 cervus

299 1846 366 1884 vel
405 1854 578 1896 caprea.
652 1844 848 1883 Meursius
881 1842 995 1896 pelle
1044 1853 1093 1882 se
1144 1853 1226 1882 sua
1265 1844 1379 1882 teaeit
1417 1843 1715 1906 interpretatur,

300 1898 414 1951 quasi
441 1899 606 1951 legisset
642 1893 767 1946 δοράς
812 1909 885 1948 pro
924 1896 1082 1944 δορκιῖς.
1157 1896 1397 1946 Hesychius:
1436 1894 1539 1944 δορα
1568 1896 1713 1945 δέρμα.

301 1955 352 1993 cf.
380 1952 618 2003 Ducangius.
648 1956 821 1991 ceterum
845 1951 921 1990 hac
948 1962 1045 1990 voce
1066 1950 1191 1989 utitur
1207 1949 1572 2002 Porphyrogenitus
1597 1951 1715 1990 etiam

299 2006 408 2047 infra
434 2019 468 2045 c.
496 2009 563 2045 51.

409 2074 502 2117 11³7,
531 2074 570 2110 ⁸7.
626 2067 676 2108 τὰ
715 2070 811 2108 θεῖα
853 2065 1086 2118 εὖαγγὲλια]
1126 2068 1396 2109 observandus
1435 2080 1521 2108 mos
1557 2068 1715 2108 iurandi

302 2138 374 2177 per
406 2128 664 2165 sacrosancta
694 2123 918 2175 evangelia.
987 2122 1301 2173 Harmenopulus
1342 2123 1369 2162 l.
1396 2126 1420 2161 1
1453 2123 1514 2162 tit.
1541 2125 1591 2161 ἵε
1621 2118 1642 2158 ὅ
1671 2121 1716 2158 ἑκ

301 2177 536 2228 ὸικαστικῆς
560 2174 705 2229 ψήφου
736 2170 763 2228 ἢ
790 2177 831 2223 ἐξ
860 2170 1056 2224 αἰτήσεως
1080 2174 1154 2212 τοῦ
1181 2174 1389 2213 ἀντιδίκου
1411 2170 1529 2225 ὅρκον
1556 2173 1717 2224 ἐπέχων

300 2231 365 2270 ἐπ’
393 2231 617 2283 ἐκκλησίας,
645 2232 724 2269 τῶν
752 2224 966 2279 ἆχράντων
986 2223 1211 2277 ἁπτόμενος
1232 2223 1487 2281 εὐαγγελίων,
1515 2228 1717 2276 ἐπιορκεῖν

301 2284 348 2322 δὲ
363 2282 463 2333 μετὰ
477 2285 605 2323 ταῦτα
621 2283 843 2334 ἑλεγχθείς,
861 2280 1238 2333 γλωσσοκοηείσθω.
1259 2285 1308 2323 cf.
1323 2283 1543 2323 Menander
1554 2282 1604 2321 de
1616 2282 1713 2334 Leg.

302 2353 341 2392 p.
373 2340 433 2379 ed.
454 2340 579 2380 Bonn.
603 2341 685 2379 335
713 2340 791 2378 ima
819 2343 858 2377 et
887 2337 1189 2377 Cantacuzenus
1217 2337 1316 2377 Hist.
1347 2341 1371 2376 1
1402 2338 1465 2376 15.
1489 2337 1648 2376 Meum.-

411 2402 518 2443 Ibid.
553 2408 616 2444 11.
688 2400 920 2440 ἀπέκτεινεν
947 2394 1075 2438 αὐτὸν
1116 2396 1409 2450 Φαλάμβερτος
1447 2395 1469 2436 ὅ
1507 2398 1717 2443 σύντεκνος

304 2450 463 2509 αιῖτοῦ]
493 2457 728 2498 interficitur
759 2455 1028 2508 Berengarius
1066 2467 1092 2495 a
1120 2455 1359 2506 Flamberto,
1383 2455 1441 2494 uti
1468 2466 1589 2506 supra
1613 2453 1716 2492 dixi-

305 2524 404 2557 muS,
434 2524 471 2551 a.
499 2511 591 2551 Chr.
617 2515 708 2552 924.
746 2508 959 2555 σύντεκνος
984 2521 1081 2548 vero
1109 2512 1338 2561 compater,
1369 2511 1495 2561 pater
1510 2509 1716 2560 spiritua-

304 2564 373 2606 lis.
408 2565 500 2604 vide
530 2565 594 2605 Gl.
626 2566 697 2605 Gr.
726 2564 932 2617 Ducangii.

413 2627 520 2671 Ibid.
546 2633 610 2670 13.
667 2626 866 2680 ἐμήνυσεν
895 2625 916 2665 ὅ
946 2622 1057 2675 λαὸς]
1088 2630 1179 2679 post
1196 2626 1430 2679 Berengarii
1459 2626 1608 2667 obitum
1635 2625 1715 2665 Ro-
