1780 3132
261 175 353 220 266
521 180 865 223 CONSTANTlNl
906 179 1370 223 PORPHYROGENITI

257 291 346 326 μαι.
371 278 444 317 τοῦ
470 278 515 318 δὲ
543 276 692 330 ἀνδρὸς
723 278 850 329 αὐτῆς
879 278 1004 329 δῆθεν
1031 277 1316 327 ἅνακλιθὲντος
1341 282 1416 320 τοῦ
1444 281 1489 321 ἐκ
1515 277 1656 321 συντό-

254 355 335 389 μου
364 342 608 393 κοιμηθῆναι
634 338 704 380 διὰ
732 339 883 391 τάχους
905 340 1030 382 αὐτὸν
1048 341 1168 381 πάλιν
1194 341 1415 396 ἀναστῆναι
1432 343 1532 396 πρὸς
1563 346 1655 384 ἐπι-

253 402 404 456 βουλὴν
430 406 501 456 τῆς
527 404 686 457 πόλεως,
713 400 736 456 ἦ
764 406 808 444 δὲ
825 406 863 444 Γ
863 406 954 445 υκιἀ
984 405 1188 458 παρέσυρε
1206 407 1281 445 τοῦ
1306 409 1550 460 καθευδῆσαι
1578 407 1654 455 ἕως

255 463 314 521 οἳνὴ
335 469 447 507 πᾶσα
490 466 516 518 ἦ
544 470 722 520 φἀμιλία
762 469 897 509 αὐτῶν
920 469 1139 522 ἐκοιμήθη·
1203 466 1224 508 0‘
1255 470 1299 509 δὲ
1328 468 1427 523 α’νῆρ
1457 472 1583 524 αὐτῆς
1610 474 1655 511 ἐκ

253 531 329 569 τοῦ
354 531 505 569 πολλοῦ
547 530 675 571 πότου
703 531 966 586 ἀφύπνωσεν.
1035 533 1059 586 ἦ
1100 534 1144 573 δὲ
1172 534 1304 574 Γυκιά
1342 535 1486 575 ἰδοῦσα
1514 536 1687 575 τοῦτονὸ

252 595 495 646 κοιμηθὲντα
544 594 711 647 εύφυαῖς
749 594 823 636 τὸν
870 598 1036 636 κοιτῶνα
1083 598 1140 652 τῷ
1186 595 1344 653 κλειδίῳ
1385 593 1656 652 ἠσφαλίσατο,

251 656 528 697 ἀποκλείσασαι
569 655 640 698 τον
682 652 842 711 ἄνδρα,
872 661 942 699 καί
974 661 1227 700 κατελθοῦσα
1264 660 1309 699 ἐκ
1343 661 1414 700 τοῦ
1443 659 1553 702 οἴκου
1580 659 1657 701 σὺν

251 724 342 766 ταῖς
385 723 744 773 κουβικουλαρὲαις
795 723 937 775 αὐτῆς,
991 725 1213 773 ἐξελθοῦσα
1259 726 1340 764 τῶν
1389 727 1656 777 παραπυλίων

251 781 412 835 ἡσύχως
439 786 510 824 καί
534 786 744 838 κλείσασα,
771 786 926 834 εὐθέως
966 789 1166 839 ἐπέτρεψε
1193 793 1278 835 τοῖς
1304 789 1375 841 τῆς
1401 787 1553 836 πόλεως
1585 786 1654 827 «rui

248 846 401 897 τάχους
434 849 691 901 ἐμβληθῆναι
729 849 773 890 το
802 851 883 902 πῦρ
926 849 1056 907 κύκλῳ
1084 853 1158 891 τοῦ
1185 850 1309 894 οἴκου.
1363 854 1580 905 βληθέντος
1608 853 1652 891 δὲ
1667 859 1709 892 10

248 912 322 949 τοῦ
349 910 478 963 πυρός
507 913 579 952 καί
604 915 679 953 τοῦ
708 911 820 954 οἴκου
850 913 1117 968 ἀναφθέντος,
1147 912 1191 956 εἴ
1209 913 1288 955 πού
1305 930 1365 962 τις
1394 917 1472 958 τῶν
1499 913 1654 956 ἔσωθεν

249 967 374 1014 ὄντων
408 975 632 1029 ἐκπηδῆσαι
669 975 850 1031 ἐδυνήθη
878 975 905 1031 ἢ
939 976 1082 1018 ἑαυτὸν
1109 977 1243 1032 ῥῖψαι,
1270 976 1348 1019 ὖπὸ
1375 981 1456 1020 τῶν
1480 980 1655 1019 πολιτῶν

248 1036 492 1093 κατεσφάγη.
547 1042 620 1081 τοῦ
645 1042 690 1081 δὲ
718 1039 829 1082 οἴκου
859 1039 1006 1089 παντὸς
1032 1043 1102 1082 καὶ
1127 1044 1207 1083 τῶν
1241 1043 1286 1083 ἑν
1314 1042 1430 1097 αύτῷ
1455 1044 1531 1090 ἕως
1556 1041 1654 1082 ἐδά-

249 1117 354 1155 φους
381 1106 751 1158 καταφλεχθέντων
779 1106 972 1146 διέσωσεν
1001 1104 1023 1144 ὅ
1050 1103 1147 1153 θεὸς
1174 1104 1247 1158 τῆν
1277 1108 1549 1159 Χερσωνιταῑν
1574 1104 1653 1145 πό·-

249 1170 313 1207 λιν
338 1168 382 1206 ἐκ
407 1169 488 1208 τῶν
516 1168 745 1220 ἐπιβούλων
769 1170 1072 1222 Βοσποριανῶν.
1126 1166 1153 1222 ἦ
1181 1171 1227 1210 δὲ
1241 1171 1281 1210 Γ
1279 1171 1374 1210 υκία
1398 1171 1654 1221 βουλομένων
1667 1177 1710 1210 15
1750 1170 1754 1173 ’

247 1231 330 1271 τῶν
358 1233 528 1272 πολιτῶν
570 1232 641 1285 τὴν
677 1237 1032 1287 καταφλεχθεῖσαν
1071 1234 1200 1287 αὐτῆς
1242 1235 1370 1275 οἰκίαν
1413 1232 1560 1286 ὀρύξαι
1585 1233 1658 1274 καί

248 1297 431 1347 καθᾶραι
458 1293 529 1335 τὸν
558 1295 676 1336 τόπον
699 1299 802 1351 προς
842 1295 1058 1350 οἰκοδομήν
1089 1297 1164 1338 οὐκ
1191 1296 1340 1349 εἴασεν,
1368 1293 1473 1338 ἄλλα
1498 1298 1654 1348 μᾶλλον

246 1359 445 1410 ἐπέτρεψε
476 1357 580 1415 πάσῃ
618 1359 735 1402 πόλει
771 1363 912 1416 φέρειν
938 1364 1106 1403 ἕκαστον
1141 1363 1275 1403 αὐτῶν
1299 1364 1371 1403 καί
1395 1363 1549 1414 ἑκχὲειν
1575 1358 1654 1402 αύ-

245 1422 341 1462 τόθι
376 1421 451 1476 την
484 1425 620 1464 πᾶσαν
650 1425 788 1465 αὐτῶν
813 1428 986 1478 κοπρίαν
1014 1424 1116 1478 προς
1151 1424 1196 1466 τό
1229 1427 1272 1467 ἐν
1299 1423 1438 1474 αύτοΐς
1463 1441 1653 1477 καταχω..

246 1487 396 1538 σθῆναι
422 1486 494 1540 τήν
519 1489 657 1528 πᾶσαν
683 1488 811 1542 αὐτῆς
842 1488 997 1542 οἴκησιν
1023 1488 1080 1536 ὥς
1110 1488 1212 1542 προς
1237 1490 1455 1544 ἐπιβουλὴν
1479 1491 1549 1542 τῆς
1579 1488 1707 1529 nti-20

245 1552 346 1596 λεως
371 1552 608 1604 γενομένην·
678 1552 741 1592 διὸ
777 1554 848 1594 καί
873 1552 1025 1606 ἐκλήθη
1061 1550 1081 1593 ὃ
1117 1554 1237 1601 τόπος
1274 1552 1485 1607 Λαμάχου
1523 1547 1649 1605 auom}

246 1611 324 1661 ἕως
347 1614 420 1666 τῆς
445 1612 638 1668 σήμερον.

357 1679 523 1718 Τούτων
553 1675 627 1719 οὖν
653 1677 843 1720 ἁπάντων
869 1682 1106 1733 γενομένων,
1147 1679 1302 1728 ἰδόντες
1329 1678 1367 1720 οἱ
1392 1683 1651 1732 Χερσωνῖται

243 1738 315 1794 τῆν
346 1741 538 1797 τοιαύτην
564 1738 732 1798 ἄπειρον
759 1743 840 1784 ὑπὸ
883 1746 955 1798 τῆς
982 1747 1137 1793 Γυκίας
1163 1746 1220 1792 εἰς
1247 1743 1400 1792 αύτούς
1424 1744 1528 1796 μετὰ
1553 1742 1652 1784 θεὸν

245 1934 297 1962 tes
321 1935 463 1974 paratae
486 1936 605 1964 erant:
629 1932 772 1964 maritus
797 1938 913 1965 autem
942 1933 1014 1965 eius
1030 1945 1105 1965 cum
1131 1932 1286 1966 cubitum
1310 1943 1346 1965 se
1371 1932 1535 1970 dedisset,
1560 1943 1648 1976 pau-

243 1976 352 2018 lisper
378 1976 587 2010 dormiturus
603 2002 612 2017 ,
638 1983 677 2010 ut
701 1978 795 2010 ocius
818 1989 898 2010 mox
926 1989 1063 2021 surgere
1087 1990 1219 2011 rursum
1246 1983 1366 2022 posset
1387 1977 1434 2010 ad
1462 1977 1581 2009 urbem
1605 1989 1648 2010 ex

243 2021 379 2054 insidiis
403 2023 689 2066 opprimendam,
716 2024 823 2065 Gycia
849 2024 997 2056 dormire
1022 2024 1159 2057 distulit
1181 2024 1296 2068 quoad
1324 2024 1454 2056 familia
1478 2028 1551 2056 tota
1587 2034 1649 2054 so-

242 2078 361 2100 mnum
385 2069 547 2111 cepisset;
576 2080 722 2113 cumque
745 2070 902 2102 maritum
926 2070 1007 2102 vino
1019 2070 1180 2102 obrutum
1204 2069 1352 2102 dormire
1375 2069 1522 2108 videret,
1542 2067 1648 2100 obse-

243 2118 318 2145 rato
346 2114 450 2146 tacite
473 2115 633 2149 cubiculo
659 2126 737 2147 eum
761 2116 922 2155 inclusit,
947 2115 1198 2160 discedensque
1232 2126 1309 2147 cum
1333 2114 1552 2147 cubiculariis
1575 2114 1646 2146 suis

243 2158 381 2202 placide
406 2169 539 2201 egressa
575 2160 731 2201 foribus,
753 2172 828 2192 cum
854 2172 909 2193 eas
933 2161 1130 2199 clausisset,
1167 2161 1282 2193 statim
1308 2161 1398 2193 cives
1422 2170 1526 2204 quam
1552 2159 1647 2192 citis—

242 2205 328 2236 sime
356 2205 513 2249 undique
551 2204 688 2238 domum
727 2205 914 2239 incendere
949 2207 1061 2238 iussit.
1123 2207 1202 2249 igne
1225 2218 1306 2239 vero
1330 2207 1459 2238 iniecto
1483 2211 1518 2238 et
1543 2203 1646 2237 domo

242 2249 404 2289 incensa,
429 2251 541 2284 sicubi
573 2253 743 2296 quispiam
770 2263 888 2284 eorum
923 2253 983 2296 qui
1007 2253 1098 2284 intus
1132 2258 1228 2284 erant
1258 2252 1446 2296 prosiliret,
1467 2262 1487 2282 a
1513 2249 1646 2282 civibus

242 2295 480 2331 occidebatur.
526 2302 632 2341 atque
661 2299 709 2330 ita
735 2297 852 2338 domo,
877 2309 953 2330 cum
988 2297 1148 2330 omnibus
1174 2298 1235 2342 qui
1260 2298 1294 2330 in
1320 2309 1359 2329 ea
1385 2297 1511 2329 inclusi
1535 2301 1646 2334 erant,

243 2341 319 2372 solo
345 2346 443 2374 tenus
479 2348 621 2382 exusta,
647 2343 926 2376 chersonitarum
961 2343 1079 2375 urbem
1106 2343 1149 2374 ab
1175 2342 1434 2376 insidiatoribus
1462 2341 1645 2384 Bospori-‘t—

242 2386 296 2418 nis
335 2386 420 2419 deus
450 2389 606 2420 servavit.
655 2389 762 2431 Gycia
800 2395 936 2428 autem,
963 2401 1038 2422 cum
1061 2388 1218 2428 domum,
1256 2399 1345 2434 quae
1368 2387 1646 2430 conflagraverat,

242 2436 434 2464 restaurare
461 2434 551 2466 cives
580 2435 722 2474 velient,
748 2444 820 2467 non
845 2435 1018 2479 permisit3
1043 2435 1130 2479 quin
1154 2435 1269 2477 potins
1288 2434 1406 2467 sordes
1432 2444 1472 2465 ac
1495 2438 1648 2465 stercora

241 2488 362 2509 omnes
386 2478 470 2510 illuc
502 2490 711 2523 congregare
746 2481 865 2521 iussit,
888 2486 927 2512 ut
948 2485 1021 2513 tota
1058 2480 1100 2512 iis
1126 2481 1343 2519 obrueretur,
1370 2483 1491 2522 utpote
1517 2478 1554 2509 in
1578 2488 1646 2521 qua

239 2523 375 2567 positae
403 2523 481 2555 urbi
508 2525 654 2558 insidiae
679 2526 844 2568 fuissent3
872 2525 963 2559 unde
989 2532 1025 2559 et
1048 2526 1084 2558 in
1112 2525 1206 2558 hunc
1229 2536 1340 2571 usque
1365 2525 1457 2557 diem
1482 2521 1645 2557 Lamachi

240 2569 382 2612 specula
404 2570 499 2601 locus
525 2571 587 2602 ine
611 2572 819 2615 appellatur.

330 2614 390 2647 His
414 2615 521 2659 igitur
542 2617 699 2649 omnibus
724 2617 772 2649 sic
796 2617 912 2660 gestis,
951 2616 1108 2649 videntes
1133 2616 1358 2649 Chersonitne
1380 2614 1552 2647 infinitam
1572 2612 1646 2654 Gy-

241 2659 316 2693 ciae
339 2666 418 2705 post
454 2659 557 2695 deum
581 2663 618 2695 in
641 2663 733 2708 ipsos
760 2662 1040 2703 beneficentiam,
1066 2672 1156 2707 quae
1181 2661 1343 2695 omnibus
1369 2660 1471 2694 rebus
1496 2660 1566 2693 suis
1590 2669 1646 2691 sa-
