1780 3132
267 188 338 227 DE
374 187 818 230 ADMINISTRANDO
847 189 1067 228 IMPERIO
1106 185 1222 228 CAP.
1249 188 1317 230 53.
1451 179 1545 226 267

115 285 332 340 γενομένην
355 283 606 341 ειῖεργεσιάν,
635 288 706 327 καί
732 283 798 327 ὅτι
827 284 997 334 ου’ὃενὸς
1025 287 1108 327 τῶν
1137 285 1266 339 αὕτῆς
1298 281 1344 325 τὸ
1376 280 1551 324 σύνολον

114 350 307 405 ἐφείσατο
341 348 447 392 dna*
475 349 549 404 την
579 353 784 405 σωτηρίαν
812 350 886 405 τήν
914 349 1072 400 πόλεως
1094 346 1413 405 προετιμήσατο,
1442 347 1548 399 ὑπὲρ

112 415 183 469 τῆς
219 414 407 469 τοιαύτης
443 417 776 467 μισθαποδοσίας
818 415 894 457 δύο
933 418 1116 470 χαλκοῦς
1157 414 1407 469 ἀνδριάντας
1448 410 1549 466 πρὸς

112 479 236 533 τιμὴν.
260 480 392 534 αὕτῆς
420 484 465 524 ἐν
495 484 546 538 τῇ
577 484 750 539 πλατείᾳ
773 483 847 535 τῆς
877 479 1035 530 πόλεως
1061 479 1295 536 οἷνὴγειραν,
1322 481 1550 531 νεαζουσαν

79 545 247 599 δαΰτὴν
271 547 323 603 τῇ
342 544 479 603 ἡλικίᾳ
505 546 770 602 δεικνύοντες,
798 549 894 588 καθ’
925 545 972 588 ὃν
1000 545 1143 600 καιρὸν
1170 542 1220 600 ἦν
1244 546 1336 587 τότε
1369 543 1551 597 συμβαί-

111 625 256 661 νουσα,
289 612 334 653 ἐν
358 611 519 662 τούτοις
545 611 797 660 δεικνύοντες
829 614 902 653 καί
936 610 1008 666 τὴν
1037 614 1170 666 αὐτῆς
1202 606 1363 666 ἄφατον
1387 611 1552 663 εὐεργε-

112 678 209 719 σιάν
247 678 320 719 καί
352 677 526 733 στοργὴν
567 680 665 733 περὶ
702 676 800 726 τούς
831 679 1023 731 πολίτας,
1056 675 1118 719 ὅτι
1145 676 1217 718 καί
1244 678 1287 718 ἐν
1316 676 1452 733 ἡλικία
1479 676 1553 716 νέα

113 738 223 786 οὖσα
251 740 383 793 οὕτως
414 744 619 800 ἐφρόνησε
644 743 718 797 τὴν
746 745 858 786 ι’διάν
899 746 1083 798 πατρίδα
1111 741 1214 796 μετὰ
1244 740 1345 784 θεὸν
1375 741 1555 794 περισῶ-

113 825 202 851 σαι.
259 811 307 852 ἐν
331 811 410 862 μὲν
433 809 514 864 γὰρ
544 812 595 866 τῇ
621 812 698 866 μιᾷ
727 810 857 867 στήλῃ
884 807 1113 864 σωφρόνως
1141 807 1274 863 αὐτὴν
1303 811 1554 848 κεκαλλωπι-

59 875 268 930 1οσμὲνην
303 875 550 930 στήσαντες,
590 875 662 918 καί
690 876 742 918 τὰ
770 876 845 930 τῆς
882 877 1105 929 ἐπιβουλῆς
1129 876 1202 916 τοῦ
1227 875 1377 915 οἰκείου
1403 869 1556 925 ἀνδρὸς

113 945 202 989 ’τοῖς
227 942 414 991 πολίταις
439 944 752 998 ἐμφαίνουσαν,
775 944 820 984 ἐν
862 943 908 983 δὲ
940 943 990 997 τῇ
1031 938 1152 997 ἑτέρα
1175 938 1396 993 ἐναγώνιον
1422 936 1556 991 αὐτὴν

113 1007 189 1047 καί
220 1007 537 1062 ἕπαμυνομένην
573 1006 681 1049 κατὰ
717 1009 798 1050 τῶν
837 1008 906 1062 τῆς
935 1006 1092 1055 πόλεως
1130 1006 1362 1058 ἐπιβούλων
1387 1002 1556 1043 ἀποδει-

113 1072 324 1121 κνύοντες·
382 1074 426 1115 ἑν
455 1068 516 1122 οἷς
546 1076 619 1116 καί
646 1076 888 1129 ἐπέγραψαν
916 1075 960 1115 ἑν
986 1076 1033 1128 τῇ
1061 1075 1131 1113 τοῦ
1160 1067 1403 1125 ἀνδριάντος
1429 1065 1558 1121 αὐτῆς

113 1137 236 1191 βάσει
261 1134 431 1180 ἅπασαν
458 1138 532 1195 τὴν
559 1140 630 1181 ὑπ’
659 1139 792 1193 αὐτῆς
817 1137 921 1191 μετὰ
957 1137 1060 1180 θεὸν
1086 1137 1306 1192 γενομένην
1331 1140 1414 1183 τοῖς
1443 1133 1558 1174 πολί-

60 1209 102 1244 15
115 1219 207 1253 ταις
231 1204 484 1258 εὐεργεσίαν.
551 1204 668 1260 εἴπερ
695 1207 839 1258 μέλλει
866 1220 928 1253 τις
970 1199 1077 1245 εἶναι
1118 1200 1350 1258 φιλόκαλος,
1377 1201 1450 1254 τῆς
1478 1198 1557 1240 αὐ-

111 1271 184 1324 τῆς
210 1273 400 1324 συνεχῶς
427 1269 533 1313 κατὰ
561 1270 708 1324 καιρόν
734 1271 808 1325 την
833 1271 955 1323 βάσιν
985 1266 1221 1322 ἀποσμήχει
1247 1269 1352 1322 πρὸς
1379 1265 1452 1321 τήν
1477 1266 1558 1307 τῶν

112 1336 156 1375 ἐν
183 1335 296 1392 αὐτῇ
319 1338 548 1390 γενομένων
576 1335 809 1391 ἄνᾰγνωσίν
834 1351 878 1378 τε
908 1334 980 1376 καί
1004 1334 1236 1388 ὑπόμνησιν
1263 1335 1344 1374 τιὸν
1373 1331 1444 1373 ὑπ’
1473 1332 1556 1373 αυ’-

111 1402 183 1454 τῆς
209 1403 453 1455 γενομένων,
482 1400 648 1456 ἔλεγχον
675 1403 721 1443 δὲ
751 1403 835 1443 τῶν
862 1399 1098 1454 ἐπιβούλων
1127 1400 1443 1452 Βοσποριανῶν.

221 1465 347 1509 Μετὰ
386 1469 433 1509 δὲ
466 1468 640 1523 χρόνους
679 1466 795 1517 τινας
823 1467 1236 1522 στεφανηφοροῦντος
1263 1467 1337 1506 καί
1367 1463 1553 1518 πρωτεύ-

55 1536 102 1573 20
114 1545 227 1581 οντος
253 1534 334 1574 τῶν
346 1534 626 1587 Χερσωνιτῶν
641 1535 932 1588 Στρατοφίλου
951 1534 1027 1574 τοῦ
1044 1529 1325 1586 Φιλομούσου,
1349 1528 1459 1571 πάνυ
1484 1546 1553 1571 σο-

111 1596 284 1652 φωτάτη
311 1593 419 1640 οὖσα
461 1599 487 1654 ἦ
517 1602 558 1642 Γ
556 1600 653 1641 υκία
682 1598 755 1641 καί
786 1601 972 1640 θέλουσα
1001 1595 1225 1650 δοκιμάσαι
1251 1595 1350 1645 τούς
1378 1598 1554 1649 Χερσω-

109 1662 224 1712 m'tag
250 1666 323 1705 καί
346 1667 499 1718 γνῶναι
527 1667 568 1708 εἰ
581 1661 666 1720 ἄρα
693 1666 860 1720 ἀληθῶς
883 1667 1068 1718 μέλλωσι
1086 1661 1162 1718 τήν
1187 1665 1263 1704 τοῦ
1290 1659 1419 1718 ὅρκου
1449 1659 1671 1702 ὑπό-Ρ156

109 1743 256 1781 σχεσιν
285 1725 519 1784 ἐκπληροῦν
562 1733 634 1773 καί
667 1731 844 1773 θάπτειν
884 1728 1019 1784 αὐτὴν
1048 1731 1093 1771 ἐν
1121 1731 1235 1786 μέσῳ
1263 1729 1338 1783 τῆς
1365 1727 1551 1782 πόλεως,

108 1797 436 1851 συλλογισαμένη
475 1795 578 1850 μετὰ
619 1799 701 1839 ταῖν
738 1798 968 1838 παιδίσκων
1006 1795 1136 1851 αὐτῆς
1177 1795 1370 1850 ἐποίησεν
1397 1791 1552 1847 ἑαυτήν

205 1895 247 1929 17
270 1899 544 1943 γεγραμμένων
557 1897 572 1930 ?

109 1993 222 2025 lutem
245 1991 342 2025 urbis
370 1993 542 2037 potiorem
568 1992 753 2034 habuerat,
778 1995 867 2038 grati
892 1995 1000 2028 animi
1020 2005 1100 2038 ergo
1129 1993 1215 2026 duas
1241 2003 1285 2026 ex
1310 2002 1391 2024 aere
1415 1995 1550 2025 statuas

107 2039 147 2071 in
170 2038 342 2072 honorem
366 2041 439 2073 eius
467 2041 503 2073 in
528 2041 648 2086 platea
669 2041 766 2075 urbis
786 2048 993 2086 posuerunt,
1016 2041 1236 2075 iuvenculam
1261 2044 1378 2072 aetate
1404 2049 1550 2083 reprae-

107 2090 288 2126 sentantes
316 2098 392 2119 cum
417 2086 504 2120 haec
519 2088 730 2129 acciderent,
755 2088 1058 2134 ostendentesque
1085 2087 1151 2120 hac
1168 2099 1204 2120 re
1229 2086 1445 2119 ineffabilem
1471 2085 1548 2118 eius

106 2131 382 2166 beneficentiam
409 2145 634 2180 amoremque
673 2146 752 2179 erga
779 2136 884 2176 cives,
910 2146 1000 2180 quae
1031 2136 1069 2168 in
1100 2135 1247 2167 iuvenili
1272 2138 1389 2166 aetate
1414 2132 1548 2164 consti-

107 2184 185 2212 tuta
210 2180 260 2212 ita
285 2179 439 2224 prudens
468 2181 576 2215 fuerit
601 2187 640 2215 ut
667 2183 815 2227 patriam
839 2194 936 2214 suam
963 2188 1045 2226 post
1071 2181 1175 2214 deum
1201 2179 1471 2214 conservaverit.
1506 2190 1548 2211 ac

106 2226 145 2258 in
171 2237 241 2259 una
267 2227 410 2272 quidem
435 2229 662 2273 compositam
689 2241 764 2262 eam
790 2235 1020 2274 ornatamque
1047 2229 1256 2261 effinxerunt
1286 2232 1322 2260 et
1347 2227 1464 2259 mariti
1489 2226 1547 2258 in-

107 2271 216 2305 sidias
241 2273 376 2307 civibus
407 2276 702 2319 patefacientem3
731 2278 768 2309 in
794 2277 904 2309 altera
928 2288 1010 2308 vero
1035 2276 1202 2308 certantis
1227 2274 1354 2307 habitu
1379 2272 1547 2307 insidias-

108 2330 178 2363 que
212 2319 378 2354 adversus
409 2322 502 2355 cives
537 2323 751 2356 vindicantis
790 2335 864 2355 eam
902 2327 1230 2368 repraesentarunt:
1262 2323 1299 2355 in
1325 2321 1402 2353 basi
1426 2326 1545 2353 autem

106 2371 218 2398 totam
245 2366 410 2400 beneficii
436 2369 479 2401 ab
506 2380 546 2401 ea
571 2370 707 2403 civibus
733 2377 814 2415 post
836 2370 940 2402 deum
968 2369 1129 2414 praestiti
1147 2369 1329 2402 historiam
1353 2367 1545 2412 inscripse-

106 2417 200 2446 runt.
249 2419 286 2447 et
309 2414 337 2446 si
361 2415 438 2459 quis
465 2415 605 2450 honesti
629 2418 804 2450 amantior
842 2416 965 2449 haberi
991 2418 1101 2461 cupit,
1126 2415 1229 2449 basin
1255 2416 1353 2448 illam
1378 2413 1545 2460 quando-

105 2470 176 2504 que
199 2465 347 2504 purgat,
374 2467 413 2495 ut
438 2462 508 2506 legi
533 2463 667 2508 possit,
705 2463 750 2496 ad
777 2463 1016 2497 renovandam
1056 2463 1107 2496 rei
1133 2469 1254 2508 gestae
1279 2463 1483 2496 memoriam
1509 2467 1546 2495 et

106 2505 343 2540 ostendendas
369 2508 664 2553 Bosporianorum
691 2510 850 2543 insidias.

197 2553 348 2598 Aliquot
366 2566 449 2588 vero
474 2557 575 2589 annis
607 2563 708 2602 post,
747 2557 985 2602 principatum
1010 2556 1296 2589 Chersonitarum
1334 2560 1481 2588 tenente
1506 2566 1546 2587 ae

104 2605 321 2643 proteuonte
360 2601 580 2647 stratophilo
618 2603 811 2637 Philomusi
851 2604 946 2643 filio,
977 2615 1053 2636 cum
1090 2603 1362 2648 prudentissima
1399 2602 1545 2635 omnino

107 2646 216 2689 Gycia
243 2653 336 2680 esset
361 2653 397 2681 et
422 2650 575 2694 experiri
600 2651 825 2684 Chersonitas
849 2651 982 2691 vellet,
1003 2661 1044 2683 ac
1069 2650 1158 2684 scire
1183 2662 1228 2683 an
1256 2649 1354 2696 quod
1380 2660 1459 2682 cum
1485 2649 1543 2681 iu-

107 2698 264 2726 ramento
302 2696 539 2738 promiserant
575 2696 702 2730 facturi
743 2698 927 2744 ipsamque
954 2698 993 2731 in
1025 2697 1143 2731 medio
1169 2697 1264 2730 urbis
1290 2695 1465 2742 sepulturi
1490 2707 1545 2728 es-

106 2746 196 2781 seut,
219 2743 476 2776 communicato
504 2755 582 2777 cum
607 2744 736 2789 puellis
775 2745 847 2778 suis
873 2744 1035 2788 consilio,
1056 2745 1169 2780 veluti
1194 2744 1339 2778 tristitia
1369 2755 1411 2777 ex
1436 2742 1540 2776 rebus
